price,volume,timestamp
2375.5,1,08:40:00.156700991
2375.5,1,08:40:00.156931434
2375.6,3,08:40:00.296853240
2375.6,1,08:40:00.459758605
2375.7,1,08:40:00.715797333
2375.4,2,08:40:00.866974014
2375.5,1,08:40:00.880062793
2375.3,1,08:40:00.972286519
2375.3,1,08:40:00.972530312
2375.5,2,08:40:01.139556417
2375.4,1,08:40:01.190462077
2375.4,2,08:40:01.190915152
2375.4,1,08:40:01.200102246
2375.4,1,08:40:01.214422669
2375.3,1,08:40:01.215102942
2375.6,1,08:40:01.984746381
2375.8,2,08:40:02.197411512
2375.7,2,08:40:02.197411512
2375.7,1,08:40:02.507438060
2375.6,1,08:40:02.588336612
2375.5,1,08:40:02.624264144
2375.4,1,08:40:02.902583011
2375.4,1,08:40:03.091363537
2375.4,1,08:40:03.396104902
2375.5,2,08:40:03.567369306
2375.5,2,08:40:03.568510346
2375.5,1,08:40:03.568539284
2375.5,1,08:40:03.569028900
2375.6,2,08:40:04.137965795
2375.7,1,08:40:04.476694226
2375.6,2,08:40:04.476768529
2375.6,1,08:40:04.524093256
2375.6,1,08:40:04.537786697
2375.5,1,08:40:04.688403713
2375.5,1,08:40:05.346946094
2375.5,1,08:40:05.506489706
2375.4,1,08:40:05.544979107
2375.4,8,08:40:05.545013712
2375.4,1,08:40:05.545057956
2375.4,7,08:40:05.545103880
2375.3,2,08:40:05.546137476
2375.0,1,08:40:05.561968176
2375.0,1,08:40:05.570889025
2375.0,1,08:40:05.570960735
2375.1,2,08:40:05.571986820
2375.2,1,08:40:05.572919875
2375.1,2,08:40:05.576533502
2375.0,1,08:40:05.581226944
2375.0,1,08:40:05.581290489
2375.0,1,08:40:05.582884291
2374.9,1,08:40:05.597997834
2375.0,1,08:40:05.648204575
2375.0,1,08:40:05.663319472
2375.0,1,08:40:05.663761564
2375.0,1,08:40:05.675023804
2375.1,3,08:40:05.675023804
2375.0,3,08:40:05.734579693
2375.0,1,08:40:05.736064837
2375.0,1,08:40:05.736647118
2374.9,1,08:40:05.738618854
2374.9,1,08:40:05.738701688
2374.8,1,08:40:05.954663473
2374.8,1,08:40:06.125240112
2375.0,1,08:40:06.428856213
2375.1,1,08:40:06.497966429
2374.9,1,08:40:06.613089561
2374.9,3,08:40:06.613485046
2374.8,1,08:40:06.856873956
2374.7,1,08:40:07.011500201
2374.8,1,08:40:07.142338622
2374.8,1,08:40:07.143039078
2374.7,1,08:40:07.514481241
2374.6,1,08:40:07.795004071
2374.6,1,08:40:07.795597431
2374.5,1,08:40:07.826850583
2374.4,1,08:40:08.011350081
2374.5,1,08:40:08.405296014
2374.4,2,08:40:08.468756661
2374.5,2,08:40:08.468756661
2374.6,1,08:40:08.790723626
2374.6,1,08:40:08.790793718
2374.8,1,08:40:08.860565941
2374.7,1,08:40:08.864876953
2374.7,1,08:40:08.865789016
2374.6,1,08:40:08.932525155
2374.7,1,08:40:08.962798687
2374.4,2,08:40:09.629732820
2374.5,1,08:40:09.662714199
2374.5,1,08:40:10.011495465
2374.6,1,08:40:10.011495465
2374.5,3,08:40:11.139352295
2374.6,1,08:40:11.570408350
2374.7,1,08:40:11.570563742
2374.8,1,08:40:11.589358959
2375.0,1,08:40:11.697089071
2375.0,1,08:40:11.699790728
2375.1,1,08:40:11.891308452
2375.0,1,08:40:12.064781456
2374.9,1,08:40:12.066229213
2374.9,1,08:40:12.066522438
2374.8,1,08:40:12.188586019
2374.8,1,08:40:12.188882249
2374.8,1,08:40:12.189340761
2374.8,1,08:40:12.344589606
2375.0,3,08:40:12.565916141
2374.8,2,08:40:12.565916141
2374.9,5,08:40:12.565916141
2374.7,1,08:40:12.720600424
2374.9,2,08:40:12.803819369
2374.9,1,08:40:12.852052020
2374.8,2,08:40:13.001042610
2374.6,1,08:40:13.236615336
2374.5,1,08:40:13.238541337
2374.6,2,08:40:13.267489864
2374.5,1,08:40:13.600299057
2374.5,1,08:40:13.691150593
2374.4,1,08:40:13.791841802
2374.4,1,08:40:13.792064372
2374.4,1,08:40:13.792096501
2374.5,1,08:40:13.931599989
2374.5,1,08:40:14.241044157
2374.5,1,08:40:14.258281843
2374.6,1,08:40:14.489033303
2374.8,1,08:40:14.902371702
2374.8,1,08:40:15.036418998
2374.9,1,08:40:15.045732776
2375.0,1,08:40:15.312893336
2375.1,1,08:40:15.604738623
2375.2,1,08:40:15.604935532
2375.2,3,08:40:15.605026353
2375.2,1,08:40:15.633471541
2375.3,4,08:40:15.665223820
2375.3,1,08:40:15.667009481
2375.5,1,08:40:15.892091739
2375.5,1,08:40:15.893322907
2375.5,1,08:40:16.136037578
2375.4,1,08:40:16.137002688
2375.4,1,08:40:16.137107750
2375.4,1,08:40:16.137672670
2375.4,1,08:40:16.138697251
2375.4,1,08:40:16.142682867
2375.5,3,08:40:17.398973529
2375.5,1,08:40:17.399544141
2375.5,1,08:40:17.495066951
2375.6,1,08:40:17.639458313
2375.5,1,08:40:17.734048450
2375.5,1,08:40:17.734344283
2375.5,1,08:40:17.779526535
2375.6,2,08:40:19.113435697
2375.6,1,08:40:19.113845097
2375.5,1,08:40:19.156697315
2375.8,2,08:40:19.463820431
2375.8,1,08:40:19.464640113
2375.7,1,08:40:19.506989327
2375.3,2,08:40:19.750724914
2375.3,2,08:40:19.889710102
2375.2,1,08:40:20.196757258
2375.5,1,08:40:21.732910661
2375.5,1,08:40:21.734295621
2375.5,1,08:40:21.783234090
2375.5,2,08:40:22.256908551
2375.6,2,08:40:22.256908551
2375.5,2,08:40:22.296956492
2375.6,1,08:40:22.296956492
2375.6,1,08:40:22.297921340
2375.7,1,08:40:22.493937058
2375.5,3,08:40:22.508340961
2375.6,2,08:40:22.508340961
2375.5,1,08:40:22.590912373
2375.4,1,08:40:22.756767458
2375.5,1,08:40:23.474060849
2375.6,1,08:40:23.532466999
2375.5,1,08:40:23.552401920
2375.6,1,08:40:24.093869175
2375.5,3,08:40:24.279100298
2375.5,1,08:40:24.754127409
2375.6,1,08:40:24.867999343
2375.6,1,08:40:25.219554963
2375.5,3,08:40:25.224581118
2375.6,3,08:40:25.242030401
2375.6,3,08:40:25.565923855
2375.5,2,08:40:25.565923855
2375.7,3,08:40:25.656969623
2375.7,1,08:40:25.657471486
2375.7,1,08:40:25.657517887
2375.8,1,08:40:25.875288791
2375.9,3,08:40:25.888037700
2375.8,1,08:40:25.912923648
2375.8,1,08:40:26.407901250
2375.8,1,08:40:26.420564158
2375.7,1,08:40:26.504762533
2375.7,3,08:40:26.589223092
2375.6,2,08:40:26.687428727
2375.6,1,08:40:27.497768716
2375.6,1,08:40:27.498324603
2375.8,1,08:40:27.693038896
2375.8,1,08:40:27.700072933
2375.8,2,08:40:28.559995155
2375.6,3,08:40:28.643930733
2375.6,2,08:40:28.643976024
2375.6,3,08:40:28.644542659
2375.6,7,08:40:28.644676511
2375.6,6,08:40:28.644676511
2375.6,4,08:40:28.644701145
2375.5,2,08:40:28.646146406
2375.6,1,08:40:28.646289935
2375.5,1,08:40:28.663836030
2375.5,1,08:40:28.941141495
2375.5,2,08:40:28.941370607
2375.5,1,08:40:29.504121969
2375.5,2,08:40:29.504702902
2375.5,2,08:40:29.504866560
2375.4,1,08:40:29.505009292
2375.4,1,08:40:29.505120706
2375.4,1,08:40:29.505199005
2375.4,1,08:40:29.505508163
2375.4,1,08:40:29.506804199
2375.5,1,08:40:29.549862111
2375.6,1,08:40:29.735517165
2375.5,3,08:40:29.961669407
2375.7,1,08:40:30.532038305
2375.7,1,08:40:30.532542219
2375.7,1,08:40:30.903467093
2375.6,1,08:40:30.918709217
2375.6,5,08:40:31.308404857
2375.7,1,08:40:31.310049092
2375.8,1,08:40:31.611981040
2375.9,5,08:40:31.699777719
2375.8,5,08:40:31.699777719
2375.9,1,08:40:31.781425389
2375.9,1,08:40:31.896807034
2375.8,3,08:40:32.319718319
2375.7,2,08:40:32.476868831
2375.6,1,08:40:33.024985509
2375.6,1,08:40:33.025168476
2375.6,1,08:40:33.806325811
2375.8,1,08:40:34.158884729
2375.8,1,08:40:34.158919747
2375.8,1,08:40:34.159569421
2375.7,1,08:40:34.175316257
2375.7,1,08:40:34.319104481
2375.5,1,08:40:34.405637853
2375.6,1,08:40:34.634811508
2375.7,1,08:40:34.905808430
2375.7,2,08:40:35.619362347
2375.6,1,08:40:35.630935649
2375.6,1,08:40:35.631330217
2375.5,1,08:40:36.036964751
2375.4,1,08:40:36.405307843
2375.3,1,08:40:37.019516289
2375.2,1,08:40:37.035865236
2375.1,5,08:40:37.158041173
2375.1,1,08:40:37.159713015
2375.1,1,08:40:37.160601430
2375.1,1,08:40:37.161579219
2375.0,5,08:40:37.169033594
2374.9,3,08:40:37.170562737
2374.8,2,08:40:37.170572450
2374.8,1,08:40:37.170584313
2374.8,1,08:40:37.203102610
2374.9,2,08:40:37.209571823
2374.8,1,08:40:37.211546608
2374.9,1,08:40:37.225443464
2374.8,2,08:40:37.268070629
2374.7,1,08:40:37.318826990
2374.8,1,08:40:37.822391854
2374.8,1,08:40:37.823097162
2374.8,1,08:40:37.823493067
2374.8,1,08:40:37.824224337
2374.8,1,08:40:38.214521218
2374.8,1,08:40:38.234771940
2374.7,1,08:40:38.315121356
2374.7,1,08:40:38.315348286
2374.7,1,08:40:38.416981437
2374.8,1,08:40:38.465263957
2374.8,1,08:40:38.465941635
2374.6,1,08:40:38.496348831
2374.6,1,08:40:38.599926918
2374.6,1,08:40:38.601229270
2374.5,1,08:40:39.247403720
2374.5,1,08:40:39.313550494
2374.5,2,08:40:39.516300828
2374.5,1,08:40:39.758967620
2374.6,1,08:40:39.759299502
2374.6,1,08:40:39.759849999
2374.6,1,08:40:40.625951532
2374.3,1,08:40:40.792584766
2374.2,1,08:40:40.802703299
2374.1,9,08:40:40.856067461
2374.1,1,08:40:40.906322418
2374.0,2,08:40:40.997188939
2374.0,1,08:40:40.997748490
2374.1,1,08:40:41.125222616
2374.1,1,08:40:41.126416417
2374.1,1,08:40:41.227738394
2374.0,2,08:40:41.285009463
2373.8,5,08:40:41.489271606
2373.8,1,08:40:41.490313525
2373.7,3,08:40:41.727607517
2373.7,1,08:40:41.728080868
2373.8,1,08:40:41.731110084
2373.7,2,08:40:41.759616426
2373.5,5,08:40:41.986562609
2373.4,5,08:40:41.986562609
2373.2,2,08:40:41.986584674
2373.1,2,08:40:41.986584674
2373.4,2,08:40:41.986584674
2373.2,1,08:40:41.986584674
2373.1,1,08:40:41.986584674
2373.2,6,08:40:41.986584674
2373.3,3,08:40:41.986584674
2373.3,7,08:40:41.986584674
2373.4,1,08:40:41.989764767
2373.4,1,08:40:41.990993560
2373.4,1,08:40:41.991110865
2373.4,1,08:40:41.993824024
2373.5,1,08:40:41.994300405
2373.5,1,08:40:41.994491349
2373.5,1,08:40:41.994739825
2373.6,4,08:40:42.043917297
2373.6,2,08:40:42.074419555
2373.7,1,08:40:42.421427270
2373.6,1,08:40:42.505643105
2373.8,1,08:40:42.956774843
2373.7,1,08:40:42.961852593
2373.7,1,08:40:43.119287227
2373.8,2,08:40:43.272506580
2373.8,1,08:40:43.532291322
2373.8,1,08:40:43.693164093
2373.7,1,08:40:43.695010614
2373.7,1,08:40:44.031252074
2373.6,1,08:40:44.329119464
2373.5,1,08:40:45.071537917
2373.4,3,08:40:45.071537917
2373.5,1,08:40:45.072721806
2373.5,1,08:40:45.074975544
2373.6,1,08:40:45.382377593
2373.5,3,08:40:46.108902685
2373.7,1,08:40:46.347955745
2373.5,1,08:40:46.506472682
2373.5,1,08:40:46.507136843
2373.4,1,08:40:47.418810700
2373.4,2,08:40:47.419045563
2373.4,1,08:40:47.693975914
2373.5,2,08:40:47.716121139
2373.4,1,08:40:47.716653068
2373.4,1,08:40:47.890518042
2373.3,1,08:40:48.015129496
2373.1,3,08:40:48.300669006
2373.1,1,08:40:48.300692814
2373.1,2,08:40:48.300868037
2373.1,1,08:40:48.300956112
2373.1,3,08:40:48.377994163
2373.1,3,08:40:48.378196785
2373.1,1,08:40:48.845289697
2373.1,1,08:40:48.845887376
2372.9,5,08:40:48.877803082
2373.0,5,08:40:48.877803082
2373.1,1,08:40:48.935912435
2373.0,1,08:40:49.025831722
2373.0,4,08:40:49.481225549
2373.0,2,08:40:49.879219540
2372.8,6,08:40:49.895082615
2372.9,4,08:40:49.895082615
2373.1,1,08:40:50.821103753
2373.0,2,08:40:50.945412419
2372.9,1,08:40:51.123855824
2372.8,3,08:40:51.193533725
2372.8,1,08:40:51.193757170
2372.9,1,08:40:51.580666327
2372.9,3,08:40:51.581336981
2372.8,1,08:40:51.770944067
2372.8,1,08:40:51.771497226
2372.8,1,08:40:51.771933889
2372.8,1,08:40:51.772152853
2373.0,1,08:40:52.425805576
2373.0,1,08:40:52.449831694
2373.0,1,08:40:52.450061840
2373.1,1,08:40:52.766328229
2373.0,1,08:40:53.870470630
2373.1,1,08:40:54.134847531
2373.1,2,08:40:54.575971534
2372.9,1,08:40:55.045454803
2372.8,2,08:40:55.053364796
2372.7,1,08:40:55.083861101
2372.7,2,08:40:55.084043687
2372.7,1,08:40:55.084087265
2372.7,1,08:40:55.084119950
2372.7,2,08:40:55.084206813
2372.6,3,08:40:55.261590900
2372.5,3,08:40:55.261604267
2372.5,2,08:40:55.319789796
2372.5,1,08:40:55.330248522
2372.6,2,08:40:55.424652708
2372.7,1,08:40:55.473168628
2372.7,1,08:40:55.473580719
2372.6,1,08:40:55.544919574
2372.5,5,08:40:55.607218563
2372.3,2,08:40:55.607218563
2372.6,3,08:40:55.607218563
2372.4,6,08:40:55.607218563
2372.6,1,08:40:55.610201007
2372.6,1,08:40:55.610334677
2372.7,3,08:40:55.654192269
2372.8,3,08:40:55.676356502
2372.8,1,08:40:55.677834514
2372.7,1,08:40:55.678663986
2372.7,1,08:40:55.825796970
2372.7,1,08:40:55.973558155
2372.8,1,08:40:56.325351408
2372.8,1,08:40:56.325538266
2372.9,3,08:40:56.528043877
2372.9,1,08:40:56.528092167
2372.9,2,08:40:56.529071675
2372.9,1,08:40:56.529970474
2373.0,1,08:40:56.543093257
2373.0,1,08:40:56.543490014
2373.0,2,08:40:56.804275731
2372.9,1,08:40:56.804275731
2373.1,1,08:40:57.248517400
2373.1,1,08:40:57.248880706
2373.2,1,08:40:57.317790843
2373.3,2,08:40:57.439256127
2373.3,1,08:40:57.439917801
2373.3,1,08:40:57.441256340
2373.2,1,08:40:57.465174372
2373.3,1,08:40:57.663763715
2373.4,1,08:40:57.665866395
2373.3,1,08:40:58.005664818
2373.3,1,08:40:58.013976778
2373.3,1,08:40:58.121358838
2373.4,1,08:40:58.127763166
2373.3,1,08:40:58.539229504
2373.5,1,08:40:58.609607540
2373.6,1,08:40:58.624721701
2373.6,1,08:40:58.625281338
2373.3,1,08:40:59.048247191
2373.5,1,08:40:59.192912333
2373.5,1,08:40:59.193799496
2373.6,1,08:40:59.324118838
2373.8,1,08:41:00.393997485
2373.9,1,08:41:00.478269981
2373.9,1,08:41:00.479184755
2373.9,1,08:41:00.479377786
2373.9,1,08:41:00.481777268
2373.9,1,08:41:00.804136053
2374.0,3,08:41:00.873108792
2374.2,6,08:41:01.057077885
2374.1,4,08:41:01.057077885
2374.2,1,08:41:01.110613943
2374.0,2,08:41:01.197771472
2374.0,2,08:41:01.329504717
2374.1,5,08:41:01.329504717
2374.1,1,08:41:01.331432794
2374.2,1,08:41:01.477734362
2374.2,1,08:41:01.490150763
2374.2,1,08:41:01.630417380
2374.3,4,08:41:01.694588256
2374.4,6,08:41:01.694588256
2374.2,1,08:41:01.696058542
2374.2,1,08:41:01.696680173
2374.1,3,08:41:01.697689256
2374.0,2,08:41:01.768600599
2374.0,1,08:41:01.769371494
2374.1,1,08:41:02.167825556
2374.0,1,08:41:02.190031809
2373.6,4,08:41:02.217583670
2373.9,5,08:41:02.217583670
2373.8,5,08:41:02.217583670
2373.7,6,08:41:02.217583670
2373.9,1,08:41:02.275778890
2373.9,4,08:41:02.799014683
2374.0,7,08:41:02.799014683
2374.0,1,08:41:02.799798981
2374.0,1,08:41:02.945138337
2373.9,1,08:41:03.072088655
2373.8,1,08:41:03.403718936
2373.5,1,08:41:03.957673346
2373.4,1,08:41:04.123457040
2373.2,1,08:41:04.984930042
2373.3,1,08:41:05.109981884
2373.2,1,08:41:05.557942218
2373.2,1,08:41:05.557985483
2373.3,1,08:41:05.968902328
2373.2,4,08:41:05.968902328
2373.2,1,08:41:05.970129564
2373.4,1,08:41:06.532389172
2373.5,1,08:41:06.890044205
2373.4,1,08:41:06.902640398
2373.3,2,08:41:06.902640398
2373.3,1,08:41:07.002524541
2373.3,1,08:41:07.002821712
2373.2,1,08:41:07.409663449
2373.2,1,08:41:07.464360600
2373.2,1,08:41:07.853101090
2373.3,1,08:41:07.910144556
2373.3,2,08:41:08.261148137
2373.2,1,08:41:08.360187147
2373.3,1,08:41:08.450964114
2373.4,1,08:41:08.891446002
2373.4,1,08:41:09.950301900
2373.3,1,08:41:09.953464482
2373.3,2,08:41:09.954200606
2373.4,1,08:41:10.077368874
2373.4,2,08:41:10.077580219
2373.4,1,08:41:10.077626812
2373.4,1,08:41:10.350979903
2373.4,1,08:41:10.351248996
2373.4,1,08:41:10.351440811
2373.6,1,08:41:10.667977866
2373.7,2,08:41:10.668678463
2373.7,1,08:41:10.668765689
2373.6,1,08:41:10.739287084
2373.6,2,08:41:10.739348298
2373.6,1,08:41:10.745694042
2373.5,1,08:41:10.916038077
2373.6,1,08:41:10.923303596
2373.5,1,08:41:11.019743272
2373.5,1,08:41:11.020070015
2373.4,1,08:41:11.149439933
2373.5,2,08:41:11.248109565
2373.4,3,08:41:11.249174428
2373.4,1,08:41:11.249675219
2373.4,1,08:41:11.250236344
2373.6,1,08:41:11.802319444
2373.5,1,08:41:11.841702952
2373.5,1,08:41:12.566775943
2373.7,2,08:41:12.939274828
2373.6,2,08:41:13.054374417
2373.8,1,08:41:13.082245684
2373.8,1,08:41:13.158219674
2373.8,3,08:41:13.472805655
2373.9,2,08:41:13.689742674
2373.8,1,08:41:13.725829415
2373.7,1,08:41:13.727747479
2373.6,1,08:41:13.749442358
2373.5,1,08:41:13.777479436
2373.4,1,08:41:13.812742342
2373.4,1,08:41:13.813245492
2373.5,2,08:41:13.814578619
2373.3,2,08:41:14.317374589
2373.2,3,08:41:14.577954396
2373.3,1,08:41:14.778479438
2373.3,1,08:41:14.778831228
2373.0,4,08:41:15.600899310
2373.3,1,08:41:15.600899310
2373.1,7,08:41:15.600899310
2373.2,5,08:41:15.600899310
2373.2,1,08:41:15.707082704
2373.1,2,08:41:15.926134545
2373.1,1,08:41:16.176283884
2373.2,2,08:41:16.226503137
2373.2,1,08:41:16.426457527
2373.2,1,08:41:16.609773626
2373.2,3,08:41:16.676522785
2373.2,1,08:41:16.927813180
2373.1,2,08:41:16.927813180
2373.3,1,08:41:17.383843834
2373.3,1,08:41:17.390924928
2373.3,1,08:41:17.392567105
2373.4,1,08:41:17.694528514
2373.5,1,08:41:17.699680580
2373.5,1,08:41:17.704341611
2373.5,1,08:41:17.724205657
2373.7,1,08:41:18.270505197
2373.8,1,08:41:19.480916467
2373.8,1,08:41:19.526470349
2373.9,1,08:41:19.698428284
2373.7,1,08:41:20.407309543
2373.6,2,08:41:20.619412233
2373.4,3,08:41:20.877755617
2373.5,2,08:41:20.877755617
2373.4,1,08:41:21.076552008
2373.5,1,08:41:21.277478763
2373.5,1,08:41:21.444856588
2373.4,1,08:41:21.446732063
2373.6,1,08:41:21.516140087
2373.5,1,08:41:21.525807383
2373.6,1,08:41:21.539723104
2373.7,1,08:41:22.428232415
2373.7,2,08:41:22.428303104
2373.7,1,08:41:22.429895745
2373.7,1,08:41:22.430780025
2373.8,1,08:41:22.738294203
2373.8,1,08:41:22.784466484
2373.7,1,08:41:23.324775731
2373.6,1,08:41:24.083612875
2373.7,1,08:41:24.241805195
2373.7,1,08:41:26.155412633
2373.8,1,08:41:26.228765380
2373.8,1,08:41:26.228799708
2373.7,1,08:41:26.729431541
2373.8,2,08:41:26.729431541
2373.8,1,08:41:27.824250569
2373.7,1,08:41:28.031127929
2373.7,2,08:41:29.623954150
2373.8,2,08:41:29.858034339
2373.6,1,08:41:30.148425102
2373.8,1,08:41:30.532172951
2373.8,2,08:41:30.595375998
2373.7,1,08:41:30.862173962
2373.6,2,08:41:31.067508160
2373.7,3,08:41:31.067508160
2373.6,1,08:41:31.068852421
2373.7,2,08:41:31.575650023
2373.6,1,08:41:31.791571711
2373.5,2,08:41:31.792793579
2373.5,1,08:41:31.895121564
2373.6,2,08:41:32.007268249
2373.5,1,08:41:32.126882679
2373.5,1,08:41:32.128732179
2373.7,1,08:41:32.250884397
2373.8,1,08:41:32.275736108
2373.8,1,08:41:32.303105528
2373.8,2,08:41:32.735310134
2373.7,1,08:41:33.122094514
2373.6,1,08:41:34.090744266
2373.7,1,08:41:34.529540883
2373.9,1,08:41:34.853271192
2373.9,2,08:41:34.853346154
2374.0,1,08:41:34.854182497
2373.7,1,08:41:34.961578770
2373.8,2,08:41:34.961578770
2373.9,1,08:41:34.962299607
2373.9,1,08:41:34.962746367
2373.9,1,08:41:34.962914016
2374.0,1,08:41:34.986102379
2374.0,2,08:41:34.986282875
2374.1,3,08:41:35.050871932
2374.2,1,08:41:35.179034276
2374.1,1,08:41:35.637136835
2374.0,2,08:41:36.005006709
2374.0,1,08:41:36.005039775
2373.9,1,08:41:36.059192565
2374.0,1,08:41:36.059638046
2373.7,1,08:41:36.378088828
2373.7,1,08:41:36.594389517
2373.7,1,08:41:36.594961772
2373.8,1,08:41:36.597454107
2373.9,1,08:41:36.695721363
2374.0,2,08:41:36.697313553
2373.8,1,08:41:36.845237008
2373.9,4,08:41:36.845237008
2374.0,1,08:41:36.846636973
2374.1,1,08:41:36.951018884
2374.2,1,08:41:36.962760065
2374.0,1,08:41:37.616475598
2374.0,1,08:41:37.942898001
2374.0,1,08:41:38.135797840
2374.0,1,08:41:38.352977804
2374.0,1,08:41:38.364671256
2374.2,2,08:41:39.460692029
2374.2,1,08:41:39.888936294
2374.3,1,08:41:40.185576113
2374.3,1,08:41:40.190511448
2374.4,2,08:41:40.576148821
2374.4,1,08:41:40.576198189
2374.4,11,08:41:40.576467192
2374.4,3,08:41:40.576861223
2374.4,2,08:41:40.576883492
2374.4,8,08:41:40.577021789
2374.4,1,08:41:40.577065441
2374.4,1,08:41:40.577508490
2374.4,2,08:41:40.577562005
2374.4,1,08:41:40.577603321
2374.4,2,08:41:40.577625955
2374.4,1,08:41:40.577871451
2374.4,17,08:41:40.578188007
2374.5,3,08:41:40.666506635
2374.5,1,08:41:40.688164498
2374.4,1,08:41:40.887303007
2374.4,1,08:41:41.036633090
2374.4,4,08:41:41.091274466
2374.5,6,08:41:41.091274466
2374.3,2,08:41:41.096827493
2374.3,1,08:41:41.520594079
2374.4,1,08:41:42.570947217
2374.6,1,08:41:42.646655696
2374.5,1,08:41:43.007743387
2374.4,1,08:41:43.008802592
2374.4,2,08:41:43.237712637
2374.3,3,08:41:43.276146147
2374.2,2,08:41:43.276146147
2374.3,1,08:41:43.338338042
2374.4,1,08:41:43.357070245
2374.4,2,08:41:43.404586794
2374.5,1,08:41:43.414115284
2374.3,3,08:41:43.490685752
2374.4,3,08:41:43.559937544
2374.3,2,08:41:43.840157121
2374.4,1,08:41:43.889581904
2374.4,1,08:41:44.088334459
2374.4,1,08:41:44.147716058
2374.3,1,08:41:45.931014797
2374.4,3,08:41:46.084326097
2374.3,1,08:41:46.085437302
2374.4,1,08:41:46.717787431
2374.5,2,08:41:47.871045424
2374.4,1,08:41:47.919102669
2374.3,1,08:41:48.148810341
2374.3,1,08:41:48.262635333
2374.2,1,08:41:48.450941043
2374.2,3,08:41:48.495103720
2374.2,1,08:41:48.495159270
2374.2,2,08:41:48.497662716
2374.2,1,08:41:48.497997759
2374.2,4,08:41:48.871668174
2374.2,1,08:41:48.871859304
2374.1,1,08:41:49.138200633
2374.2,2,08:41:49.626469386
2374.2,1,08:41:49.627159658
2374.2,1,08:41:50.041100973
2374.1,1,08:41:50.059068987
2374.1,2,08:41:50.671267616
2374.2,3,08:41:50.671267616
2374.3,2,08:41:51.074443556
2374.3,2,08:41:51.253525608
2374.3,2,08:41:51.467467742
2374.3,1,08:41:51.467552051
2374.5,1,08:41:51.863671482
2374.4,1,08:41:51.870183386
2374.6,3,08:41:52.473572412
2374.5,2,08:41:52.569910842
2374.5,1,08:41:52.835070899
2374.6,1,08:41:53.281290198
2374.7,1,08:41:53.557375688
2374.7,1,08:41:53.557407094
2374.8,1,08:41:53.606522952
2374.8,1,08:41:53.618230035
2374.9,5,08:41:53.766077983
2374.8,1,08:41:53.766077983
2375.0,4,08:41:53.766077983
2375.0,1,08:41:53.766091138
2375.0,1,08:41:53.981412101
2375.0,1,08:41:54.124412399
2374.9,1,08:41:54.814171389
2374.9,1,08:41:54.814689375
2375.0,1,08:41:55.007487089
2375.0,3,08:41:55.008007179
2375.1,2,08:41:55.803423097
2375.1,3,08:41:55.812390452
2375.1,1,08:41:55.863824003
2375.1,1,08:41:55.864055394
2375.3,1,08:41:56.012405585
2375.4,2,08:41:56.029816574
2375.4,2,08:41:56.035458512
2375.2,1,08:41:56.183394871
2375.3,1,08:41:56.192015662
2375.1,1,08:41:56.390112075
2375.2,4,08:41:56.390112075
2375.2,1,08:41:56.568972115
2375.3,1,08:41:56.858929012
2375.3,1,08:41:56.860822833
2375.4,1,08:41:56.895818599
2375.4,1,08:41:57.032794142
2375.4,1,08:41:57.059727322
2375.2,3,08:41:57.997929054
2375.1,1,08:41:57.998716654
2375.1,2,08:41:57.999262358
2375.1,1,08:41:57.999395439
2375.1,1,08:41:58.000491656
2375.1,1,08:41:58.009990991
2375.1,1,08:41:58.010109287
2375.1,1,08:41:58.234002067
2375.0,2,08:41:58.321016115
2375.0,3,08:41:58.572150788
2374.9,1,08:41:58.572150788
2375.0,3,08:41:58.821417050
2375.1,1,08:41:59.071154277
2375.2,1,08:42:00.039607559
2375.2,1,08:42:00.066646457
2375.2,1,08:42:00.066877383
2375.2,1,08:42:00.076366387
2375.1,4,08:42:00.076366387
2375.1,1,08:42:00.099973901
2375.2,3,08:42:00.736267311
2375.1,2,08:42:00.736267311
2375.2,1,08:42:01.683541405
2375.2,1,08:42:01.683736708
2375.2,2,08:42:01.843947524
2375.2,2,08:42:02.057908457
2375.3,1,08:42:02.057908457
2375.1,3,08:42:02.093409865
2374.9,5,08:42:02.110222218
2374.9,1,08:42:02.115759594
2375.0,4,08:42:02.179706519
2375.0,2,08:42:02.456760862
2374.9,1,08:42:02.487039600
2374.9,1,08:42:02.487831030
2374.8,1,08:42:02.488601551
2374.9,1,08:42:02.650609204
2375.1,7,08:42:02.727715268
2375.0,3,08:42:02.727715268
2375.1,1,08:42:03.115945152
2375.1,1,08:42:03.124698594
2375.2,1,08:42:03.131868298
2375.2,1,08:42:03.131897325
2375.2,1,08:42:03.131954377
2375.2,1,08:42:03.132475440
2375.1,1,08:42:03.314634545
2375.0,1,08:42:03.381943270
2375.0,1,08:42:03.659944843
2375.3,2,08:42:04.659937754
2375.2,1,08:42:04.764292611
2375.2,1,08:42:04.764543864
2375.2,1,08:42:04.765070963
2375.2,1,08:42:04.863693225
2375.3,1,08:42:05.285392276
2375.4,2,08:42:05.685268100
2375.7,1,08:42:06.048374880
2375.8,3,08:42:06.294561849
2375.8,2,08:42:06.294645211
2375.8,1,08:42:06.296451766
2375.7,1,08:42:06.740403619
2375.9,4,08:42:06.743156800
2375.8,1,08:42:06.990492321
2375.8,1,08:42:07.195128896
2376.0,1,08:42:07.971862209
2376.0,1,08:42:07.971871988
2376.0,1,08:42:07.971929906
2376.0,10,08:42:07.972006227
2376.0,1,08:42:07.973445021
2376.0,1,08:42:07.974232983
2375.9,1,08:42:07.994686251
2375.8,5,08:42:08.042498756
2375.9,7,08:42:08.232798290
2376.0,3,08:42:08.232798290
2376.0,4,08:42:08.466678401
2376.1,1,08:42:08.468856599
2375.9,1,08:42:08.511618398
2375.9,1,08:42:08.889276098
2376.1,3,08:42:08.907270490
2375.9,1,08:42:10.183585171
2375.8,1,08:42:11.750416872
2375.9,1,08:42:11.756437025
2375.8,1,08:42:11.762688364
2375.9,2,08:42:12.737858489
2375.9,1,08:42:13.233032030
2376.0,2,08:42:13.923402575
2376.0,1,08:42:13.924357835
2376.0,1,08:42:13.924547103
2376.0,1,08:42:13.924886841
2376.1,1,08:42:14.045987474
2376.1,1,08:42:14.046195469
2376.1,1,08:42:14.046385594
2376.1,9,08:42:14.067103565
2376.2,2,08:42:14.154784252
2376.3,1,08:42:14.154796911
2376.3,13,08:42:14.154915471
2376.5,15,08:42:14.154915471
2376.8,10,08:42:14.154915471
2376.9,7,08:42:14.154915471
2376.4,11,08:42:14.154915471
2376.6,11,08:42:14.154915471
2376.7,14,08:42:14.154915471
2376.9,1,08:42:14.154922600
2376.9,1,08:42:14.155798253
2376.4,2,08:42:14.158218619
2376.6,1,08:42:14.159191628
2376.4,1,08:42:14.160068151
2376.5,1,08:42:14.160068151
2376.5,1,08:42:14.162426951
2376.5,1,08:42:14.162823077
2376.5,1,08:42:14.163437316
2376.5,1,08:42:14.163475282
2376.4,1,08:42:14.163664707
2376.4,4,08:42:14.163803838
2376.5,1,08:42:14.164098556
2376.5,1,08:42:14.164165507
2376.5,2,08:42:14.165231394
2376.5,1,08:42:14.166420730
2376.4,2,08:42:14.166507523
2376.5,1,08:42:14.166660227
2376.5,1,08:42:14.167013187
2376.4,1,08:42:14.167284780
2376.5,1,08:42:14.167644960
2376.5,1,08:42:14.168273309
2376.5,1,08:42:14.168558895
2376.5,1,08:42:14.169540672
2376.5,1,08:42:14.169614718
2376.4,1,08:42:14.169878519
2376.4,1,08:42:14.170180502
2376.4,1,08:42:14.171411234
2376.5,1,08:42:14.171909635
2376.4,1,08:42:14.172057478
2376.4,2,08:42:14.172642024
2376.3,3,08:42:14.172642024
2376.5,1,08:42:14.172847935
2376.4,1,08:42:14.173381111
2376.4,1,08:42:14.174232661
2376.4,1,08:42:14.175446951
2376.4,1,08:42:14.176296092
2376.6,1,08:42:14.180452240
2376.5,2,08:42:14.180452240
2376.5,1,08:42:14.181664114
2376.4,1,08:42:14.182999280
2376.4,1,08:42:14.189427141
2376.5,1,08:42:14.212358576
2376.7,1,08:42:14.295811893
2376.6,1,08:42:14.296182499
2376.6,1,08:42:14.313235931
2376.5,1,08:42:14.391899742
2376.6,1,08:42:14.405937255
2376.6,1,08:42:14.406410512
2376.7,2,08:42:14.567597889
2376.8,1,08:42:14.574436431
2376.8,1,08:42:14.610662588
2376.9,1,08:42:14.653192574
2376.8,1,08:42:14.654618408
2376.8,1,08:42:14.654943403
2376.8,1,08:42:14.675925857
2376.7,1,08:42:14.940527510
2376.7,2,08:42:14.940888832
2376.8,2,08:42:15.047940975
2376.5,2,08:42:15.389500449
2376.5,1,08:42:15.410236008
2376.4,2,08:42:15.412585802
2376.4,1,08:42:15.423585254
2376.4,1,08:42:15.423650615
2376.4,1,08:42:15.424076566
2376.4,1,08:42:15.426661549
2376.4,2,08:42:15.451660782
2376.3,1,08:42:15.739864074
2376.3,1,08:42:15.740095711
2376.4,3,08:42:15.760512964
2376.4,1,08:42:15.765064369
2376.3,2,08:42:15.785162425
2376.3,1,08:42:15.858046554
2376.1,6,08:42:15.940515965
2376.2,4,08:42:15.940515965
2376.2,1,08:42:15.960983387
2376.2,1,08:42:15.961192500
2376.2,1,08:42:15.989934983
2376.3,1,08:42:16.263188306
2376.4,1,08:42:16.300831940
2376.3,2,08:42:16.527118699
2376.2,1,08:42:16.562175014
2376.2,1,08:42:16.991150632
2376.0,3,08:42:17.175812162
2376.2,1,08:42:17.175812162
2376.1,6,08:42:17.175812162
2376.1,1,08:42:17.196774545
2376.3,2,08:42:17.286344450
2376.3,2,08:42:17.317839596
2376.3,1,08:42:17.460462285
2376.5,1,08:42:17.746776534
2376.4,3,08:42:17.746776534
2376.3,1,08:42:17.915330106
2376.3,1,08:42:17.945702303
2376.3,2,08:42:18.740913166
2376.4,1,08:42:18.742420662
2376.5,1,08:42:18.743644543
2376.5,1,08:42:19.005332912
2376.5,1,08:42:19.005659770
2376.5,1,08:42:19.017924523
2376.6,3,08:42:19.052125387
2376.7,5,08:42:19.052125387
2376.7,2,08:42:19.054197538
2376.6,1,08:42:19.055678474
2376.6,1,08:42:19.055713418
2376.6,1,08:42:19.055756638
2376.6,2,08:42:19.056914454
2376.6,1,08:42:19.201773558
2376.5,1,08:42:19.222397918
2376.5,1,08:42:19.921449025
2376.5,3,08:42:19.921497714
2376.5,1,08:42:19.943760420
2376.5,1,08:42:19.995097583
2376.5,5,08:42:20.110164657
2376.7,1,08:42:20.181341965
2376.7,4,08:42:20.466877535
2376.6,1,08:42:20.467969865
2376.6,1,08:42:20.579640135
2376.4,1,08:42:20.620865061
2376.6,1,08:42:21.146392611
2376.5,1,08:42:21.149033589
2376.6,2,08:42:21.151273372
2376.5,6,08:42:21.325110196
2376.4,3,08:42:21.325110196
2376.6,1,08:42:21.325110196
2376.5,1,08:42:21.328073325
2376.5,1,08:42:21.740928152
2376.5,1,08:42:21.978001232
2376.4,4,08:42:22.085585859
2376.4,1,08:42:22.086442619
2376.4,5,08:42:22.086826646
2376.5,1,08:42:22.258097064
2376.5,1,08:42:22.258410370
2376.5,1,08:42:22.562645243
2376.3,1,08:42:23.184356290
2376.3,1,08:42:23.434632927
2376.2,3,08:42:23.480714296
2376.3,8,08:42:23.566357548
2376.2,2,08:42:23.566357548
2376.4,1,08:42:24.028398284
2376.2,1,08:42:24.699001902
2376.4,9,08:42:24.822102678
2376.4,1,08:42:24.822410822
2376.5,1,08:42:25.066831183
2376.5,1,08:42:25.091269901
2376.4,1,08:42:25.356518790
2376.4,1,08:42:25.559887043
2376.4,1,08:42:25.839038527
2376.6,5,08:42:26.138876651
2376.5,2,08:42:26.138876651
2376.7,3,08:42:26.138876651
2376.7,5,08:42:26.177232853
2376.7,1,08:42:26.177848134
2376.7,2,08:42:26.177927998
2376.6,1,08:42:26.200138223
2376.6,5,08:42:26.577027277
2376.7,1,08:42:26.861209102
2376.7,1,08:42:26.863042851
2376.7,1,08:42:26.891089569
2376.6,4,08:42:27.119454277
2376.7,1,08:42:27.126354462
2376.8,6,08:42:27.785689061
2376.7,4,08:42:27.785689061
2376.6,3,08:42:27.799502229
2376.7,1,08:42:27.859740391
2376.9,1,08:42:27.901714241
2376.8,1,08:42:27.951147224
2376.8,1,08:42:27.972814522
2376.8,1,08:42:28.195565747
2376.9,1,08:42:28.955862943
2377.0,5,08:42:29.288929471
2376.9,5,08:42:29.288929471
2377.0,1,08:42:29.303249485
2377.0,4,08:42:29.420189823
2377.0,1,08:42:29.421316934
2377.1,1,08:42:29.421511674
2377.0,1,08:42:29.546675018
2377.1,1,08:42:29.638641799
2377.2,2,08:42:29.814904098
2377.2,3,08:42:30.186482974
2377.2,1,08:42:30.187905592
2377.3,1,08:42:30.188358967
2377.3,1,08:42:30.188993457
2377.3,1,08:42:30.223239794
2377.3,2,08:42:30.295031612
2377.4,1,08:42:30.439358652
2377.4,2,08:42:30.439370691
2377.5,2,08:42:30.600964494
2377.5,1,08:42:30.600978894
2377.4,1,08:42:30.601475790
2377.2,10,08:42:30.708070705
2377.4,1,08:42:31.030133540
2377.4,1,08:42:31.074976558
2377.4,1,08:42:31.081117755
2377.6,7,08:42:31.202273743
2377.7,10,08:42:31.202273743
2377.8,4,08:42:31.202273743
2377.5,4,08:42:31.202273743
2377.8,1,08:42:31.202360756
2377.8,2,08:42:31.202368856
2377.6,1,08:42:31.203994124
2377.5,1,08:42:31.207060098
2377.5,1,08:42:31.207090320
2377.5,2,08:42:31.207121829
2377.6,1,08:42:31.207296703
2377.5,1,08:42:31.207334530
2377.5,1,08:42:31.207594837
2377.6,1,08:42:31.208818282
2377.7,1,08:42:31.334821097
2377.8,1,08:42:31.409660615
2377.8,1,08:42:31.643095893
2377.8,3,08:42:31.643495987
2377.8,1,08:42:31.645762513
2378.0,1,08:42:31.822117008
2378.0,4,08:42:31.822132836
2377.9,2,08:42:31.822793294
2378.0,1,08:42:32.339965047
2378.0,1,08:42:32.570413520
2377.9,1,08:42:32.570696592
2377.9,1,08:42:32.570771156
2377.8,3,08:42:32.571382013
2377.7,1,08:42:32.642139065
2377.7,2,08:42:32.809993904
2377.7,1,08:42:32.810517828
2377.8,5,08:42:32.814145932
2377.9,3,08:42:32.814145932
2377.7,2,08:42:32.814145932
2377.7,3,08:42:32.815289789
2377.6,5,08:42:32.817776528
2377.6,1,08:42:32.818680027
2377.6,1,08:42:32.819344215
2377.7,1,08:42:32.844324112
2377.7,1,08:42:32.899464294
2377.8,1,08:42:32.921000116
2377.8,1,08:42:32.922342099
2377.8,4,08:42:33.082415864
2377.7,6,08:42:33.082415864
2377.9,1,08:42:33.083769629
2378.0,8,08:42:33.335399751
2378.0,1,08:42:33.335738321
2378.0,3,08:42:33.335805801
2378.0,1,08:42:33.335870823
2378.0,2,08:42:33.335904203
2378.0,1,08:42:33.336832782
2378.1,1,08:42:33.337603223
2378.1,1,08:42:33.338213037
2378.1,1,08:42:33.338745352
2378.2,1,08:42:33.341327449
2378.3,2,08:42:33.341334230
2378.2,1,08:42:33.598943465
2378.1,2,08:42:33.671540819
2378.2,4,08:42:33.779124376
2378.3,4,08:42:33.940717770
2378.4,1,08:42:33.940717770
2378.5,3,08:42:33.940730826
2378.4,7,08:42:33.940730826
2378.3,1,08:42:33.941871397
2378.2,1,08:42:33.942964014
2378.2,2,08:42:33.943166220
2378.2,1,08:42:33.943263258
2378.2,2,08:42:33.943343987
2378.3,1,08:42:33.943741700
2378.1,1,08:42:34.030292179
2378.2,1,08:42:34.062314981
2378.2,2,08:42:34.062385756
2378.3,1,08:42:34.120000933
2378.1,1,08:42:34.336791089
2378.1,3,08:42:34.337092601
2378.2,6,08:42:34.352829967
2378.3,4,08:42:34.352829967
2378.2,3,08:42:34.359881441
2378.3,1,08:42:34.360005568
2378.2,2,08:42:34.482754785
2378.2,1,08:42:34.576310676
2378.4,2,08:42:34.690076297
2378.2,5,08:42:34.787330143
2378.3,5,08:42:34.787330143
2378.4,4,08:42:34.971732581
2378.5,1,08:42:34.971732581
2378.4,1,08:42:34.973056676
2378.4,3,08:42:34.973219324
2378.3,3,08:42:34.977378676
2378.4,2,08:42:35.060315835
2378.4,1,08:42:35.136575251
2378.4,2,08:42:35.137611362
2378.5,1,08:42:35.194424174
2378.4,1,08:42:35.195399211
2378.3,2,08:42:35.483017408
2378.2,3,08:42:35.679673131
2378.3,1,08:42:35.699092305
2378.5,2,08:42:35.802423537
2378.4,2,08:42:35.802423537
2378.5,3,08:42:35.863358352
2378.6,2,08:42:35.863358352
2378.4,1,08:42:35.864223538
2378.4,1,08:42:35.865330127
2378.3,2,08:42:35.882364251
2378.4,1,08:42:35.885464611
2378.4,1,08:42:35.958400300
2378.5,2,08:42:35.990080185
2378.4,1,08:42:35.990080185
2378.4,1,08:42:35.990912365
2378.4,1,08:42:35.991178211
2378.3,1,08:42:36.127026807
2378.2,1,08:42:36.170227258
2378.2,1,08:42:36.171134550
2378.4,1,08:42:36.519348247
2378.6,4,08:42:36.570157697
2378.5,1,08:42:36.570157697
2378.4,1,08:42:36.632614759
2378.4,2,08:42:36.633046330
2378.3,3,08:42:36.648056281
2378.2,5,08:42:36.648056281
2378.2,1,08:42:36.648949099
2378.2,1,08:42:36.649010223
2378.4,2,08:42:36.674772226
2378.2,3,08:42:37.202402452
2378.2,1,08:42:37.203273101
2378.1,1,08:42:37.203993528
2378.2,1,08:42:37.204050713
2378.1,1,08:42:37.204688352
2378.1,3,08:42:37.206936734
2378.3,5,08:42:37.436539563
2378.3,1,08:42:37.528203728
2378.5,5,08:42:37.763615579
2378.4,5,08:42:37.763615579
2378.4,2,08:42:37.765328968
2378.4,1,08:42:37.796203845
2378.4,1,08:42:37.796645838
2378.3,1,08:42:37.927544594
2378.4,1,08:42:37.927893975
2378.4,1,08:42:37.928287295
2378.4,1,08:42:37.928490099
2378.3,1,08:42:38.106716003
2378.2,1,08:42:38.168332828
2378.2,1,08:42:38.168420970
2378.1,2,08:42:38.452412304
2378.2,1,08:42:38.622209982
2378.2,3,08:42:38.792353118
2378.3,5,08:42:38.792353118
2378.3,2,08:42:38.793063574
2378.1,1,08:42:38.882797143
2378.2,1,08:42:39.007629959
2378.3,1,08:42:39.134956344
2378.2,1,08:42:39.184919367
2378.1,5,08:42:39.611490038
2378.0,1,08:42:39.613415911
2378.1,1,08:42:39.615270988
2378.2,1,08:42:39.617382846
2378.3,2,08:42:39.716961259
2378.3,4,08:42:39.717093085
2378.3,1,08:42:39.717149048
2378.3,1,08:42:39.717175759
2378.3,1,08:42:39.717281326
2378.3,2,08:42:39.717346495
2378.3,1,08:42:39.717826623
2377.8,1,08:42:40.444939560
2377.8,1,08:42:40.446583603
2377.9,1,08:42:40.603076235
2377.9,1,08:42:40.746799257
2377.9,2,08:42:40.906413455
2377.9,1,08:42:40.906860391
2378.1,1,08:42:41.122705583
2378.1,1,08:42:41.123732039
2378.1,1,08:42:41.180559950
2378.3,5,08:42:41.180559950
2378.2,4,08:42:41.180559950
2378.2,1,08:42:41.356738934
2378.1,1,08:42:41.571885262
2378.3,1,08:42:41.594618755
2378.3,1,08:42:41.656721976
2378.5,6,08:42:41.884992344
2378.4,4,08:42:41.884992344
2378.4,1,08:42:41.886849736
2378.5,1,08:42:42.382717299
2378.6,1,08:42:42.530695634
2379.2,2,08:42:42.530709426
2378.9,8,08:42:42.530709426
2378.8,6,08:42:42.530709426
2379.1,9,08:42:42.530709426
2378.6,1,08:42:42.530709426
2379.0,14,08:42:42.530709426
2378.7,10,08:42:42.530709426
2378.8,1,08:42:42.532350983
2378.8,1,08:42:42.533431824
2378.8,1,08:42:42.534731713
2378.9,1,08:42:42.534930130
2378.8,1,08:42:42.535347671
2378.8,1,08:42:42.535613449
2378.8,1,08:42:42.536986465
2378.7,1,08:42:42.537087712
2378.7,1,08:42:42.537104330
2378.7,1,08:42:42.537131220
2378.8,1,08:42:42.537210048
2378.9,1,08:42:42.538442952
2378.7,1,08:42:42.539426512
2378.7,2,08:42:42.539528117
2378.8,1,08:42:42.539590998
2378.7,1,08:42:42.539656427
2378.7,1,08:42:42.539873593
2378.7,1,08:42:42.541456658
2378.6,1,08:42:42.542191745
2378.7,1,08:42:42.542292918
2378.6,1,08:42:42.543245133
2378.5,3,08:42:42.597740298
2378.5,1,08:42:42.598088580
2378.5,1,08:42:42.598617359
2378.4,1,08:42:42.611881166
2378.5,2,08:42:42.658830387
2378.6,1,08:42:42.672513832
2378.6,1,08:42:42.683996358
2378.7,1,08:42:42.711069667
2378.6,1,08:42:42.738533598
2378.5,1,08:42:42.780131181
2378.7,1,08:42:42.898401535
2378.6,1,08:42:42.898762680
2378.5,1,08:42:42.981137963
2378.4,1,08:42:43.149926500
2378.6,1,08:42:43.578933648
2378.5,1,08:42:43.628265759
2378.6,1,08:42:44.087110059
2378.6,1,08:42:44.087601576
2378.8,1,08:42:44.141697308
2378.7,3,08:42:44.141697308
2378.6,2,08:42:44.221090162
2378.7,1,08:42:44.472012773
2378.9,1,08:42:44.793208770
2378.8,1,08:42:44.842597638
2378.8,1,08:42:44.842989947
2378.8,1,08:42:44.945160219
2379.0,2,08:42:45.011806599
2378.9,1,08:42:45.012255612
2379.0,1,08:42:45.013475112
2379.0,1,08:42:45.014158361
2378.9,1,08:42:45.028801768
2379.0,3,08:42:45.042722110
2379.1,1,08:42:45.148877283
2379.2,1,08:42:45.150201690
2379.1,2,08:42:45.150201690
2378.9,4,08:42:45.475441062
2378.9,1,08:42:45.513796872
2379.0,1,08:42:45.513857167
2379.0,1,08:42:45.518815220
2379.0,2,08:42:45.521271564
2378.9,2,08:42:45.725267863
2378.8,1,08:42:45.825662651
2378.8,4,08:42:45.976271319
2378.9,3,08:42:46.164966642
2378.7,1,08:42:46.316047545
2378.7,1,08:42:46.666469080
2378.4,5,08:42:46.694459815
2378.5,5,08:42:46.694459815
2378.4,2,08:42:47.059712814
2378.3,1,08:42:47.443843827
2378.2,1,08:42:47.555850809
2378.4,2,08:42:47.759413774
2378.2,1,08:42:47.876519973
2378.5,1,08:42:48.216998974
2378.2,5,08:42:48.585582249
2378.3,4,08:42:48.585582249
2378.1,1,08:42:48.585582249
2378.3,1,08:42:48.586896189
2378.3,3,08:42:48.588808672
2378.2,1,08:42:49.075073314
2378.2,1,08:42:49.105931935
2378.1,8,08:42:49.311583662
2378.1,1,08:42:49.382419653
2378.1,1,08:42:49.382764228
2378.2,2,08:42:49.410459407
2378.4,3,08:42:49.410459407
2378.3,5,08:42:49.410459407
2378.2,2,08:42:49.412552692
2378.3,2,08:42:49.657365796
2378.5,1,08:42:50.029038875
2378.5,1,08:42:50.220167011
2378.3,6,08:42:50.333161890
2378.1,1,08:42:50.333161890
2378.4,6,08:42:50.333161890
2378.2,7,08:42:50.333161890
2378.3,1,08:42:50.335611235
2378.3,2,08:42:50.337716776
2378.2,1,08:42:50.521786385
2378.0,5,08:42:50.624075543
2378.0,2,08:42:50.624322783
2378.0,3,08:42:50.958949404
2378.1,3,08:42:50.964710247
2378.1,1,08:42:50.975374988
2377.9,5,08:42:51.186681325
2378.0,2,08:42:51.186681325
2378.1,2,08:42:51.187793759
2378.1,3,08:42:51.188305061
2378.2,1,08:42:51.204687050
2378.1,1,08:42:51.228182611
2378.2,1,08:42:51.228898247
2378.1,1,08:42:51.306882683
2377.9,1,08:42:51.809640846
2377.9,1,08:42:51.925410280
2377.8,5,08:42:52.013328855
2377.8,1,08:42:52.130613692
2377.9,1,08:42:52.453536218
2377.8,1,08:42:52.921062586
2378.1,1,08:42:53.073018538
2378.0,2,08:42:53.149195450
2377.9,2,08:42:53.149195450
2377.9,1,08:42:53.440407324
2377.8,1,08:42:53.565742499
2377.8,1,08:42:53.577365047
2377.9,1,08:42:53.750096346
2377.9,1,08:42:53.973234225
2377.9,1,08:42:53.974690187
2378.1,5,08:42:54.700304573
2378.2,1,08:42:54.701545040
2378.2,1,08:42:55.048807141
2378.3,1,08:42:55.419428495
2378.1,3,08:42:55.579622214
2378.1,1,08:42:55.856635044
2378.0,3,08:42:55.895446275
2378.2,1,08:42:56.070749215
2377.9,1,08:42:56.469830070
2378.1,5,08:42:56.479271563
2378.0,5,08:42:56.479271563
2378.2,1,08:42:56.753563337
2378.2,1,08:42:56.754179219
2378.1,1,08:42:56.755057743
2378.2,2,08:42:57.381069482
2378.2,1,08:42:57.386244754
2378.2,1,08:42:57.854000040
2378.3,1,08:42:58.011697499
2378.1,1,08:42:58.240840126
2378.0,1,08:42:58.624916960
2378.0,1,08:42:59.118923635
2377.8,1,08:42:59.471444158
2377.7,1,08:42:59.471456804
2377.7,2,08:42:59.561440924
2377.7,1,08:42:59.561833117
2377.6,1,08:42:59.562511604
2377.7,2,08:42:59.562571590
2377.7,1,08:42:59.563622919
2377.8,5,08:42:59.967479254
2377.8,4,08:42:59.967819101
2377.8,2,08:42:59.967901842
2377.9,1,08:42:59.968655988
2378.0,1,08:42:59.998566735
2378.1,3,08:43:00.085879062
2378.1,4,08:43:00.085953972
2378.2,1,08:43:00.088407571
2378.1,1,08:43:00.498659701
2378.1,1,08:43:00.498890336
2378.2,1,08:43:00.718217002
2378.3,1,08:43:00.805215923
2378.2,2,08:43:00.921582550
2378.2,4,08:43:01.058016217
2378.1,3,08:43:01.402431288
2378.2,2,08:43:01.402431288
2377.9,1,08:43:01.750908254
2378.2,4,08:43:02.315700788
2378.3,2,08:43:02.315700788
2378.1,4,08:43:02.315700788
2378.2,1,08:43:02.339327136
2378.1,3,08:43:02.339327136
2378.1,3,08:43:02.340034663
2378.1,1,08:43:02.747713481
2378.1,1,08:43:03.452918900
2378.2,1,08:43:03.455439655
2378.2,1,08:43:03.593036141
2378.2,1,08:43:03.775323242
2378.2,1,08:43:03.775384683
2378.2,1,08:43:03.874305907
2378.2,1,08:43:04.096220902
2378.2,1,08:43:04.256379543
2378.2,1,08:43:04.473504841
2378.2,2,08:43:04.474237237
2378.4,1,08:43:05.409948963
2378.3,1,08:43:06.118065422
2378.2,1,08:43:06.313408155
2378.2,1,08:43:06.867980745
2378.2,1,08:43:06.868232206
2378.2,1,08:43:07.428681603
2378.1,2,08:43:07.523768572
2378.1,1,08:43:07.930802060
2377.9,1,08:43:08.514031274
2378.0,1,08:43:08.621462188
2377.9,2,08:43:09.081444088
2377.8,1,08:43:09.284946337
2377.8,3,08:43:09.646671505
2378.0,1,08:43:09.702755611
2377.9,1,08:43:10.197820599
2377.8,2,08:43:10.226473284
2377.9,1,08:43:10.226473284
2378.0,1,08:43:10.248978731
2377.8,1,08:43:10.970137725
2377.8,2,08:43:11.385399931
2377.8,1,08:43:11.385433950
2377.7,1,08:43:11.486998818
2377.7,1,08:43:11.685826842
2377.8,2,08:43:12.026006978
2377.7,2,08:43:12.026006978
2377.7,1,08:43:12.026691209
2377.6,1,08:43:12.114449272
2377.6,1,08:43:12.116035032
2377.6,1,08:43:12.339757328
2377.7,1,08:43:12.340650876
2377.6,1,08:43:12.600029056
2377.8,3,08:43:12.660936591
2377.6,1,08:43:12.705329568
2377.6,2,08:43:13.223406465
2377.5,1,08:43:14.007395958
2377.5,2,08:43:14.007710733
2377.5,1,08:43:14.008159612
2377.7,1,08:43:14.472137266
2377.6,1,08:43:14.492697804
2378.0,15,08:43:14.583777259
2377.9,5,08:43:14.583777259
2377.8,1,08:43:14.587157894
2377.9,1,08:43:14.907906390
2377.8,3,08:43:14.975604992
2377.9,1,08:43:15.121994965
2377.8,3,08:43:15.576183339
2377.6,1,08:43:15.979172981
2377.7,1,08:43:16.398884909
2377.7,1,08:43:16.399239179
2377.7,1,08:43:17.133521844
2377.6,1,08:43:18.028777691
2377.7,1,08:43:18.029858305
2377.7,1,08:43:18.030220859
2377.9,1,08:43:18.995402202
2377.9,1,08:43:18.996283583
2377.9,1,08:43:18.997130868
2378.0,8,08:43:19.552058132
2378.0,4,08:43:19.552214900
2378.0,1,08:43:19.552246795
2378.0,1,08:43:19.553479630
2377.9,1,08:43:19.554150408
2378.0,1,08:43:19.881708760
2378.1,1,08:43:20.593292142
2377.9,1,08:43:22.353823042
2377.8,2,08:43:22.639040563
2377.8,3,08:43:23.083080149
2377.9,1,08:43:23.356459401
2377.8,1,08:43:23.395080377
2377.6,1,08:43:24.155579925
2377.5,1,08:43:24.157124408
2377.6,1,08:43:24.165151610
2377.6,1,08:43:24.684679066
2377.7,1,08:43:24.762627863
2377.7,1,08:43:25.436477035
2378.0,1,08:43:26.241259978
2378.0,1,08:43:26.241534928
2378.1,1,08:43:26.506467652
2378.1,1,08:43:26.646849235
2378.2,2,08:43:26.649766085
2378.2,3,08:43:26.651985847
2378.1,1,08:43:26.980667156
2378.0,1,08:43:27.003012136
2378.1,2,08:43:27.446017103
2378.1,1,08:43:28.146077489
2378.3,2,08:43:29.042226879
2378.1,1,08:43:29.400093437
2378.2,2,08:43:30.380868171
2378.2,1,08:43:30.447777223
2378.3,1,08:43:30.449887927
2378.3,2,08:43:30.450089635
2378.3,1,08:43:30.683141998
2378.2,1,08:43:30.829138371
2378.2,3,08:43:31.703656807
2378.1,1,08:43:31.704705868
2378.0,1,08:43:32.803613960
2378.2,1,08:43:33.641882220
2378.2,1,08:43:33.642095126
2378.5,2,08:43:33.726354249
2378.5,2,08:43:33.733813828
2378.6,1,08:43:33.758588476
2378.7,3,08:43:33.759293565
2378.7,1,08:43:33.760853866
2378.7,1,08:43:33.761430431
2378.7,1,08:43:33.834730290
2378.7,1,08:43:33.835130922
2378.8,1,08:43:33.836352720
2378.8,1,08:43:33.836437208
2378.8,1,08:43:34.127160043
2378.8,2,08:43:34.188619084
2378.8,1,08:43:34.263783538
2378.8,2,08:43:34.608964171
2378.7,1,08:43:34.860216066
2378.7,1,08:43:34.978026513
2378.7,1,08:43:35.144237287
2378.9,1,08:43:35.386063308
2378.7,5,08:43:35.559109495
2378.6,2,08:43:35.915259789
2378.6,3,08:43:36.072990833
2378.7,4,08:43:36.074651530
2378.7,1,08:43:36.114436102
2378.7,1,08:43:36.114696273
2378.7,1,08:43:36.302583769
2378.7,1,08:43:37.520190184
2378.7,1,08:43:37.520233309
2378.8,1,08:43:37.566919958
2378.7,2,08:43:37.904805728
2378.8,1,08:43:38.122506716
2378.8,1,08:43:38.171597561
2378.9,1,08:43:38.182370223
2379.0,1,08:43:38.182370223
2378.7,1,08:43:38.667917579
2378.7,1,08:43:39.019031250
2378.9,1,08:43:40.213148248
2378.9,1,08:43:40.213600513
2378.9,1,08:43:40.214380983
2379.0,2,08:43:40.724597814
2379.0,1,08:43:40.724844133
2379.0,1,08:43:40.724872213
2379.0,3,08:43:40.725320984
2379.0,15,08:43:40.725609805
2379.0,2,08:43:40.725634913
2379.0,5,08:43:40.725736362
2379.1,3,08:43:40.744730384
2379.0,1,08:43:40.747408528
2379.1,1,08:43:40.871971777
2379.2,1,08:43:41.466586627
2379.3,4,08:43:41.466586627
2379.2,1,08:43:41.467502059
2379.2,1,08:43:41.594037183
2379.2,2,08:43:41.594292004
2379.1,2,08:43:41.595103652
2379.0,1,08:43:41.963268132
2379.0,1,08:43:41.975440823
2379.1,1,08:43:42.283538964
2379.1,1,08:43:42.284012976
2379.0,1,08:43:43.604109976
2378.9,4,08:43:43.625004318
2378.8,1,08:43:43.626519027
2379.0,1,08:43:43.746264977
2378.9,1,08:43:43.746264977
2378.9,1,08:43:43.905743122
2378.8,4,08:43:43.945181288
2378.7,1,08:43:43.945181288
2378.9,1,08:43:44.140741238
2378.9,1,08:43:44.141275265
2378.8,3,08:43:44.952569424
2378.7,3,08:43:45.136164880
2378.7,2,08:43:45.156358712
2378.7,1,08:43:45.156636295
2378.7,2,08:43:45.157704013
2378.6,1,08:43:45.427748347
2378.7,1,08:43:46.377857850
2378.7,1,08:43:46.386688285
2378.7,2,08:43:46.406460083
2378.8,1,08:43:46.406460083
2378.5,1,08:43:46.753052967
2378.4,1,08:43:47.027633222
2378.6,4,08:43:48.053087112
2378.9,7,08:43:48.053087112
2379.0,12,08:43:48.053087112
2378.8,6,08:43:48.053087112
2378.7,7,08:43:48.053087112
2379.1,9,08:43:48.053087112
2379.2,5,08:43:48.053087112
2378.7,1,08:43:48.055965705
2378.7,1,08:43:48.056010189
2378.9,1,08:43:48.056873666
2379.0,1,08:43:48.059034823
2379.1,1,08:43:48.076968699
2379.0,2,08:43:48.077389354
2379.1,1,08:43:48.198579352
2379.0,1,08:43:48.199398492
2378.9,1,08:43:48.369942867
2379.0,1,08:43:48.405599856
2379.0,1,08:43:48.455208765
2379.1,1,08:43:48.672291441
2379.0,1,08:43:49.019900379
2379.0,1,08:43:49.021065961
2379.2,1,08:43:49.097144196
2379.2,1,08:43:49.097352754
2379.2,1,08:43:49.097972773
2379.2,1,08:43:49.748329403
2379.3,1,08:43:50.152797085
2379.4,1,08:43:50.152806455
2379.3,1,08:43:50.153100415
2379.3,1,08:43:50.153336449
2379.3,1,08:43:50.190355847
2379.4,1,08:43:50.544219066
2379.3,1,08:43:50.558842814
2379.2,1,08:43:50.591577181
2379.2,1,08:43:50.636264503
2379.4,2,08:43:51.532241156
2379.4,2,08:43:51.669119468
2379.3,1,08:43:51.935939224
2379.2,1,08:43:51.964561617
2379.3,1,08:43:52.163937879
2379.2,1,08:43:52.240993796
2379.0,1,08:43:52.683401775
2379.2,3,08:43:52.825771594
2379.2,5,08:43:52.826218384
2379.4,6,08:43:53.077761697
2379.5,1,08:43:53.077761697
2379.3,3,08:43:53.077761697
2379.3,1,08:43:53.080010889
2379.4,1,08:43:53.915201004
2379.4,1,08:43:54.378940711
2379.4,1,08:43:54.378986459
2379.4,1,08:43:54.621248060
2379.4,1,08:43:54.803966118
2379.3,2,08:43:54.953057105
2379.3,1,08:43:54.953788276
2379.3,1,08:43:54.985787799
2379.4,2,08:43:55.012537123
2379.4,1,08:43:55.320346683
2379.4,2,08:43:55.742326915
2379.3,1,08:43:55.953710428
2379.4,1,08:43:56.174232651
2379.3,1,08:43:57.140911691
2379.3,1,08:43:57.181907762
2379.2,1,08:43:57.576996074
2379.2,1,08:43:57.997986137
2379.4,1,08:43:58.485821302
2379.3,1,08:43:58.659050693
2379.2,1,08:43:59.329013219
2379.1,3,08:43:59.751623897
2379.1,1,08:44:00.277313626
2379.0,1,08:44:00.306033889
2379.0,2,08:44:00.438144449
2379.2,1,08:44:00.567073054
2379.3,1,08:44:01.001880735
2379.3,2,08:44:01.002739133
2379.2,2,08:44:01.129456036
2379.1,3,08:44:01.380091074
2379.1,2,08:44:01.380425286
2379.4,2,08:44:01.929521024
2379.3,2,08:44:01.929521024
2379.3,1,08:44:02.350938367
2379.2,3,08:44:02.401409156
2379.4,7,08:44:02.609153208
2379.3,3,08:44:02.609153208
2379.5,1,08:44:02.717296607
2379.5,1,08:44:02.717648848
2379.6,4,08:44:02.726624741
2379.6,1,08:44:03.008338478
2379.8,2,08:44:03.788944788
2379.8,2,08:44:03.789181420
2379.9,1,08:44:03.884375095
2379.9,1,08:44:03.885923793
2379.9,1,08:44:03.886123074
2380.0,1,08:44:03.900513518
2380.0,1,08:44:03.900529402
2380.0,1,08:44:03.996086988
2379.9,1,08:44:04.071233488
2379.9,1,08:44:04.157295911
2379.9,1,08:44:04.375423082
2379.9,1,08:44:04.412326665
2379.8,1,08:44:04.740190301
2380.0,3,08:44:04.774931156
2380.0,6,08:44:04.775107458
2380.0,2,08:44:04.775404043
2380.0,14,08:44:04.775474002
2380.2,2,08:44:04.790689558
2380.2,1,08:44:04.790859251
2380.2,1,08:44:04.790918416
2380.0,1,08:44:04.798601445
2380.0,1,08:44:04.827078699
2380.4,4,08:44:04.906535561
2380.3,6,08:44:04.906535561
2380.2,3,08:44:04.906535561
2380.2,1,08:44:04.931674568
2380.2,1,08:44:04.931928368
2380.1,1,08:44:04.972710312
2380.1,1,08:44:04.973357919
2380.1,3,08:44:05.177665939
2380.2,1,08:44:05.204495201
2380.1,3,08:44:05.426695599
2380.2,4,08:44:05.676606192
2380.2,1,08:44:05.676982750
2380.2,1,08:44:05.677229238
2380.3,1,08:44:05.769834625
2380.1,1,08:44:06.025413212
2380.4,1,08:44:06.102084053
2380.3,4,08:44:06.102084053
2380.4,4,08:44:06.111166604
2380.2,2,08:44:06.133518410
2380.3,1,08:44:07.029519524
2380.4,1,08:44:07.102927361
2380.4,3,08:44:07.181250187
2380.3,1,08:44:07.323341860
2380.4,2,08:44:07.366332404
2380.5,1,08:44:07.456236940
2380.5,1,08:44:07.456248120
2380.4,2,08:44:07.637531558
2380.3,2,08:44:07.717947291
2380.5,7,08:44:07.729296794
2380.6,2,08:44:07.729296794
2380.4,1,08:44:07.729296794
2380.4,2,08:44:07.732260966
2380.4,1,08:44:07.732433692
2380.3,4,08:44:08.027718771
2380.7,7,08:44:08.133548435
2380.9,1,08:44:08.133548435
2380.6,4,08:44:08.133548435
2380.8,8,08:44:08.133548435
2380.6,1,08:44:08.139287213
2380.5,3,08:44:08.275250008
2380.6,3,08:44:08.275250008
2380.5,2,08:44:08.647809997
2380.4,1,08:44:08.863131291
2380.5,3,08:44:08.918975427
2380.3,1,08:44:09.004486534
2380.3,6,08:44:09.027699596
2380.3,1,08:44:09.219984386
2380.3,1,08:44:09.274838765
2380.5,1,08:44:09.365061314
2380.5,2,08:44:09.550615421
2380.5,2,08:44:09.550867954
2380.5,1,08:44:09.923425395
2380.5,1,08:44:09.961464919
2380.5,3,08:44:09.961900009
2380.4,2,08:44:09.988088171
2380.5,2,08:44:10.065193661
2380.4,1,08:44:10.065193661
2380.6,2,08:44:11.101808475
2380.8,2,08:44:11.475371908
2380.6,2,08:44:12.076522239
2380.6,1,08:44:12.193190904
2380.8,2,08:44:12.483577714
2380.7,1,08:44:13.018460929
2380.8,1,08:44:13.257651442
2380.7,3,08:44:13.331909163
2380.8,1,08:44:13.478971987
2380.8,1,08:44:13.479778461
2380.7,1,08:44:13.740759637
2380.9,1,08:44:15.024074703
2380.8,3,08:44:15.054323134
2380.8,1,08:44:15.054365071
2380.9,1,08:44:15.365878511
2380.8,1,08:44:15.472499756
2380.8,1,08:44:15.472826895
2380.7,1,08:44:15.482893809
2380.9,1,08:44:15.775400423
2381.0,1,08:44:15.775400423
2380.8,4,08:44:15.776842423
2380.7,2,08:44:15.777732973
2380.7,1,08:44:15.778469531
2380.7,1,08:44:15.947587149
2380.5,1,08:44:15.987476936
2380.7,1,08:44:16.316861623
2380.7,1,08:44:16.324366188
2380.7,2,08:44:16.460152622
2380.7,2,08:44:16.491882486
2380.7,1,08:44:16.686294938
2380.7,1,08:44:16.742203771
2380.7,1,08:44:16.764941344
2380.9,2,08:44:16.764956624
2380.8,1,08:44:16.764956624
2380.7,1,08:44:17.217727549
2380.9,1,08:44:17.442543042
2380.9,1,08:44:17.442683464
2381.0,2,08:44:17.456394049
2381.0,1,08:44:17.457275772
2381.1,1,08:44:17.472557793
2381.2,3,08:44:17.473801939
2381.3,4,08:44:17.474932711
2381.4,8,08:44:17.477456542
2381.3,1,08:44:17.478280763
2381.4,1,08:44:17.488158032
2381.2,6,08:44:17.506610667
2381.3,1,08:44:17.507254815
2381.1,1,08:44:17.559650601
2381.1,1,08:44:17.559832908
2381.1,1,08:44:17.590555462
2381.2,1,08:44:17.594655126
2381.2,1,08:44:17.654502956
2381.2,1,08:44:17.655224440
2381.1,1,08:44:17.665436983
2381.0,1,08:44:17.845194627
2380.9,1,08:44:17.945272452
2380.9,1,08:44:18.064068604
2380.9,1,08:44:18.469773106
2381.0,1,08:44:18.471801963
2381.1,1,08:44:18.758546195
2381.1,1,08:44:18.758628074
2381.1,1,08:44:18.773538100
2380.9,1,08:44:19.208051601
2380.9,1,08:44:19.208062506
2380.9,1,08:44:19.338132093
2380.8,1,08:44:19.937868097
2380.7,1,08:44:19.939445131
2380.7,1,08:44:19.948160497
2380.8,2,08:44:19.969356717
2380.9,1,08:44:20.509748987
2381.0,1,08:44:20.607069864
2381.1,1,08:44:20.619508698
2381.1,3,08:44:20.619820233
2381.0,1,08:44:20.702917041
2381.0,1,08:44:20.703352519
2381.0,2,08:44:20.745623904
2381.0,1,08:44:21.288281067
2381.0,3,08:44:21.288587969
2381.0,1,08:44:21.583197159
2381.0,2,08:44:21.774620516
2381.0,3,08:44:21.779010866
2381.2,1,08:44:21.784839992
2381.2,1,08:44:21.794173803
2381.2,1,08:44:21.866941064
2381.2,1,08:44:21.884341869
2381.0,5,08:44:22.423723783
2381.1,2,08:44:22.423723783
2381.0,1,08:44:22.424649741
2381.0,1,08:44:22.424744300
2381.0,1,08:44:22.424765933
2381.0,1,08:44:22.424797882
2381.0,1,08:44:22.424957194
2381.0,1,08:44:22.424986327
2381.0,1,08:44:22.425031480
2381.0,6,08:44:22.425066745
2381.0,1,08:44:22.426175891
2381.0,1,08:44:22.426459819
2381.1,1,08:44:22.426917342
2381.1,1,08:44:22.426993914
2381.0,1,08:44:22.428430554
2381.0,1,08:44:22.428607079
2381.0,1,08:44:22.430395659
2381.1,1,08:44:22.475858235
2381.1,3,08:44:22.724790478
2381.1,1,08:44:22.798014493
2380.9,4,08:44:22.861232211
2380.8,2,08:44:22.862148688
2380.7,1,08:44:23.311528474
2380.7,1,08:44:23.634516176
2380.6,1,08:44:23.709951576
2380.6,1,08:44:23.768684389
2380.7,5,08:44:23.771519810
2380.8,1,08:44:24.143901993
2380.8,1,08:44:24.174507332
2380.8,1,08:44:24.181099071
2380.8,1,08:44:24.735419891
2380.7,4,08:44:25.284333666
2380.7,1,08:44:25.285225410
2380.7,2,08:44:25.352542553
2380.5,1,08:44:25.358494033
2380.6,1,08:44:25.358599309
2380.7,1,08:44:25.383050091
2380.7,2,08:44:25.383508731
2380.8,3,08:44:25.437488138
2380.9,4,08:44:25.437488138
2380.9,2,08:44:25.729269022
2380.9,1,08:44:25.729319128
2380.8,12,08:44:26.305540124
2380.5,9,08:44:26.305540124
2380.6,7,08:44:26.305540124
2380.7,5,08:44:26.305540124
2380.5,7,08:44:26.307231253
2380.5,1,08:44:26.308082250
2380.7,1,08:44:26.324400989
2380.8,3,08:44:26.325877393
2380.7,1,08:44:26.438396558
2380.7,1,08:44:26.438713058
2380.7,1,08:44:26.773533559
2380.6,1,08:44:26.782357014
2380.8,1,08:44:26.803578510
2380.7,1,08:44:27.278741447
2380.7,1,08:44:27.346671200
2380.6,1,08:44:27.975087814
2380.6,1,08:44:27.976113175
2380.7,1,08:44:27.977630617
2380.8,2,08:44:28.402203161
2381.0,5,08:44:28.478730941
2380.9,1,08:44:28.479453893
2381.0,1,08:44:28.479692403
2381.0,3,08:44:28.479997520
2380.9,1,08:44:28.480155914
2380.8,1,08:44:28.482368685
2380.9,2,08:44:29.019947552
2381.0,17,08:44:29.032769055
2381.0,1,08:44:29.033476683
2381.0,1,08:44:29.033526309
2381.0,1,08:44:29.034452258
2381.0,1,08:44:29.034667190
2381.0,2,08:44:29.042147738
2380.9,1,08:44:29.046898973
2380.9,1,08:44:29.047326719
2380.9,1,08:44:29.048400181
2381.0,3,08:44:29.613630634
2381.0,1,08:44:29.658257360
2381.1,2,08:44:29.724829233
2381.1,2,08:44:29.724878738
2381.1,1,08:44:29.724913122
2381.1,1,08:44:29.724996190
2381.1,2,08:44:29.725039365
2381.1,1,08:44:29.725069238
2381.1,2,08:44:29.725160241
2381.1,1,08:44:29.725221919
2381.1,3,08:44:29.725311662
2381.1,1,08:44:29.725453405
2381.1,1,08:44:29.725664476
2381.1,1,08:44:29.725749005
2381.1,6,08:44:29.726021337
2381.0,1,08:44:30.015909221
2381.0,2,08:44:30.016174180
2381.1,1,08:44:30.278994003
2381.0,1,08:44:30.278994003
2380.9,1,08:44:30.675825423
2381.0,1,08:44:30.675898647
2381.1,1,08:44:30.841090429
2381.0,4,08:44:30.884581154
2380.9,1,08:44:30.884581154
2380.9,1,08:44:31.412846130
2380.9,2,08:44:31.651767706
2380.8,1,08:44:31.716760986
2380.8,1,08:44:31.860728744
2380.7,1,08:44:32.736159071
2380.8,1,08:44:32.950692446
2380.9,1,08:44:33.016347183
2380.9,1,08:44:33.016886279
2381.1,1,08:44:34.034065242
2381.1,1,08:44:34.298626167
2381.0,1,08:44:34.395241773
2381.1,3,08:44:35.159572890
2381.1,1,08:44:35.239474810
2381.0,1,08:44:35.239597120
2381.1,1,08:44:35.240500086
2381.1,1,08:44:35.241104204
2381.0,1,08:44:35.258961031
2381.1,1,08:44:36.033550288
2381.2,1,08:44:36.119834919
2381.3,1,08:44:36.252137548
2381.3,4,08:44:36.253682284
2381.4,1,08:44:36.604781572
2381.3,2,08:44:36.606117743
2381.3,1,08:44:36.606351840
2381.2,1,08:44:36.922988008
2381.2,1,08:44:37.089058982
2381.2,1,08:44:37.159480405
2381.1,2,08:44:37.439508290
2381.2,2,08:44:37.702259288
2381.1,1,08:44:38.020923056
2381.1,1,08:44:38.021330114
2381.1,1,08:44:38.501965830
2381.1,2,08:44:38.502355710
2381.2,1,08:44:38.502957830
2381.2,2,08:44:38.643859700
2381.3,2,08:44:38.672866564
2381.4,23,08:44:38.672866564
2381.4,2,08:44:38.673647854
2381.4,1,08:44:38.673771092
2381.4,4,08:44:38.674599854
2381.4,1,08:44:38.674695747
2381.3,1,08:44:38.675543559
2381.3,1,08:44:38.675597324
2381.4,1,08:44:38.676147639
2381.3,2,08:44:38.676355259
2381.4,2,08:44:38.676936704
2381.4,1,08:44:38.678040285
2381.4,1,08:44:38.766516901
2381.4,1,08:44:38.766719199
2381.4,1,08:44:38.766747136
2381.4,1,08:44:38.766851973
2381.4,3,08:44:38.766921183
2381.4,1,08:44:38.771005916
2381.4,20,08:44:38.970587429
2381.4,3,08:44:38.970818640
2381.4,15,08:44:38.971123385
2381.4,2,08:44:38.971202846
2381.4,1,08:44:38.971241006
2381.4,1,08:44:38.971288208
2381.3,3,08:44:38.971599663
2381.4,1,08:44:38.971671162
2381.4,1,08:44:38.972347397
2381.2,5,08:44:39.258975493
2381.1,1,08:44:39.345411152
2381.1,1,08:44:39.345926526
2381.1,1,08:44:39.345964751
2381.1,1,08:44:39.347127875
2381.1,1,08:44:39.348254016
2381.0,1,08:44:39.575743845
2381.0,1,08:44:39.576041140
2380.9,1,08:44:40.021019589
2380.9,1,08:44:40.238626596
2381.1,1,08:44:40.552526692
2381.1,1,08:44:40.587646621
2381.0,1,08:44:40.785229963
2381.0,3,08:44:41.075830354
2381.1,1,08:44:41.254414949
2381.0,1,08:44:41.709429207
2381.1,4,08:44:41.840535611
2381.2,1,08:44:41.865243743
2381.2,1,08:44:42.409615159
2381.1,1,08:44:43.054624364
2381.1,1,08:44:43.055204392
2381.0,1,08:44:43.379482531
2381.1,1,08:44:44.222371981
2381.2,1,08:44:44.401549290
2381.0,1,08:44:44.449288846
2380.9,1,08:44:44.882182620
2381.1,1,08:44:45.105399983
2381.0,1,08:44:45.242289661
2381.0,1,08:44:45.242545437
2380.9,1,08:44:45.393972817
2380.9,1,08:44:46.138465442
2381.0,1,08:44:46.280197573
2380.9,2,08:44:47.204134429
2381.1,4,08:44:47.214323255
2381.0,1,08:44:47.214323255
2381.1,1,08:44:47.215998236
2381.0,1,08:44:47.506335195
2381.2,1,08:44:48.214445712
2381.1,1,08:44:48.696897335
2380.9,1,08:44:49.454109217
2380.9,1,08:44:49.455023764
2380.8,1,08:44:49.456694882
2380.8,1,08:44:49.633943562
2380.7,1,08:44:49.634980905
2380.7,1,08:44:49.634993212
2380.7,1,08:44:49.812272729
2380.7,1,08:44:50.348057384
2380.9,1,08:44:50.954545739
2381.0,2,08:44:51.026890848
2380.7,1,08:44:51.169718244
2380.7,1,08:44:51.179318978
2380.9,3,08:44:51.359080180
2381.0,1,08:44:51.448998423
2381.0,1,08:44:51.449483102
2380.9,2,08:44:52.156587332
2380.9,1,08:44:52.156723882
2380.9,2,08:44:52.158475745
2381.0,2,08:44:52.877329681
2381.1,2,08:44:53.130083206
2381.2,1,08:44:53.139226536
2381.2,2,08:44:53.139560018
2381.2,1,08:44:53.141312102
2381.1,1,08:44:53.142748972
2381.2,2,08:44:54.456612705
2381.2,1,08:44:54.456855036
2381.3,2,08:44:55.021967250
2381.3,1,08:44:55.022143247
2381.3,1,08:44:55.022174128
2381.3,2,08:44:55.022217667
2381.3,1,08:44:55.022242842
2381.3,1,08:44:55.022297048
2381.3,2,08:44:55.022371402
2381.3,2,08:44:55.022505440
2381.3,3,08:44:55.022691162
2381.3,1,08:44:55.022718852
2381.3,1,08:44:55.022745259
2381.2,3,08:44:55.022907335
2381.3,1,08:44:55.023926332
2381.2,4,08:44:55.023926332
2381.1,1,08:44:55.023975220
2381.1,1,08:44:55.024369020
2381.1,1,08:44:55.025190934
2381.2,1,08:44:55.026402818
2381.2,1,08:44:55.026620838
2381.2,1,08:44:55.026694913
2381.2,1,08:44:55.026728904
2381.3,1,08:44:55.068090905
2381.3,2,08:44:55.068592083
2381.3,1,08:44:55.068794347
2381.3,2,08:44:55.078037836
2381.3,1,08:44:55.078078288
2381.3,1,08:44:55.078150853
2381.4,3,08:44:55.078517288
2381.4,2,08:44:55.078699753
2381.5,1,08:44:55.079507997
2381.5,8,08:44:55.079560884
2381.6,1,08:44:55.082224903
2381.6,2,08:44:55.082340406
2381.6,1,08:44:55.111672017
2381.7,1,08:44:55.126291893
2381.7,1,08:44:55.126670880
2381.6,1,08:44:55.158846951
2381.7,2,08:44:55.164636601
2381.6,2,08:44:55.164967190
2381.8,2,08:44:55.265352953
2381.7,1,08:44:55.265352953
2381.8,5,08:44:55.265953189
2381.6,1,08:44:55.366704592
2381.6,1,08:44:55.504317591
2381.6,1,08:44:55.513032042
2381.7,1,08:44:55.617331601
2381.7,1,08:44:55.617743788
2381.6,1,08:44:55.675009242
2381.6,1,08:44:55.958251793
2381.6,1,08:44:56.710711856
2381.7,3,08:44:56.712936153
2381.7,1,08:44:57.142550528
2381.7,2,08:44:57.142804162
2381.6,1,08:44:57.360717204
2381.5,1,08:44:57.427245357
2381.5,1,08:44:57.828180274
2381.4,1,08:44:57.828286503
2381.6,2,08:44:58.163385066
2381.8,2,08:44:58.163385066
2381.7,6,08:44:58.163385066
2381.8,2,08:44:58.164402584
2381.6,1,08:44:58.166034473
2381.8,2,08:44:58.830794778
2381.8,1,08:44:58.831354994
2381.8,1,08:44:58.833395512
2381.7,1,08:44:59.501954267
2381.6,2,08:44:59.811602272
2381.5,1,08:44:59.848050874
2381.5,1,08:44:59.848832509
2381.5,1,08:45:00.026689445
2381.4,1,08:45:00.028508765
2381.4,2,08:45:00.028554039
2381.4,1,08:45:00.029725724
2381.3,2,08:45:00.105429596
2381.2,1,08:45:00.107214407
2381.2,2,08:45:00.107448136
2381.2,1,08:45:00.109266790
2381.2,1,08:45:00.128561757
2381.2,1,08:45:00.129568715
2381.2,1,08:45:00.189318354
2381.3,4,08:45:00.260777020
2381.3,2,08:45:00.369952894
2381.2,4,08:45:00.371045527
2381.1,1,08:45:00.750231393
2381.2,1,08:45:00.868518165
2381.1,1,08:45:01.189155110
2381.3,1,08:45:01.315068645
2381.4,1,08:45:01.325079208
2381.3,1,08:45:01.451362324
2381.2,4,08:45:01.529613196
2381.3,4,08:45:01.529613196
2381.1,2,08:45:01.529613196
2381.0,1,08:45:02.210522689
2381.0,1,08:45:02.213830919
2381.1,2,08:45:02.320667056
2381.0,1,08:45:02.334508235
2380.9,2,08:45:02.401192962
2380.9,1,08:45:02.401261848
2380.9,1,08:45:02.401315299
2380.8,1,08:45:02.485818507
2380.8,1,08:45:02.923391264
2380.9,4,08:45:03.157511246
2381.0,1,08:45:03.206610382
2380.8,2,08:45:03.214169832
2380.9,1,08:45:03.235413507
2381.0,1,08:45:03.318916675
2380.8,1,08:45:03.831940026
2381.0,1,08:45:04.058302045
2380.8,2,08:45:04.160012094
2381.0,1,08:45:04.166255097
2380.9,1,08:45:04.408169776
2380.9,1,08:45:04.436323068
2380.9,1,08:45:04.437631107
2381.0,5,08:45:04.479012970
2381.1,6,08:45:04.479012970
2380.9,2,08:45:04.479012970
2381.1,14,08:45:04.480239034
2381.1,2,08:45:04.480299173
2381.1,1,08:45:04.480350767
2381.1,2,08:45:04.480444270
2381.2,4,08:45:04.481193718
2381.1,1,08:45:04.498902812
2381.0,1,08:45:04.699581538
2381.1,2,08:45:04.964575022
2381.2,1,08:45:04.973840533
2381.2,1,08:45:04.973873769
2381.2,2,08:45:04.973929963
2381.2,1,08:45:04.974036355
2381.3,2,08:45:04.985653790
2381.3,1,08:45:05.020064578
2381.2,1,08:45:05.034493141
2381.3,1,08:45:05.034493141
2381.2,3,08:45:05.034543734
2381.3,1,08:45:05.142422425
2381.3,1,08:45:05.674072665
2381.3,2,08:45:06.939026556
2381.3,1,08:45:06.939468939
2381.4,1,08:45:07.226638717
2381.5,1,08:45:07.238157062
2381.4,1,08:45:07.244028585
2381.5,1,08:45:07.283295989
2381.5,1,08:45:07.322107147
2381.4,5,08:45:07.357653483
2381.5,1,08:45:07.427644609
2381.4,2,08:45:07.523258107
2381.5,1,08:45:07.848925470
2381.5,1,08:45:08.015612914
2381.5,1,08:45:08.016977284
2381.6,1,08:45:08.986392442
2381.7,1,08:45:09.201714894
2381.6,1,08:45:10.290913727
2381.7,2,08:45:10.520572015
2381.7,1,08:45:10.522263851
2381.8,1,08:45:10.873829646
2381.6,1,08:45:10.914308830
2381.6,1,08:45:10.916810196
2381.6,2,08:45:11.272061983
2381.5,2,08:45:11.545744764
2381.5,1,08:45:12.269321753
2381.6,1,08:45:12.318572520
2381.5,1,08:45:12.690399593
2381.7,1,08:45:13.135616421
2381.7,1,08:45:13.219247113
2381.6,2,08:45:13.294088655
2381.6,2,08:45:13.294407045
2381.6,2,08:45:13.372463439
2381.5,1,08:45:13.595414568
2381.5,1,08:45:13.595703128
2381.4,2,08:45:14.076726629
2381.4,2,08:45:14.077837554
2381.4,3,08:45:14.125355988
2381.3,3,08:45:14.128571935
2381.3,1,08:45:14.129389804
2381.3,1,08:45:14.129585398
2381.3,1,08:45:14.129669899
2381.2,1,08:45:14.131959270
2381.2,1,08:45:14.132206350
2381.3,1,08:45:14.144374490
2381.2,1,08:45:14.145042533
2381.2,1,08:45:15.136759972
2381.3,1,08:45:15.689981732
2381.2,1,08:45:15.873964958
2381.4,4,08:45:16.301175856
2381.3,4,08:45:16.301175856
2381.7,7,08:45:16.301175856
2381.6,7,08:45:16.301175856
2381.5,8,08:45:16.301175856
2381.5,1,08:45:16.303570774
2381.4,4,08:45:16.371896848
2381.4,1,08:45:16.380739225
2381.4,1,08:45:16.381514732
2381.6,6,08:45:16.875566286
2381.5,4,08:45:16.875566286
2381.5,2,08:45:16.943524386
2381.5,3,08:45:16.944233110
2381.6,1,08:45:16.944233110
2381.6,1,08:45:16.944350041
2381.5,1,08:45:16.945915544
2381.4,1,08:45:17.014363976
2381.4,2,08:45:17.497028664
2381.4,1,08:45:17.497807605
2381.4,2,08:45:17.631204006
2381.3,4,08:45:17.631204006
2381.3,1,08:45:17.631924929
2381.3,3,08:45:17.631946706
2381.3,4,08:45:17.999777952
2381.2,1,08:45:17.999777952
2381.3,1,08:45:18.237774508
2381.2,1,08:45:18.268968558
2381.2,1,08:45:18.269137509
2381.2,1,08:45:18.269179238
2381.2,2,08:45:18.289180519
2381.1,2,08:45:18.353272872
2381.1,1,08:45:18.395231613
2380.9,2,08:45:18.426109206
2380.9,1,08:45:18.427123671
2380.9,1,08:45:18.427611060
2380.8,1,08:45:18.538684113
2380.9,1,08:45:18.740819859
2381.0,1,08:45:18.973262924
2380.8,6,08:45:19.040299500
2380.9,1,08:45:19.117693357
2380.9,2,08:45:19.289900672
2380.8,1,08:45:19.289900672
2380.8,4,08:45:19.291440574
2380.7,6,08:45:19.291440574
2380.9,1,08:45:19.295219512
2381.0,3,08:45:19.471050507
2381.1,2,08:45:19.480057485
2381.1,1,08:45:19.539339412
2381.1,2,08:45:19.539555404
2381.1,1,08:45:19.547159141
2381.3,5,08:45:19.548052586
2381.2,1,08:45:19.548052586
2381.4,1,08:45:19.550912571
2381.2,1,08:45:19.562934865
2381.2,1,08:45:19.981392223
2381.3,1,08:45:20.073214123
2381.3,1,08:45:20.073664596
2381.2,1,08:45:20.340739591
2381.2,3,08:45:20.482936998
2381.1,1,08:45:21.088116744
2381.1,2,08:45:21.088519779
2381.0,1,08:45:21.384384463
2381.1,3,08:45:21.919645538
2381.2,1,08:45:22.084351308
2381.2,3,08:45:22.084650808
2381.1,1,08:45:22.085608395
2381.3,1,08:45:22.317336180
2381.4,2,08:45:22.424542496
2381.4,1,08:45:22.572234332
2381.4,3,08:45:22.572471578
2381.4,1,08:45:22.582124826
2381.2,5,08:45:22.617098187
2381.3,5,08:45:22.617098187
2381.3,1,08:45:22.619116766
2381.2,1,08:45:22.632397834
2381.2,2,08:45:22.634484513
2381.1,3,08:45:22.649505616
2381.0,1,08:45:22.652276853
2381.0,1,08:45:22.956333241
2381.0,1,08:45:23.101697759
2381.0,1,08:45:24.168317537
2381.0,1,08:45:24.169359906
2381.0,1,08:45:24.170080788
2381.1,1,08:45:24.452431457
2381.2,1,08:45:24.632355422
2381.2,2,08:45:24.632762054
2381.0,2,08:45:24.710680979
2381.1,4,08:45:24.710680979
2381.1,2,08:45:25.026497839
2381.1,1,08:45:25.027354841
2381.1,1,08:45:25.035869637
2381.1,1,08:45:25.037520541
2381.2,2,08:45:25.057670752
2381.1,1,08:45:25.114010688
2381.0,2,08:45:25.191807121
2380.9,1,08:45:25.202602683
2380.9,1,08:45:25.202614942
2380.9,1,08:45:25.203865112
2380.9,1,08:45:25.459455214
2380.8,3,08:45:25.709003879
2380.8,1,08:45:25.710575249
2380.8,2,08:45:25.710913847
2380.8,1,08:45:25.968787397
2380.7,3,08:45:26.218957559
2380.6,1,08:45:26.469043615
2380.7,1,08:45:26.486935736
2380.6,1,08:45:26.615128537
2380.6,2,08:45:26.722245214
2380.6,1,08:45:27.253600480
2380.6,3,08:45:27.253773545
2380.7,2,08:45:27.253831361
2380.6,1,08:45:27.253886259
2380.6,1,08:45:27.259791677
2380.5,1,08:45:27.280819820
2380.4,3,08:45:27.412935602
2380.5,2,08:45:27.412935602
2380.4,1,08:45:27.412946842
2380.6,1,08:45:27.414257524
2380.6,2,08:45:27.466688903
2380.6,1,08:45:27.488236995
2380.7,1,08:45:27.489011948
2380.6,1,08:45:27.780344945
2380.6,2,08:45:27.800727439
2380.5,3,08:45:27.869890929
2380.5,4,08:45:28.002976521
2380.3,5,08:45:28.051801264
2380.4,3,08:45:28.051801264
2380.4,1,08:45:28.108841094
2380.3,1,08:45:28.322821183
2380.2,1,08:45:28.766243943
2380.2,1,08:45:28.766420843
2380.2,2,08:45:28.766472065
2380.3,3,08:45:28.768456957
2380.2,1,08:45:28.841947591
2380.2,2,08:45:28.842294552
2380.2,1,08:45:28.842838813
2380.2,1,08:45:28.843233333
2380.1,1,08:45:28.976655661
2380.1,3,08:45:28.979831069
2380.0,3,08:45:28.979831069
2380.2,4,08:45:29.020021609
2380.1,1,08:45:29.023611669
2380.0,4,08:45:29.112507065
2380.0,3,08:45:29.112755726
2380.1,1,08:45:29.112967113
2380.1,2,08:45:29.113074261
2380.0,1,08:45:29.113940749
2380.1,1,08:45:29.171115895
2380.1,1,08:45:29.171559232
2380.2,1,08:45:29.172013855
2380.0,3,08:45:29.583260176
2380.1,5,08:45:29.583260176
2380.2,1,08:45:29.585061454
2380.2,1,08:45:29.586657576
2380.3,1,08:45:29.653158676
2380.3,1,08:45:29.786343258
2380.3,1,08:45:29.786380528
2380.3,1,08:45:29.825778761
2380.4,1,08:45:29.948172178
2380.4,2,08:45:29.948561072
2380.5,1,08:45:29.992581551
2380.6,3,08:45:30.095636961
2380.6,1,08:45:30.127671305
2380.5,1,08:45:30.252806614
2380.5,1,08:45:30.313621125
2380.5,1,08:45:30.383274641
2380.4,1,08:45:30.444176396
2380.5,1,08:45:30.963946193
2380.6,1,08:45:31.016245262
2380.6,1,08:45:31.068236926
2380.4,5,08:45:31.316081840
2380.5,3,08:45:31.316081840
2380.5,1,08:45:31.564222267
2380.7,1,08:45:31.565812577
2380.7,5,08:45:32.095801285
2380.8,1,08:45:32.097436352
2380.8,1,08:45:32.110901319
2380.7,1,08:45:32.797685025
2380.7,1,08:45:32.798363694
2380.7,1,08:45:32.799020696
2380.7,1,08:45:32.870855152
2380.7,1,08:45:32.871058923
2380.7,1,08:45:32.871175866
2380.6,2,08:45:33.520468364
2380.6,1,08:45:33.554537871
2380.6,2,08:45:33.666631808
2380.5,2,08:45:33.749375847
2380.4,1,08:45:34.042630886
2380.5,5,08:45:34.217524907
2380.3,1,08:45:34.248832931
2380.2,1,08:45:34.331808530
2380.2,2,08:45:34.497426578
2380.3,2,08:45:34.589283294
2380.4,2,08:45:34.590027316
2380.5,1,08:45:34.903431813
2380.7,2,08:45:35.234712758
2380.7,2,08:45:35.515321025
2380.6,1,08:45:35.972106603
2380.5,3,08:45:36.130320246
2380.5,1,08:45:36.376356922
2380.6,5,08:45:37.556312543
2380.7,1,08:45:37.557919865
2380.7,1,08:45:37.558152523
2380.6,1,08:45:37.600138427
2380.7,1,08:45:37.628137959
2380.6,1,08:45:38.006557493
2380.7,1,08:45:38.007771697
2380.6,1,08:45:39.834257122
2380.6,1,08:45:39.834292250
2380.5,1,08:45:40.468654395
2380.5,1,08:45:40.490021467
2380.5,1,08:45:40.490347624
2380.3,1,08:45:40.886037038
2380.4,1,08:45:41.089365808
2380.5,1,08:45:41.434523424
2380.4,2,08:45:41.791871033
2380.4,1,08:45:41.944214945
2380.5,1,08:45:41.974106025
2380.6,1,08:45:42.065976860
2380.7,1,08:45:42.255634838
2380.6,3,08:45:42.554305029
2380.6,1,08:45:42.731139354
2380.6,1,08:45:42.773171989
2380.5,3,08:45:42.804488634
2380.7,2,08:45:43.304563011
2380.5,2,08:45:43.554364945
2380.5,2,08:45:43.804369585
2380.4,1,08:45:44.067798396
2380.4,1,08:45:44.130999381
2380.6,1,08:45:44.177452272
2380.5,1,08:45:44.520868397
2380.4,1,08:45:44.909456420
2380.4,1,08:45:44.909668991
2380.5,2,08:45:45.567403230
2380.6,1,08:45:45.649998313
2380.5,1,08:45:45.907114227
2380.7,1,08:45:46.064523954
2380.2,2,08:45:46.452461383
2380.3,6,08:45:46.452461383
2380.4,5,08:45:46.452461383
2380.6,2,08:45:46.452461383
2380.5,5,08:45:46.452461383
2379.9,3,08:45:46.546391974
2380.2,3,08:45:46.546391974
2380.1,6,08:45:46.546391974
2380.0,13,08:45:46.546391974
2380.1,1,08:45:46.752488040
2380.1,1,08:45:46.753111227
2380.0,1,08:45:47.221103821
2380.1,1,08:45:47.230410124
2380.2,1,08:45:47.408777020
2380.1,3,08:45:47.548998739
2380.1,2,08:45:47.799093969
2380.2,1,08:45:47.850453607
2380.2,1,08:45:47.885754249
2380.0,1,08:45:48.459186486
2380.0,1,08:45:48.459235755
2380.0,2,08:45:48.459419000
2380.0,1,08:45:48.469495802
2380.1,1,08:45:48.491907169
2379.9,3,08:45:48.549639992
2379.9,1,08:45:48.659980441
2380.1,1,08:45:49.422640345
2380.1,1,08:45:49.653993951
2380.2,1,08:45:50.037169903
2380.2,1,08:45:50.077436866
2380.2,1,08:45:50.235018517
2380.3,1,08:45:50.642695380
2380.3,1,08:45:51.586595533
2380.3,1,08:45:51.586772995
2380.3,1,08:45:52.409625302
2380.2,1,08:45:52.514186182
2380.3,1,08:45:52.514562160
2380.3,2,08:45:52.514798373
2380.2,2,08:45:52.609595436
2380.3,1,08:45:52.679082516
2380.2,1,08:45:52.709053921
2380.2,1,08:45:52.709250123
2380.3,1,08:45:52.983094440
2380.1,1,08:45:52.985965960
2380.1,2,08:45:53.012688270
2380.2,1,08:45:53.231611149
2380.3,1,08:45:53.613599095
2380.4,3,08:45:53.614861837
2380.5,1,08:45:54.461388446
2380.6,1,08:45:54.461399694
2380.4,1,08:45:54.605741422
2380.5,1,08:45:54.870342769
2380.5,1,08:45:54.976853381
2380.4,1,08:45:55.330754356
2380.4,1,08:45:55.331206672
2380.4,1,08:45:55.447599979
2380.4,1,08:45:55.447655743
2380.4,1,08:45:56.044368251
2380.2,1,08:45:57.139936179
2380.1,2,08:45:58.004752562
2380.0,3,08:45:58.004752562
2380.0,1,08:45:58.004766124
2380.1,1,08:45:58.334053184
2380.1,1,08:45:58.334510534
2380.1,1,08:45:58.831218339
2380.1,1,08:45:58.994973717
2380.3,1,08:45:59.973872759
2380.2,2,08:46:00.018558643
2380.2,1,08:46:00.019315410
2380.3,1,08:46:00.333672693
2380.4,2,08:46:00.338247902
2380.4,1,08:46:00.338648636
2380.4,1,08:46:00.384600917
2380.1,1,08:46:00.543625152
2380.3,4,08:46:00.543625152
2380.2,5,08:46:00.543625152
2380.1,1,08:46:00.913594964
2380.2,3,08:46:00.913594964
2380.0,1,08:46:01.488061993
2380.0,1,08:46:01.488322609
2380.0,2,08:46:02.221623454
2380.0,1,08:46:02.240898502
2380.1,1,08:46:02.258400269
2379.9,1,08:46:02.417590547
2379.9,1,08:46:02.545808309
2380.1,1,08:46:02.603891366
2379.9,1,08:46:02.756742108
2379.8,2,08:46:03.184893102
2379.8,1,08:46:03.196915579
2379.7,2,08:46:03.414047630
2379.8,2,08:46:03.414990747
2379.9,2,08:46:03.519177958
2380.0,5,08:46:03.579207826
2380.1,1,08:46:03.582482410
2380.0,1,08:46:03.859755318
2380.0,4,08:46:03.871694817
2379.9,1,08:46:03.899475909
2380.0,1,08:46:04.012973398
2380.0,1,08:46:04.528534340
2380.0,1,08:46:04.528826122
2379.9,1,08:46:05.060725206
2379.9,1,08:46:05.063201173
2379.7,2,08:46:05.536886082
2379.6,1,08:46:05.629675335
2379.6,1,08:46:05.756762186
2379.5,1,08:46:06.166760239
2379.5,2,08:46:06.167063647
2379.5,1,08:46:06.167966638
2379.5,1,08:46:06.268211721
2379.5,1,08:46:06.323328565
2379.4,2,08:46:06.324102690
2379.3,2,08:46:06.394999858
2379.3,1,08:46:06.395304467
2379.3,1,08:46:06.396715331
2379.3,1,08:46:06.397048749
2379.3,1,08:46:06.398184919
2379.2,4,08:46:06.415721826
2379.3,1,08:46:06.431839253
2379.3,1,08:46:06.797471552
2379.3,2,08:46:06.854352047
2379.3,1,08:46:07.400472368
2379.4,1,08:46:07.548530548
2379.6,1,08:46:07.686148830
2379.5,2,08:46:07.758883101
2379.4,1,08:46:07.758883101
2379.5,1,08:46:07.759868644
2379.4,1,08:46:07.759986989
2379.5,1,08:46:08.021721581
2379.5,1,08:46:08.296306403
2379.5,1,08:46:08.449213969
2379.4,1,08:46:08.621706411
2379.3,4,08:46:08.731171801
2379.2,6,08:46:08.731171801
2379.3,1,08:46:08.733481748
2379.4,1,08:46:08.817740012
2379.4,1,08:46:10.465509360
2379.4,1,08:46:10.466224850
2379.4,1,08:46:10.662077276
2379.5,1,08:46:10.700568504
2379.6,1,08:46:11.476412700
2379.6,2,08:46:11.477260970
2379.7,1,08:46:11.811649378
2379.7,2,08:46:11.812176903
2379.7,1,08:46:11.883666904
2379.6,1,08:46:12.125133956
2379.7,1,08:46:12.289684088
2379.7,3,08:46:12.289774454
2379.8,2,08:46:12.409695617
2379.9,1,08:46:12.537146671
2380.0,3,08:46:12.542113052
2380.0,1,08:46:12.543770735
2380.1,3,08:46:12.544216330
2380.0,1,08:46:12.544369691
2380.1,1,08:46:12.545925101
2380.0,1,08:46:12.558341890
2380.0,1,08:46:12.568998376
2380.0,1,08:46:12.865338278
2380.0,1,08:46:12.907348316
2380.0,1,08:46:12.969576168
2380.0,1,08:46:13.255133960
2380.0,1,08:46:13.306928606
2379.7,1,08:46:13.717659425
2379.8,4,08:46:13.717659425
2379.8,1,08:46:13.719960096
2379.8,1,08:46:15.194995394
2379.9,1,08:46:15.196295437
2379.6,1,08:46:16.323421941
2379.6,3,08:46:16.908464012
2379.5,8,08:46:16.909010049
2379.4,2,08:46:16.910585690
2379.4,1,08:46:16.912050729
2379.3,1,08:46:16.912287341
2379.5,2,08:46:16.930416313
2379.4,2,08:46:17.500512314
2379.3,1,08:46:17.820551735
2379.3,1,08:46:18.080985758
2379.3,1,08:46:18.081514623
2379.3,1,08:46:18.161135980
2379.3,1,08:46:18.358107135
2379.3,1,08:46:18.941016152
2379.2,1,08:46:18.999687323
2379.2,1,08:46:19.023185314
2379.2,1,08:46:19.023926715
2379.4,1,08:46:19.409006083
2379.4,1,08:46:19.567763058
2379.4,1,08:46:19.568401074
2379.3,1,08:46:19.677209697
2379.2,2,08:46:19.849176442
2379.2,3,08:46:19.849945464
2379.2,3,08:46:19.850632836
2379.2,2,08:46:19.850658587
2379.2,3,08:46:19.851004975
2379.2,3,08:46:19.851157428
2379.2,2,08:46:19.851215989
2379.2,1,08:46:19.851243021
2379.2,10,08:46:19.851313400
2379.2,2,08:46:19.934796109
2379.3,1,08:46:19.966300723
2379.3,1,08:46:19.966847076
2379.4,1,08:46:20.277540526
2379.4,1,08:46:20.277578728
2379.4,1,08:46:20.277657346
2379.4,1,08:46:20.277696297
2379.5,1,08:46:20.279099540
2379.4,1,08:46:20.606120426
2379.3,1,08:46:20.709476971
2379.4,1,08:46:21.102339705
2379.2,2,08:46:22.272314549
2379.2,1,08:46:22.272367164
2379.2,1,08:46:22.512440625
2379.1,3,08:46:22.783186141
2379.0,1,08:46:22.783204999
2379.0,1,08:46:22.786118952
2379.0,1,08:46:22.839903686
2378.9,1,08:46:22.980484078
2378.9,1,08:46:22.980495211
2379.1,2,08:46:23.035430980
2379.0,1,08:46:23.538226488
2378.8,1,08:46:23.724237559
2378.8,2,08:46:23.724245591
2378.9,1,08:46:23.725028471
2378.9,1,08:46:24.431070297
2378.9,1,08:46:24.681833426
2379.0,2,08:46:24.786632699
2378.7,4,08:46:24.965697845
2378.8,1,08:46:25.022960433
2378.8,1,08:46:25.056183667
2378.7,1,08:46:25.284713778
2378.7,2,08:46:25.287185651
2378.6,1,08:46:25.290413288
2378.7,1,08:46:25.305460225
2378.8,1,08:46:25.406709112
2378.7,1,08:46:25.453623311
2378.7,1,08:46:26.630786827
2378.5,2,08:46:26.780579801
2378.6,2,08:46:26.780579801
2378.7,4,08:46:26.887200571
2378.8,1,08:46:26.887200571
2378.5,4,08:46:27.021149481
2378.6,1,08:46:27.041864265
2378.6,1,08:46:27.042149483
2378.7,1,08:46:27.362278159
2378.5,2,08:46:27.857861837
2378.5,1,08:46:28.068922874
2378.5,1,08:46:28.478579618
2378.4,1,08:46:28.644234371
2378.4,2,08:46:28.644521842
2378.3,1,08:46:29.075605908
2378.2,1,08:46:29.532301836
2378.4,1,08:46:29.705828127
2378.3,1,08:46:29.711848878
2378.3,1,08:46:29.712264391
2378.4,1,08:46:29.992690629
2378.3,3,08:46:30.027366195
2378.3,1,08:46:30.166482135
2378.4,1,08:46:30.204110036
2378.4,2,08:46:30.204391751
2378.3,2,08:46:30.379815242
2378.2,1,08:46:30.395340754
2378.2,1,08:46:30.925859262
2378.1,1,08:46:30.925872916
2378.3,2,08:46:31.018163529
2378.4,12,08:46:31.468204122
2378.4,1,08:46:31.577668456
2378.4,1,08:46:31.578173692
2378.3,1,08:46:31.617711700
2378.3,1,08:46:31.617980160
2378.3,1,08:46:31.881140743
2378.2,1,08:46:31.994661928
2378.2,1,08:46:32.413950042
2378.1,1,08:46:33.712722722
2378.1,1,08:46:33.843330049
2378.2,1,08:46:34.210735498
2378.3,1,08:46:34.259154997
2378.3,1,08:46:34.259200934
2378.3,2,08:46:34.271463636
2378.2,1,08:46:34.300369844
2378.2,1,08:46:35.010766945
2378.1,1,08:46:35.545796653
2378.2,1,08:46:35.648802099
2378.3,1,08:46:35.900460253
2378.3,4,08:46:36.078084125
2378.4,1,08:46:36.078084125
2378.1,2,08:46:36.403277919
2378.3,1,08:46:37.789043498
2378.3,1,08:46:38.055181420
2378.2,1,08:46:38.984116261
2378.3,2,08:46:40.126061293
2378.2,3,08:46:40.905137206
2378.1,1,08:46:41.705503444
2378.5,1,08:46:42.663772731
2378.4,1,08:46:43.079979923
2378.5,4,08:46:43.122954566
2378.4,1,08:46:43.343019119
2378.2,3,08:46:44.529591432
2378.0,1,08:46:44.529591432
2378.1,6,08:46:44.529591432
2378.2,1,08:46:44.549466591
2378.4,1,08:46:44.659981870
2378.6,6,08:46:44.925704358
2378.6,1,08:46:45.230382761
2378.7,1,08:46:45.510050436
2378.7,1,08:46:45.510135362
2378.8,1,08:46:45.568497753
2378.8,1,08:46:45.568511724
2378.8,1,08:46:45.568707588
2378.9,1,08:46:45.571497606
2379.0,1,08:46:45.607921880
2379.0,1,08:46:45.609568749
2379.1,2,08:46:45.685392663
2379.1,1,08:46:45.687022613
2379.0,1,08:46:45.687107841
2379.0,1,08:46:45.687143700
2379.0,1,08:46:45.687216886
2379.1,1,08:46:45.695118060
2379.2,2,08:46:45.744546280
2379.3,6,08:46:45.744546280
2379.3,2,08:46:45.770001268
2379.4,1,08:46:45.919347303
2379.4,1,08:46:46.287094534
2379.5,2,08:46:46.414232560
2379.6,1,08:46:46.473620997
2379.5,1,08:46:46.783652708
2379.6,4,08:46:46.786077832
2379.6,1,08:46:46.786533284
2379.5,1,08:46:46.787503105
2379.4,1,08:46:47.590257190
2379.5,1,08:46:47.591619608
2379.7,5,08:46:47.789308655
2379.7,1,08:46:48.085760799
2379.8,1,08:46:48.494274333
2379.8,1,08:46:48.494308110
2379.8,3,08:46:48.494450932
2379.8,1,08:46:48.495251287
2379.7,2,08:46:49.325207073
2379.5,1,08:46:49.547735495
2379.6,1,08:46:49.596448814
2379.4,3,08:46:50.044132262
2379.5,1,08:46:50.128179600
2379.5,2,08:46:50.128242721
2379.5,1,08:46:50.128292178
2379.6,1,08:46:50.134888378
2379.4,4,08:46:50.914205657
2379.4,1,08:46:50.914913303
2379.4,1,08:46:50.915116290
2379.4,4,08:46:51.204727589
2379.4,1,08:46:51.570439254
2379.4,1,08:46:51.570629825
2379.3,1,08:46:51.779451633
2379.3,1,08:46:51.779531139
2379.2,1,08:46:52.104906662
2379.3,1,08:46:52.123996033
2379.4,1,08:46:52.147310624
2379.4,1,08:46:52.147349476
2379.3,1,08:46:52.557272006
2379.2,1,08:46:52.902679707
2379.4,5,08:46:54.253767033
2379.6,4,08:46:54.253767033
2379.5,7,08:46:54.253767033
2379.3,4,08:46:54.253767033
2379.3,6,08:46:54.296493056
2379.2,4,08:46:54.296493056
2379.2,1,08:46:54.297604042
2379.0,1,08:46:55.150585013
2379.1,2,08:46:55.218727984
2379.0,1,08:46:55.436357612
2379.2,2,08:46:55.668983092
2379.2,1,08:46:55.763119976
2379.2,1,08:46:55.774512046
2379.1,1,08:46:55.792088441
2379.4,1,08:46:56.066799260
2379.2,1,08:46:56.166221469
2379.1,1,08:46:56.168174430
2379.0,1,08:46:57.103603233
2378.9,1,08:46:57.104864270
2378.8,1,08:46:57.215941914
2378.9,2,08:46:57.447317828
2378.9,3,08:46:58.286253413
2379.0,1,08:46:58.404993559
2379.1,1,08:46:58.930916864
2379.1,1,08:46:59.335763588
2379.1,2,08:46:59.718866476
2379.2,1,08:46:59.972068485
2379.2,1,08:46:59.972625341
2379.1,1,08:47:00.464132620
2379.1,1,08:47:00.464482358
2379.0,1,08:47:00.515780619
2378.9,1,08:47:00.516842903
2378.9,1,08:47:00.517410354
2378.9,1,08:47:00.517647134
2379.0,1,08:47:00.518515705
2379.2,2,08:47:00.846849741
2379.2,2,08:47:00.847240041
2379.2,1,08:47:00.985267106
2379.4,1,08:47:01.062006619
2379.4,1,08:47:01.063170063
2379.2,2,08:47:01.105406752
2379.1,1,08:47:01.126978355
2379.1,2,08:47:01.141391683
2379.1,1,08:47:01.142301602
2379.0,2,08:47:01.376004917
2378.8,3,08:47:01.394851983
2378.9,2,08:47:01.394851983
2378.9,1,08:47:02.057666420
2379.2,2,08:47:02.728664798
2379.1,1,08:47:03.104552766
2379.2,2,08:47:03.104552766
2379.1,1,08:47:03.901099899
2379.2,1,08:47:05.009560765
2379.0,3,08:47:05.364424876
2379.1,1,08:47:05.643967537
2379.1,1,08:47:05.644315995
2379.0,2,08:47:06.328195353
2379.0,1,08:47:06.329060436
2379.0,1,08:47:06.341740566
2378.9,1,08:47:06.473252886
2378.9,1,08:47:06.473301815
2378.9,1,08:47:06.473432806
2378.9,1,08:47:07.781963594
2378.7,7,08:47:08.241144278
2378.8,3,08:47:08.241144278
2378.8,1,08:47:08.243237095
2378.9,1,08:47:08.345090759
2378.9,2,08:47:08.345538675
2378.7,2,08:47:08.857084331
2378.8,1,08:47:08.877319251
2379.0,1,08:47:09.445900394
2379.0,1,08:47:09.607420820
2379.1,1,08:47:09.767500670
2379.2,1,08:47:09.858251282
2379.3,1,08:47:10.236191395
2379.2,3,08:47:10.364654498
2379.2,1,08:47:10.364695373
2379.1,1,08:47:10.365717364
2379.0,1,08:47:10.617250989
2379.0,1,08:47:10.817429443
2378.9,2,08:47:10.966212412
2378.9,1,08:47:11.114691530
2378.8,1,08:47:11.977455661
2378.9,1,08:47:12.014805103
2378.9,1,08:47:12.022886494
2378.9,1,08:47:12.262899079
2378.8,2,08:47:12.434566970
2378.7,2,08:47:12.722193705
2378.7,1,08:47:12.722434104
2378.6,4,08:47:13.068285397
2378.5,2,08:47:13.609817243
2378.4,1,08:47:13.656840121
2378.3,1,08:47:14.372632391
2378.3,1,08:47:14.372901363
2378.3,1,08:47:14.633220433
2378.3,3,08:47:14.794651866
2378.2,1,08:47:15.652440553
2378.2,1,08:47:16.001249753
2378.2,1,08:47:16.001699199
2378.2,1,08:47:16.165395550
2378.3,1,08:47:16.561072267
2378.2,1,08:47:16.653187325
2378.1,2,08:47:17.210512731
2378.1,2,08:47:17.423801801
2378.0,1,08:47:17.566371609
2378.0,1,08:47:17.591201483
2378.1,1,08:47:18.205924522
2378.0,1,08:47:18.240359714
2378.1,1,08:47:18.857801587
2378.1,1,08:47:18.858033656
2378.0,4,08:47:19.109409873
2377.9,1,08:47:19.124030271
2377.9,1,08:47:19.124227602
2377.9,1,08:47:19.124607259
2377.8,1,08:47:19.542796678
2378.0,1,08:47:20.058217559
2377.9,1,08:47:20.093734607
2377.9,1,08:47:20.094395469
2378.0,1,08:47:20.134670217
2377.9,1,08:47:20.673699943
2378.0,1,08:47:20.675259308
2378.0,1,08:47:20.787228945
2377.9,1,08:47:21.037918289
2378.0,1,08:47:21.135313036
2377.8,1,08:47:21.159725505
2377.9,1,08:47:21.639918209
2377.9,1,08:47:21.878960162
2377.9,1,08:47:21.879197507
2377.8,1,08:47:22.200411053
2377.8,2,08:47:22.698820756
2377.9,3,08:47:22.698820756
2377.8,1,08:47:22.709955839
2377.8,1,08:47:23.157115990
2377.9,1,08:47:23.588229298
2377.8,1,08:47:23.639384864
2377.8,1,08:47:23.884020554
2377.8,1,08:47:24.103108242
2377.7,1,08:47:24.103686190
2377.6,2,08:47:24.118306792
2377.8,2,08:47:24.513154897
2377.8,3,08:47:24.513594588
2377.8,1,08:47:24.514101140
2378.0,1,08:47:24.519938867
2378.0,1,08:47:24.519957721
2378.0,1,08:47:24.520193026
2378.0,2,08:47:24.526509569
2378.0,1,08:47:24.526550757
2377.9,1,08:47:24.570820536
2377.9,1,08:47:24.571226583
2377.8,1,08:47:24.674144917
2377.9,1,08:47:25.064289996
2377.9,1,08:47:25.494671846
2377.9,1,08:47:25.647260856
2377.8,1,08:47:25.781504030
2377.8,1,08:47:26.012522714
2378.0,1,08:47:27.119317001
2377.8,1,08:47:28.250914537
2377.7,1,08:47:28.275250740
2377.8,2,08:47:28.275250740
2377.8,2,08:47:28.438286809
2377.9,1,08:47:28.969555600
2378.0,1,08:47:29.335851306
2378.0,1,08:47:29.364435693
2377.8,5,08:47:29.482198582
2377.9,2,08:47:29.884559612
2377.9,2,08:47:30.331026440
2377.9,2,08:47:30.331423101
2377.9,1,08:47:30.664480922
2377.8,1,08:47:31.127722569
2377.8,1,08:47:31.127916140
2377.7,3,08:47:31.573061086
2377.6,5,08:47:31.867873293
2377.7,3,08:47:31.867873293
2377.8,4,08:47:31.888425959
2377.7,1,08:47:32.300161687
2377.7,1,08:47:32.301152306
2377.8,1,08:47:32.485242135
2377.8,3,08:47:32.485764305
2377.9,4,08:47:32.486018224
2377.8,1,08:47:32.486018224
2377.9,1,08:47:32.487050120
2378.0,1,08:47:32.487275952
2377.9,1,08:47:32.487675086
2378.0,1,08:47:32.488198409
2378.0,1,08:47:32.488268903
2378.0,1,08:47:32.488330168
2377.9,1,08:47:32.489033654
2378.1,1,08:47:32.500218498
2378.1,1,08:47:32.500229656
2378.1,1,08:47:32.504051000
2378.2,1,08:47:32.506640317
2378.0,3,08:47:32.554374248
2378.1,2,08:47:32.554374248
2378.1,1,08:47:32.555726205
2378.0,2,08:47:32.643300492
2378.2,1,08:47:33.087079898
2378.2,1,08:47:33.087741835
2378.2,1,08:47:33.320723363
2378.2,1,08:47:33.330220848
2378.0,1,08:47:34.244919472
2378.0,1,08:47:34.245162540
2378.0,1,08:47:34.245210377
2378.0,2,08:47:34.434674414
2378.1,3,08:47:34.496281620
2378.2,1,08:47:34.572609142
2378.3,1,08:47:34.934006287
2378.2,3,08:47:35.585935622
2378.2,1,08:47:35.586167553
2378.2,1,08:47:35.586239324
2378.2,1,08:47:35.587444487
2378.3,1,08:47:35.592097775
2378.3,1,08:47:35.592303002
2378.3,2,08:47:35.592396817
2378.4,1,08:47:35.855771197
2378.5,1,08:47:36.435631549
2378.6,3,08:47:36.435631549
2378.6,1,08:47:36.481797273
2378.7,1,08:47:36.483018991
2378.6,1,08:47:36.834678326
2378.7,1,08:47:37.149680703
2378.7,1,08:47:37.150580951
2378.8,3,08:47:38.947912197
2378.9,2,08:47:38.950482928
2378.9,1,08:47:39.376807769
2379.0,1,08:47:39.559043461
2379.1,1,08:47:39.587613269
2378.9,2,08:47:39.617123049
2378.8,2,08:47:39.651155324
2378.8,1,08:47:39.651342440
2378.8,1,08:47:39.651385087
2378.8,1,08:47:39.651475457
2378.9,2,08:47:39.651964459
2378.9,1,08:47:39.652476885
2378.9,1,08:47:39.653516246
2379.0,1,08:47:40.056171269
2379.0,2,08:47:40.056335436
2379.0,1,08:47:40.381609851
2379.1,3,08:47:40.733858225
2379.3,1,08:47:40.860311007
2379.3,1,08:47:40.860362435
2379.2,5,08:47:40.875211954
2379.3,1,08:47:41.463657491
2379.3,1,08:47:42.095177796
2379.2,1,08:47:42.569986626
2379.1,1,08:47:42.589346355
2379.0,1,08:47:43.197756065
2379.1,1,08:47:43.777952417
2379.1,1,08:47:43.778501548
2379.1,1,08:47:44.356462549
2379.0,2,08:47:45.003173489
2379.0,3,08:47:45.003421971
2379.0,1,08:47:45.003468890
2379.0,1,08:47:45.003523793
2379.0,1,08:47:45.003583302
2379.0,1,08:47:45.003637879
2379.0,1,08:47:45.003914611
2379.0,6,08:47:45.004092538
2379.0,1,08:47:45.004769905
2379.0,1,08:47:45.005138962
2379.0,1,08:47:45.005449471
2379.1,1,08:47:45.071946169
2379.0,1,08:47:46.412003631
2379.0,1,08:47:46.412222592
2379.0,1,08:47:46.412490194
2378.9,2,08:47:46.412824899
2378.9,1,08:47:46.412876563
2378.9,1,08:47:46.413790966
2378.8,2,08:47:46.414601904
2378.8,3,08:47:46.415333819
2378.8,2,08:47:46.415351618
2378.9,1,08:47:46.416310277
2378.9,1,08:47:46.416527552
2379.0,1,08:47:46.439107812
2379.1,1,08:47:46.482226557
2379.2,1,08:47:46.519083408
2379.2,4,08:47:46.519368994
2379.1,1,08:47:46.900261153
2379.1,1,08:47:48.281907486
2379.3,2,08:47:48.584540735
2379.2,2,08:47:48.667615128
2379.3,1,08:47:49.446833416
2379.3,1,08:47:49.447167982
2379.5,1,08:47:49.615677571
2379.5,3,08:47:49.615989615
2379.3,2,08:47:49.887213738
2379.3,1,08:47:49.887446078
2379.4,1,08:47:49.888071662
2379.4,1,08:47:50.908644210
2379.4,1,08:47:52.432231163
2379.4,1,08:47:52.434513311
2379.4,1,08:47:52.435155795
2379.2,1,08:47:53.293027389
2379.4,2,08:47:53.426356099
2379.3,1,08:47:53.732761290
2379.2,1,08:47:54.356180655
2379.2,1,08:47:54.940125041
2379.1,1,08:47:55.254807647
2378.8,1,08:47:55.769745936
2378.8,1,08:47:56.062701324
2379.0,1,08:47:56.498931662
2379.1,3,08:47:56.600478925
2379.1,1,08:47:56.602244628
2379.1,2,08:47:56.613904236
2379.1,1,08:47:56.614162551
2379.2,1,08:47:57.386804494
2379.2,2,08:47:57.516629578
2379.1,3,08:47:57.678146948
2379.2,2,08:47:57.829759099
2379.2,1,08:47:57.830222260
2379.2,1,08:47:57.832253111
2379.2,1,08:47:58.475328067
2379.1,1,08:47:58.984542935
2379.0,1,08:47:59.814482848
2379.2,1,08:48:00.010780175
2379.3,2,08:48:00.012592969
2379.3,1,08:48:00.014143940
2379.3,2,08:48:00.014192399
2379.4,1,08:48:00.214600299
2379.4,1,08:48:00.215225298
2379.6,1,08:48:00.508785422
2379.7,1,08:48:01.007496862
2379.7,1,08:48:01.008067584
2379.7,1,08:48:01.008446628
2379.8,1,08:48:01.252580702
2379.9,1,08:48:01.252596104
2379.9,1,08:48:01.252603356
2379.8,1,08:48:01.253296166
2379.7,2,08:48:01.785430212
2379.7,1,08:48:01.787739944
2379.7,1,08:48:01.788245695
2379.7,2,08:48:01.796225770
2379.7,3,08:48:02.671526015
2379.8,1,08:48:02.806886128
2379.6,1,08:48:03.600843261
2379.3,1,08:48:04.060552969
2379.3,2,08:48:04.060840499
2379.4,1,08:48:04.701020780
2379.4,1,08:48:04.701147858
2379.5,2,08:48:06.027410421
2379.6,3,08:48:06.027410421
2379.6,1,08:48:06.762103958
2379.5,1,08:48:07.137457649
2379.5,1,08:48:07.137731315
2379.4,2,08:48:07.386069268
2379.3,1,08:48:07.425267034
2379.4,1,08:48:08.068068578
2379.4,1,08:48:08.096187856
2379.4,1,08:48:08.139914236
2379.3,1,08:48:08.195999282
2379.3,1,08:48:08.219836300
2379.2,1,08:48:08.898369088
2379.5,1,08:48:09.794649683
2379.4,1,08:48:09.835780247
2379.2,3,08:48:09.964044497
2379.2,1,08:48:09.964155152
2379.2,2,08:48:09.964187501
2379.2,1,08:48:09.964244703
2379.2,1,08:48:09.964279149
2379.2,1,08:48:09.964420555
2379.2,1,08:48:09.964685249
2379.2,1,08:48:09.964770333
2379.2,1,08:48:09.964854968
2379.3,3,08:48:09.964898585
2379.2,6,08:48:09.965024789
2379.2,3,08:48:09.966462325
2379.3,1,08:48:10.167742615
2379.5,4,08:48:10.553660105
2379.6,2,08:48:11.473844300
2379.6,1,08:48:11.474253424
2379.6,4,08:48:12.414474137
2379.6,1,08:48:13.384156889
2379.6,2,08:48:14.290132097
2379.7,1,08:48:14.581783357
2379.6,1,08:48:14.867257919
2379.6,1,08:48:14.886066026
2379.6,1,08:48:14.887863070
2379.7,1,08:48:15.975756480
2379.5,1,08:48:16.954018070
2379.6,1,08:48:17.597944187
2379.7,1,08:48:17.998287506
2379.5,5,08:48:18.174995778
2379.5,2,08:48:18.175641203
2379.5,1,08:48:18.176139242
2379.6,1,08:48:18.177151463
2379.7,2,08:48:18.213233034
2379.8,1,08:48:18.599621627
2379.8,1,08:48:20.043527574
2379.6,2,08:48:20.075444388
2379.7,2,08:48:20.094075096
2379.6,1,08:48:20.167523638
2379.6,2,08:48:21.212850799
2379.6,1,08:48:21.223016149
2379.7,2,08:48:21.225506494
2379.8,1,08:48:21.229709235
2379.7,1,08:48:21.234378395
2379.8,1,08:48:21.394050463
2379.8,1,08:48:21.425813939
2379.9,1,08:48:21.539808874
2379.9,1,08:48:21.575444476
2380.0,1,08:48:21.641264537
2380.0,6,08:48:21.641469165
2379.9,4,08:48:21.909338492
2379.9,1,08:48:22.480875279
2379.9,2,08:48:22.481376511
2379.9,1,08:48:23.426883564
2379.9,1,08:48:23.427971577
2379.9,1,08:48:23.530882823
2380.0,8,08:48:23.847282389
2380.0,2,08:48:23.995602523
2380.0,1,08:48:23.995832316
2379.9,1,08:48:23.999374665
2379.8,1,08:48:24.076852749
2379.8,1,08:48:24.095781435
2379.8,1,08:48:24.096725589
2379.7,1,08:48:24.554298610
2379.8,4,08:48:25.992642186
2379.7,1,08:48:25.995487828
2379.6,1,08:48:26.023756152
2379.6,1,08:48:26.023910918
2379.6,1,08:48:26.302567489
2380.0,8,08:48:26.933955396
2379.9,5,08:48:26.933955396
2380.0,2,08:48:26.935184071
2380.1,6,08:48:26.935577957
2380.1,6,08:48:26.935932005
2380.1,1,08:48:26.938062103
2380.1,1,08:48:26.938157580
2380.1,1,08:48:26.939119030
2380.1,1,08:48:26.939235109
2380.1,1,08:48:26.939915696
2380.1,2,08:48:27.003888900
2380.1,1,08:48:27.004405944
2380.2,2,08:48:27.006873450
2380.2,1,08:48:27.006886003
2380.3,1,08:48:27.006886003
2380.3,1,08:48:27.006892135
2380.1,2,08:48:28.393757640
2380.3,1,08:48:28.498778702
2380.3,2,08:48:28.498896867
2380.3,1,08:48:28.498964834
2380.3,3,08:48:28.499023917
2380.3,1,08:48:28.499072088
2380.3,2,08:48:28.499176874
2380.3,1,08:48:28.499209569
2380.3,1,08:48:28.499489997
2380.2,4,08:48:28.499603807
2380.2,1,08:48:28.499726286
2380.2,1,08:48:28.501621128
2380.1,1,08:48:28.503340903
2380.1,1,08:48:28.503476132
2380.2,2,08:48:28.586118397
2380.2,1,08:48:29.129241407
2380.2,1,08:48:29.322828207
2380.1,1,08:48:29.385819056
2380.1,2,08:48:29.386192577
2380.0,1,08:48:29.702693619
2380.1,1,08:48:29.703391567
2380.0,1,08:48:30.362481357
2380.0,1,08:48:30.362503898
2380.0,2,08:48:30.362655246
2380.0,4,08:48:30.362712402
2380.0,1,08:48:30.362737324
2380.0,4,08:48:30.362866338
2380.0,2,08:48:30.362893353
2380.0,9,08:48:30.362918969
2380.0,2,08:48:30.363020079
2380.0,1,08:48:30.363060636
2380.0,9,08:48:30.363326159
2380.0,1,08:48:30.363438913
2380.0,1,08:48:30.363511292
2380.0,1,08:48:30.363545718
2379.9,4,08:48:30.365323027
2380.0,1,08:48:30.365548795
2380.0,1,08:48:30.365815313
2380.0,2,08:48:30.365841697
2380.0,1,08:48:30.365869538
2380.0,2,08:48:30.366338271
2379.9,1,08:48:30.366459092
2380.0,1,08:48:30.366744259
2379.9,2,08:48:30.368358276
2379.9,1,08:48:30.369853868
2379.9,1,08:48:30.370953698
2380.0,4,08:48:30.375702612
2380.0,1,08:48:30.435048031
2380.0,1,08:48:30.656850040
2380.0,2,08:48:30.657115915
2380.0,3,08:48:30.657196840
2380.0,2,08:48:31.160600551
2379.9,4,08:48:31.160990895
2379.9,1,08:48:31.161530861
2379.9,1,08:48:31.161978976
2379.9,1,08:48:31.798126537
2379.8,1,08:48:31.798263961
2379.9,3,08:48:31.805247615
2379.9,1,08:48:32.083086256
2380.2,1,08:48:33.279405966
2380.2,1,08:48:33.279771868
2380.3,1,08:48:33.562438978
2380.3,1,08:48:33.562692369
2380.3,2,08:48:33.562791843
2380.3,1,08:48:33.563164273
2380.2,1,08:48:33.581756632
2380.2,1,08:48:33.582106185
2380.3,1,08:48:33.891523536
2380.3,3,08:48:33.891731608
2380.3,3,08:48:33.891777263
2380.3,2,08:48:33.891835229
2380.4,3,08:48:33.892259925
2380.4,2,08:48:33.892429935
2380.5,2,08:48:33.894304434
2380.5,1,08:48:33.894311890
2380.5,1,08:48:33.993715462
2380.5,2,08:48:33.993912972
2380.5,1,08:48:33.993948129
2380.5,1,08:48:33.994705891
2380.5,1,08:48:33.994972364
2380.4,1,08:48:34.068488385
2380.4,1,08:48:34.768745903
2380.4,1,08:48:34.769182907
2380.4,1,08:48:34.769491016
2380.5,1,08:48:35.319407431
2380.4,1,08:48:35.400666371
2380.4,1,08:48:35.400890360
2380.3,1,08:48:35.715060364
2380.3,2,08:48:36.475483646
2380.2,3,08:48:36.476033419
2380.1,1,08:48:36.477064542
2380.1,1,08:48:36.478033739
2380.0,1,08:48:36.479925716
2380.0,1,08:48:36.480165286
2380.1,1,08:48:36.482129175
2380.1,1,08:48:36.482414368
2380.0,1,08:48:36.494125980
2379.9,1,08:48:36.494321709
2379.9,1,08:48:36.494888805
2379.9,4,08:48:36.502649502
2379.9,1,08:48:36.507418856
2380.0,1,08:48:36.511095692
2379.9,1,08:48:36.517554564
2379.9,1,08:48:36.517742857
2379.9,1,08:48:36.519395671
2379.9,1,08:48:36.526036608
2380.0,1,08:48:36.544244617
2380.0,2,08:48:36.544320350
2380.0,1,08:48:36.544596277
2380.2,2,08:48:36.752793865
2380.2,2,08:48:36.754958164
2380.1,1,08:48:36.828896494
2380.2,1,08:48:36.988978271
2380.1,2,08:48:37.117142146
2380.1,1,08:48:37.117649217
2380.1,1,08:48:37.257131780
2380.1,2,08:48:37.628528311
2380.1,1,08:48:38.068614529
2380.4,1,08:48:38.844891196
2380.4,1,08:48:38.845084451
2380.4,2,08:48:38.854371202
2380.4,1,08:48:38.855166466
2380.3,3,08:48:38.990253012
2380.4,1,08:48:39.340546353
2380.3,1,08:48:40.435182629
2380.3,2,08:48:40.435240294
2380.4,1,08:48:40.457192795
2380.4,1,08:48:40.457517771
2380.3,1,08:48:40.549825309
2380.2,3,08:48:40.550418180
2380.1,2,08:48:40.554431501
2380.1,1,08:48:40.554839746
2380.1,2,08:48:40.555089527
2380.0,1,08:48:40.555282449
2380.1,2,08:48:40.562200394
2380.1,1,08:48:40.565704250
2380.0,2,08:48:40.820983019
2380.0,1,08:48:40.855096939
2380.0,1,08:48:40.982235365
2380.0,1,08:48:41.184837886
2380.0,1,08:48:41.468087083
2380.0,1,08:48:41.468331574
2379.9,1,08:48:41.676760893
2379.8,2,08:48:41.927516292
2379.7,4,08:48:43.556939070
2379.7,1,08:48:43.557557825
2379.7,1,08:48:43.571792071
2379.6,2,08:48:43.798455211
2379.6,1,08:48:44.107400836
2379.6,1,08:48:44.107498889
2379.5,1,08:48:44.120607330
2379.5,3,08:48:44.144325782
2379.6,1,08:48:44.278323543
2379.5,1,08:48:44.280004128
2379.4,1,08:48:44.478347146
2379.4,1,08:48:44.481507523
2379.4,2,08:48:44.481839364
2379.4,1,08:48:44.492711634
2379.3,1,08:48:44.503623237
2379.4,1,08:48:44.503988221
2379.4,1,08:48:44.504042779
2379.3,1,08:48:44.504161802
2379.4,1,08:48:44.505661096
2379.4,1,08:48:44.628740772
2379.4,1,08:48:44.630145117
2379.3,1,08:48:44.687336438
2379.4,1,08:48:44.709732449
2379.4,2,08:48:44.925346413
2379.4,1,08:48:44.925473362
2379.3,2,08:48:44.973600056
2379.2,2,08:48:45.122176429
2379.2,1,08:48:45.122644163
2379.2,1,08:48:45.122819181
2379.2,1,08:48:45.123437238
2379.1,1,08:48:46.096460427
2379.2,1,08:48:46.376446800
2379.4,1,08:48:46.704615060
2379.4,1,08:48:46.704921844
2379.4,1,08:48:46.705641637
2379.4,1,08:48:46.705957606
2379.4,1,08:48:46.713769485
2379.7,2,08:48:46.996395581
2379.7,1,08:48:47.214908020
2379.7,1,08:48:47.215570734
2379.6,2,08:48:47.883915019
2379.7,1,08:48:47.888051102
2379.7,3,08:48:47.894044714
2379.7,1,08:48:47.894243150
2379.7,1,08:48:47.894722750
2379.7,1,08:48:47.895082601
2379.8,1,08:48:48.044680872
2379.6,1,08:48:48.167211707
2379.9,2,08:48:48.956895718
2379.9,1,08:48:48.957375363
2379.9,1,08:48:49.240696925
2379.9,1,08:48:50.001933263
2380.0,1,08:48:50.136970668
2380.1,1,08:48:50.538506855
2380.1,1,08:48:50.548862755
2380.1,1,08:48:50.551876526
2380.2,1,08:48:50.880642085
2380.2,1,08:48:50.880676323
2380.2,1,08:48:50.881475708
2380.3,1,08:48:50.893395289
2380.3,1,08:48:50.901038922
2380.3,1,08:48:50.901568776
2380.3,1,08:48:51.272640086
2380.2,3,08:48:51.741835326
2380.3,1,08:48:52.108491575
2380.3,1,08:48:52.108814763
2380.4,2,08:48:52.249686271
2380.3,2,08:48:52.545891927
2380.3,2,08:48:53.884280198
2380.3,1,08:48:54.200649263
2380.4,1,08:48:54.415772742
2380.3,2,08:48:54.416169505
2380.4,1,08:48:54.416846690
2380.3,2,08:48:54.504066521
2380.2,1,08:48:54.504097459
2380.3,1,08:48:54.820232941
2380.4,1,08:48:54.834564936
2380.4,1,08:48:54.834616274
2380.4,1,08:48:54.835550751
2380.5,1,08:48:54.859624875
2380.4,2,08:48:55.045512420
2380.5,1,08:48:55.046257625
2380.4,1,08:48:55.548248117
2380.3,1,08:48:55.724926793
2380.3,1,08:48:55.770830823
2380.2,1,08:48:55.809014567
2380.1,1,08:48:55.819845333
2379.9,1,08:48:55.974919666
2379.6,2,08:48:56.510632990
2379.7,2,08:48:56.511828138
2379.6,1,08:48:56.513715840
2379.7,3,08:48:56.558287298
2379.7,1,08:48:56.559454845
2379.6,1,08:48:56.559787531
2379.7,2,08:48:56.596947881
2379.6,1,08:48:56.597983223
2379.7,2,08:48:56.639398081
2379.7,1,08:48:56.937913435
2379.7,1,08:48:56.955648688
2379.7,1,08:48:57.215295597
2379.7,1,08:48:57.215385960
2379.6,1,08:48:57.246531686
2379.6,1,08:48:57.247433407
2379.5,1,08:48:57.535059047
2379.5,11,08:48:57.535516388
2379.5,1,08:48:57.538242494
2379.5,1,08:48:57.601304017
2379.5,1,08:48:57.601584195
2379.4,1,08:48:57.981835071
2379.4,2,08:48:57.982037264
2379.3,1,08:48:57.983693550
2379.2,1,08:48:58.467740073
2379.2,3,08:48:59.521011962
2379.1,1,08:48:59.521682763
2379.2,1,08:48:59.523730551
2379.3,3,08:49:00.031748888
2379.4,2,08:49:00.031919437
2379.3,1,08:49:00.032773767
2379.3,1,08:49:00.543151603
2379.0,2,08:49:01.331834480
2378.9,1,08:49:01.331842406
2379.0,1,08:49:01.432596035
2379.1,1,08:49:01.501544695
2379.2,1,08:49:01.798162156
2379.1,1,08:49:01.798641397
2379.0,2,08:49:02.066167046
2378.9,1,08:49:02.657277443
2378.9,1,08:49:02.949477226
2378.8,1,08:49:03.164830948
2378.8,1,08:49:03.766775422
2378.8,1,08:49:03.767998666
2378.9,1,08:49:03.935143810
