price,volume,timestamp
5205.75,1,10:00:50.058144552
5205.75,1,10:00:50.178744817
5205.75,4,10:00:50.178965067
5205.75,1,10:00:50.179231016
5205.75,10,10:00:50.179477369
5205.5,1,10:00:50.180215771
5205.5,2,10:00:50.180224578
5205.5,1,10:00:50.180224578
5205.75,10,10:00:50.180444819
5205.75,1,10:00:50.180711765
5206.0,1,10:00:50.245497196
5205.75,1,10:00:50.271503002
5205.75,4,10:00:50.383124831
5205.75,2,10:00:50.383317850
5205.75,11,10:00:50.383430162
5205.75,1,10:00:50.383775811
5205.5,20,10:00:50.432784139
5205.5,1,10:00:50.436589330
5205.5,1,10:00:50.460239405
5205.5,1,10:00:50.959345344
5205.75,2,10:00:50.982999944
5205.5,5,10:00:51.003188554
5205.5,1,10:00:51.168860733
5205.5,1,10:00:51.211122516
5205.75,1,10:00:51.219218180
5205.75,2,10:00:51.219258760
5205.5,1,10:00:51.267007118
5205.75,1,10:00:51.326032910
5205.75,2,10:00:51.397230622
5205.75,29,10:00:51.397608217
5205.75,4,10:00:51.398886729
5205.75,7,10:00:51.398919069
5205.75,8,10:00:51.398942353
5205.75,1,10:00:51.398969166
5205.75,1,10:00:51.399016661
5205.75,7,10:00:51.399092583
5205.75,4,10:00:51.399113067
5205.75,26,10:00:51.399251811
5205.75,6,10:00:51.399465294
5205.75,6,10:00:51.399583127
5205.75,1,10:00:51.399700812
5205.75,1,10:00:51.410770959
5205.75,1,10:00:51.609202409
5205.5,1,10:00:51.686317620
5205.5,1,10:00:51.806761881
5205.5,1,10:00:52.103367532
5205.75,32,10:00:52.256153089
5205.75,1,10:00:52.425355460
5205.75,2,10:00:52.456022243
5205.75,1,10:00:52.471834925
5205.75,1,10:00:52.641196028
5205.75,1,10:00:52.649438530
5206.0,1,10:00:52.766550836
5205.75,1,10:00:52.918994542
5206.0,1,10:00:52.966226109
5206.0,1,10:00:53.003753551
5205.75,1,10:00:53.339269240
5206.0,2,10:00:53.472159320
5206.0,3,10:00:53.502806227
5205.75,34,10:00:53.567590182
5206.0,2,10:00:53.571461853
5206.0,9,10:00:53.586352412
5206.0,2,10:00:53.586376623
5206.0,5,10:00:53.586501039
5206.0,1,10:00:53.586544956
5206.0,1,10:00:53.586618193
5206.0,4,10:00:53.586681039
5206.0,1,10:00:53.586681039
5206.0,1,10:00:53.586709874
5206.0,2,10:00:53.631523115
5206.0,1,10:00:53.631699751
5206.0,2,10:00:53.641267577
5206.0,4,10:00:53.641468873
5206.0,1,10:00:53.641527095
5206.0,1,10:00:53.641633699
5206.0,35,10:00:53.641830160
5206.25,2,10:00:53.656294547
5206.0,1,10:00:53.697127785
5206.25,3,10:00:53.700443173
5206.25,1,10:00:53.734563849
5206.0,2,10:00:53.861833788
5206.0,1,10:00:53.892306406
5206.25,3,10:00:53.893360149
5206.25,1,10:00:53.893578243
5206.25,18,10:00:53.893709027
5206.25,1,10:00:53.893770589
5206.25,1,10:00:53.893822757
5206.25,1,10:00:53.893859363
5206.25,1,10:00:53.893977272
5206.25,2,10:00:53.893977272
5206.25,5,10:00:53.894045919
5206.25,2,10:00:53.894530573
5206.25,9,10:00:53.894936600
5206.25,24,10:00:53.897602650
5206.25,1,10:00:53.897682131
5206.25,1,10:00:53.897730749
5206.25,6,10:00:53.897977708
5206.25,10,10:00:53.898040128
5206.25,9,10:00:53.898309228
5206.25,1,10:00:53.901068605
5206.0,1,10:00:53.924092034
5206.25,2,10:00:53.927117030
5206.0,1,10:00:53.954481781
5206.25,2,10:00:53.957569994
5206.0,2,10:00:53.976150067
5206.0,1,10:00:53.984590771
5206.0,1,10:00:53.987457168
5206.0,1,10:00:54.028777176
5206.0,1,10:00:54.059259415
5206.0,2,10:00:54.091108558
5206.0,1,10:00:54.325565285
5206.0,1,10:00:54.765785741
5206.25,1,10:00:54.821377445
5206.25,2,10:00:54.998731955
5206.0,1,10:00:55.012537065
5206.0,1,10:00:55.564899877
5206.25,24,10:00:55.598746579
5206.25,1,10:00:55.598873231
5206.25,6,10:00:55.599080614
5206.25,3,10:00:55.599236346
5206.25,10,10:00:55.599319748
5206.25,13,10:00:55.599446070
5206.25,1,10:00:55.600034090
5206.25,1,10:00:55.600203116
5206.25,1,10:00:55.601833278
5206.25,1,10:00:55.604041488
5206.0,1,10:00:55.619884546
5206.25,2,10:00:55.644735605
5206.25,1,10:00:55.662141658
5206.25,2,10:00:55.671752273
5206.25,2,10:00:55.806562691
5206.0,1,10:00:55.994706295
5206.0,1,10:00:56.098334652
5206.25,1,10:00:56.186084505
5206.25,2,10:00:56.187055183
5206.25,2,10:00:56.375131781
5206.25,2,10:00:56.429159401
5206.25,2,10:00:56.429214996
5206.25,2,10:00:56.429328551
5206.5,2,10:00:56.559825924
5206.25,8,10:00:56.652356163
5206.25,2,10:00:56.793832197
5206.5,2,10:00:56.821907955
5206.25,1,10:00:56.904845467
5206.5,1,10:00:56.989090776
5206.5,5,10:00:56.997318119
5206.5,3,10:00:56.997668484
5206.5,4,10:00:57.026601680
5206.5,2,10:00:57.047666062
5206.5,1,10:00:57.051962500
5206.5,1,10:00:57.060977926
5206.5,3,10:00:57.061132188
5206.5,2,10:00:57.061169904
5206.5,1,10:00:57.061325130
5206.5,1,10:00:57.061354330
5206.5,1,10:00:57.061385406
5206.5,19,10:00:57.062307155
5206.5,45,10:00:57.063019403
5206.5,14,10:00:57.063454622
5206.5,1,10:00:57.063611339
5206.5,5,10:00:57.081519426
5206.5,6,10:00:57.116149476
5206.5,3,10:00:57.116708069
5206.5,1,10:00:57.116887846
5206.5,1,10:00:57.116925917
5206.25,10,10:00:57.129587073
5206.5,2,10:00:57.141882019
5206.5,1,10:00:57.190816499
5206.5,2,10:00:57.349399640
5206.5,1,10:00:57.411910905
5206.25,10,10:00:57.413888240
5206.25,7,10:00:57.426097162
5206.5,6,10:00:57.976671254
5206.5,6,10:00:58.191268249
5206.5,3,10:00:58.191300027
5206.5,2,10:00:58.191337611
5206.5,1,10:00:58.191416879
5206.5,1,10:00:58.191555449
5206.5,1,10:00:58.191587764
5206.5,2,10:00:58.191627073
5206.5,6,10:00:58.191716444
5206.5,7,10:00:58.191771722
5206.5,2,10:00:58.192005964
5206.5,2,10:00:58.192178134
5206.5,9,10:00:58.192355680
5206.5,1,10:00:58.192595377
5206.25,1,10:00:58.456369835
5206.25,2,10:00:58.456743676
5206.25,41,10:00:58.799941107
5206.25,2,10:00:58.800504095
5206.25,1,10:00:58.800524168
5206.25,1,10:00:58.800748768
5206.25,1,10:00:58.807372943
5206.25,9,10:00:58.897105497
5206.25,1,10:00:58.897270752
5206.25,6,10:00:58.897385004
5206.5,1,10:00:58.904595471
5206.5,1,10:00:58.928521518
5206.25,1,10:00:58.999466364
5206.25,2,10:00:58.999575119
5206.25,8,10:00:58.999640102
5206.25,8,10:00:58.999760418
5206.25,8,10:00:58.999925881
5206.25,2,10:00:58.999961561
5206.25,1,10:00:59.000042696
5206.25,3,10:00:59.000042696
5206.25,1,10:00:59.000099776
5206.25,1,10:00:59.000276323
5206.25,1,10:00:59.000470039
5206.25,1,10:00:59.000521729
5206.25,2,10:00:59.000712041
5206.25,2,10:00:59.000741634
5206.25,1,10:00:59.000920642
5206.25,2,10:00:59.001281009
5206.25,1,10:00:59.003242207
5206.25,1,10:00:59.003413295
5206.5,2,10:00:59.032960525
5206.5,1,10:00:59.074020316
5206.25,7,10:00:59.302309003
5206.25,4,10:00:59.302558163
5206.25,2,10:00:59.302609307
5206.25,3,10:00:59.302695269
5206.0,5,10:00:59.347303805
5206.0,20,10:00:59.472516602
5206.0,1,10:00:59.473420012
5206.25,1,10:00:59.771061340
5206.0,1,10:00:59.777068661
5206.0,1,10:00:59.871220819
5206.0,2,10:01:00.009664552
5206.25,3,10:01:00.009953883
5206.25,1,10:01:00.011885870
5206.0,1,10:01:00.012103413
5206.0,1,10:01:00.041249157
5206.25,8,10:01:00.169885567
5206.25,1,10:01:00.170063225
5206.0,1,10:01:00.205306425
5206.25,1,10:01:00.314275285
5206.25,1,10:01:00.325240612
5206.25,1,10:01:00.325379754
5206.25,16,10:01:00.325574859
5206.5,4,10:01:00.343561320
5206.5,4,10:01:00.403014040
5206.25,1,10:01:00.424893553
5206.5,1,10:01:00.602293451
5206.25,1,10:01:00.615584374
5206.25,1,10:01:00.660879033
5206.25,3,10:01:00.920337807
5206.25,1,10:01:00.921575681
5206.5,1,10:01:00.962472265
5206.5,1,10:01:01.028886511
5206.5,2,10:01:01.077161680
5206.5,1,10:01:01.183625751
5206.25,1,10:01:01.214425069
5206.5,1,10:01:01.252935891
5206.5,1,10:01:01.256759811
5206.5,53,10:01:01.266253777
5206.5,1,10:01:01.345219209
5206.5,2,10:01:01.345618286
5206.5,2,10:01:01.345786609
5206.5,1,10:01:01.345821669
5206.5,1,10:01:01.345863859
5206.5,7,10:01:01.345963800
5206.5,3,10:01:01.346335896
5206.5,1,10:01:01.346544422
5206.5,1,10:01:01.346585956
5206.5,1,10:01:01.346653318
5206.5,1,10:01:01.346865008
5206.5,9,10:01:01.511328738
5206.5,1,10:01:01.541550412
5206.5,1,10:01:01.541798413
5206.5,14,10:01:01.545023220
5206.5,1,10:01:01.610137108
5206.5,1,10:01:01.750574268
5206.25,1,10:01:01.750860146
5206.5,1,10:01:01.758742723
5206.5,1,10:01:01.839290978
5206.5,1,10:01:01.846998485
5206.5,1,10:01:01.916080863
5206.5,1,10:01:01.982195893
5206.5,1,10:01:02.003754704
5206.5,3,10:01:02.034091195
5206.5,3,10:01:02.280837660
5206.25,1,10:01:02.286910009
5206.25,1,10:01:02.305181867
5206.5,1,10:01:02.344253702
5206.5,2,10:01:02.888880063
5206.25,1,10:01:03.066966569
5206.5,14,10:01:03.121861633
5206.25,1,10:01:03.152058147
5206.25,1,10:01:03.152363088
5206.25,23,10:01:03.152685007
5206.25,3,10:01:03.153078074
5206.25,1,10:01:03.153179895
5206.25,1,10:01:03.153232282
5206.25,1,10:01:03.153329306
5206.25,2,10:01:03.153440853
5206.25,1,10:01:03.153440853
5206.25,3,10:01:03.155779616
5206.25,1,10:01:03.156068727
5206.25,2,10:01:03.190046043
5206.25,1,10:01:03.212915930
5206.0,2,10:01:03.213317071
5206.25,2,10:01:03.216760836
5206.25,1,10:01:03.248993714
5206.25,1,10:01:03.436967266
5206.0,1,10:01:03.562738772
5206.0,27,10:01:03.801894331
5206.0,3,10:01:03.801991444
5206.0,5,10:01:03.802111306
5206.0,7,10:01:03.802166855
5206.0,8,10:01:03.802236034
5206.0,2,10:01:03.802293207
5205.75,10,10:01:03.901887111
5205.75,1,10:01:03.901909125
5205.75,1,10:01:03.902001636
5205.75,1,10:01:03.902095903
5205.75,2,10:01:03.902141321
5205.75,59,10:01:03.902361496
5205.75,8,10:01:03.903751127
5205.75,1,10:01:03.903803230
5205.75,14,10:01:03.903972971
5205.75,1,10:01:03.904202477
5205.75,14,10:01:03.904526125
5205.75,1,10:01:03.908930770
5205.75,1,10:01:04.109921029
5205.75,25,10:01:04.110287139
5205.75,4,10:01:04.110461011
5205.75,2,10:01:04.110710904
5205.75,1,10:01:04.110803684
5205.75,1,10:01:04.110844768
5205.75,11,10:01:04.110957280
5205.75,4,10:01:04.123123069
5205.75,9,10:01:04.123356313
5205.75,1,10:01:04.123612725
5205.75,1,10:01:04.127272408
5205.75,1,10:01:04.173911982
5205.75,2,10:01:04.174275318
5205.75,14,10:01:04.350343031
5205.75,1,10:01:04.466286294
5205.75,1,10:01:04.513753594
5205.5,1,10:01:04.685235454
5205.5,1,10:01:04.705297837
5205.5,1,10:01:04.726487649
5205.5,1,10:01:04.773197449
5205.5,1,10:01:05.022280383
5205.5,1,10:01:05.229082758
5205.5,1,10:01:05.317172583
5205.75,3,10:01:05.577435838
5205.5,1,10:01:05.605762353
5205.75,6,10:01:05.630869286
5205.75,2,10:01:05.630914048
5205.75,6,10:01:05.630971205
5205.75,5,10:01:05.631023901
5205.75,1,10:01:05.640278996
5206.0,9,10:01:05.657656046
5206.0,2,10:01:05.657726073
5206.0,7,10:01:05.657772678
5206.0,9,10:01:05.657871118
5206.0,29,10:01:05.672876713
5206.0,1,10:01:05.673036537
5206.0,1,10:01:05.767809539
5205.75,1,10:01:05.807882984
5206.0,3,10:01:06.271029146
5205.75,1,10:01:06.510842705
5206.0,1,10:01:06.558671292
5206.0,2,10:01:06.874158745
5205.75,1,10:01:07.133972010
5205.75,67,10:01:07.191055081
5205.75,6,10:01:07.191385327
5205.75,4,10:01:07.191958635
5205.75,26,10:01:07.192301245
5205.75,2,10:01:07.192431591
5205.75,1,10:01:07.192510937
5205.75,1,10:01:07.192834927
5205.75,1,10:01:07.192904765
5205.75,1,10:01:07.212537557
5206.0,2,10:01:07.257244555
5205.75,12,10:01:07.477077966
5205.75,4,10:01:07.507257027
5205.75,1,10:01:07.537480767
5206.0,1,10:01:07.809949171
5205.75,1,10:01:07.860950964
5205.75,1,10:01:07.995166926
5205.75,25,10:01:08.116856158
5205.75,1,10:01:08.117468728
5205.75,3,10:01:08.117601181
5205.75,1,10:01:08.117954000
5205.75,1,10:01:08.118015268
5205.75,1,10:01:08.120812462
5205.5,10,10:01:08.244332408
5205.75,2,10:01:08.395052258
5205.75,32,10:01:08.395221564
5205.75,6,10:01:08.395273039
5205.75,11,10:01:08.395327345
5205.75,3,10:01:08.500670330
5206.0,34,10:01:08.575900368
5206.0,9,10:01:08.576163938
5206.0,1,10:01:08.576193779
5206.0,6,10:01:08.576525145
5206.0,1,10:01:08.576629996
5206.0,1,10:01:08.576794754
5206.0,13,10:01:08.576914234
5206.0,1,10:01:08.577191732
5205.75,5,10:01:08.582823372
5205.75,1,10:01:08.584132192
5206.0,1,10:01:08.661610481
5205.75,1,10:01:08.826981980
5205.75,32,10:01:09.126910635
5205.75,2,10:01:09.127131750
5205.75,5,10:01:09.127709278
5205.75,4,10:01:09.127862007
5205.75,1,10:01:09.127867319
5205.5,1,10:01:09.372563460
5205.75,5,10:01:09.378851237
5205.5,1,10:01:09.400463927
5205.75,1,10:01:09.471280454
5205.5,1,10:01:09.481169146
5205.5,1,10:01:09.500222543
5205.5,1,10:01:09.784366801
5205.5,1,10:01:09.931087972
5205.75,1,10:01:09.994554124
5205.5,1,10:01:10.025780108
5205.75,5,10:01:10.669574772
5205.75,1,10:01:10.744392167
5205.75,1,10:01:10.914478702
5205.5,2,10:01:10.935836328
5205.5,26,10:01:10.940395229
5205.5,12,10:01:10.940565459
5205.5,1,10:01:10.940612158
5205.5,1,10:01:10.940637381
5205.5,1,10:01:10.940690403
5205.5,2,10:01:10.940737366
5205.5,19,10:01:10.940869286
5205.5,1,10:01:10.941903700
5205.5,1,10:01:10.974639540
5205.5,1,10:01:11.113255401
5205.5,1,10:01:11.113342123
5205.5,8,10:01:11.113490843
5205.5,7,10:01:11.113564043
5205.5,3,10:01:11.113639001
5205.5,1,10:01:11.113718059
5205.5,1,10:01:11.113767862
5205.5,3,10:01:11.113812016
5205.5,1,10:01:11.113881484
5205.5,1,10:01:11.442213250
5205.5,1,10:01:11.577328011
5205.25,2,10:01:12.021992942
5205.25,1,10:01:12.022004235
5205.25,2,10:01:12.043511029
5205.5,10,10:01:12.096089977
5205.25,2,10:01:12.103952731
5205.25,1,10:01:12.112019136
5205.5,1,10:01:12.135701324
5205.25,1,10:01:12.290655702
5205.5,1,10:01:12.694409504
5205.5,1,10:01:12.842582920
5205.25,1,10:01:12.958900965
5205.25,24,10:01:13.213413518
5205.25,1,10:01:13.213720475
5205.25,9,10:01:13.213888181
5205.25,6,10:01:13.213995431
5205.25,2,10:01:13.214396799
5205.25,2,10:01:13.214445565
5205.25,1,10:01:13.214521906
5205.25,6,10:01:13.214596170
5205.25,1,10:01:13.214836674
5205.25,1,10:01:13.239402127
5205.25,1,10:01:13.273363704
5205.5,1,10:01:13.276303309
5205.5,5,10:01:13.364064597
5205.5,4,10:01:13.364268703
5205.5,1,10:01:13.364304960
5205.5,1,10:01:13.364337761
5205.5,1,10:01:13.364426364
5205.25,1,10:01:13.424987089
5205.5,2,10:01:13.433361536
5205.5,4,10:01:13.433573198
5205.5,37,10:01:13.442499825
5205.5,1,10:01:13.447792629
5205.5,4,10:01:13.447963531
5205.5,36,10:01:13.448192858
5205.5,4,10:01:13.450641227
5205.25,1,10:01:13.478877935
5205.25,2,10:01:13.509100379
5205.25,3,10:01:13.539267661
5205.5,1,10:01:13.600625901
5205.5,10,10:01:13.600782048
5205.5,1,10:01:13.609201229
5205.5,2,10:01:13.667964237
5205.5,1,10:01:13.901522942
5205.5,5,10:01:14.407189212
5205.5,1,10:01:14.779367750
5205.75,1,10:01:14.952781982
5205.75,1,10:01:14.963421134
5205.75,3,10:01:14.985753097
5205.75,1,10:01:15.008453401
5205.5,1,10:01:15.011788691
5205.75,1,10:01:15.084592716
5205.5,9,10:01:15.728649551
5205.5,1,10:01:15.745129239
5205.5,6,10:01:15.758652672
5205.5,2,10:01:15.758690308
5205.5,1,10:01:15.758712827
5205.5,1,10:01:15.758752460
5205.5,8,10:01:15.758850043
5205.5,1,10:01:15.759590922
5205.5,1,10:01:15.773671755
5205.25,2,10:01:15.805907974
5205.25,2,10:01:15.885916378
5205.25,2,10:01:15.886067911
5205.25,17,10:01:15.886278141
5205.25,4,10:01:15.886808735
5205.25,10,10:01:15.887044573
5205.25,15,10:01:15.887139094
5205.25,1,10:01:15.887316537
5205.25,12,10:01:15.887584360
5205.25,11,10:01:15.887888347
5205.25,6,10:01:15.888104828
5205.25,1,10:01:15.888145795
5205.25,1,10:01:15.888362945
5205.25,1,10:01:15.888423244
5205.25,9,10:01:15.888580223
5205.25,1,10:01:15.896586080
5205.25,2,10:01:15.896621348
5205.25,1,10:01:15.896666408
5205.25,2,10:01:15.896818056
5205.25,1,10:01:15.924012641
5205.25,6,10:01:15.963223387
5205.25,1,10:01:15.963450601
5205.25,2,10:01:15.963514759
5205.25,2,10:01:15.963554648
5205.25,1,10:01:15.996113795
5205.25,1,10:01:15.996500286
5205.25,3,10:01:15.996915274
5205.25,8,10:01:15.997109786
5205.25,1,10:01:15.997403829
5205.25,1,10:01:16.004922433
5205.25,1,10:01:16.053902466
5205.25,3,10:01:16.053974755
5205.25,1,10:01:16.248290807
5205.25,1,10:01:16.478314272
5205.25,1,10:01:16.500914522
5205.25,2,10:01:16.501096417
5205.25,8,10:01:16.501146578
5205.25,1,10:01:16.507453124
5205.25,4,10:01:16.509911903
5205.5,3,10:01:16.858583455
5205.25,1,10:01:17.016237321
5205.5,2,10:01:17.400700355
5205.25,2,10:01:17.715464244
5205.5,1,10:01:17.903598177
5205.5,18,10:01:18.058076819
5205.5,43,10:01:18.108634036
5205.25,1,10:01:18.128690974
5205.25,1,10:01:18.453243573
5205.25,1,10:01:18.524281167
5205.25,1,10:01:18.576537772
5205.25,6,10:01:18.671202729
5205.25,2,10:01:18.671230868
5205.25,2,10:01:18.671341112
5205.25,29,10:01:18.671537677
5205.25,1,10:01:18.671992723
5205.25,10,10:01:18.672194263
5205.25,46,10:01:18.672402404
5205.25,17,10:01:18.892207147
5205.0,1,10:01:19.024597034
5205.0,1,10:01:19.024606605
5205.0,3,10:01:19.024606605
5205.0,1,10:01:19.032151051
5205.0,4,10:01:19.372262537
5205.0,3,10:01:19.372514325
5205.0,5,10:01:19.372572867
5205.0,2,10:01:19.471137165
5205.25,1,10:01:19.479027836
5205.0,1,10:01:19.972318862
5205.0,1,10:01:20.134062776
5205.0,1,10:01:20.134247989
5205.0,2,10:01:20.156163165
5205.0,1,10:01:20.177156614
5205.0,55,10:01:20.177666209
5204.75,2,10:01:20.198356378
5204.75,1,10:01:20.198368272
5204.75,2,10:01:20.198368272
5205.0,1,10:01:20.239299881
5205.0,1,10:01:20.332296981
5205.0,1,10:01:20.332331369
5205.0,9,10:01:20.332494764
5205.0,2,10:01:20.332555962
5205.0,2,10:01:20.343081553
5205.0,1,10:01:20.343234894
5205.0,1,10:01:20.343913822
5205.0,2,10:01:20.344013959
5205.0,1,10:01:20.344052344
5205.0,1,10:01:20.344086862
5205.0,4,10:01:20.344248613
5205.0,2,10:01:20.344290329
5205.0,1,10:01:20.344324631
5205.0,1,10:01:20.344418991
5205.0,1,10:01:20.384502455
5205.0,1,10:01:20.403219964
5205.0,1,10:01:20.597821283
5205.0,2,10:01:20.598012103
5204.75,1,10:01:20.743328115
5204.75,1,10:01:20.847767582
5205.0,1,10:01:20.966899558
5204.75,1,10:01:20.991767126
5204.75,1,10:01:21.037040056
5204.75,1,10:01:21.073962680
5204.75,4,10:01:21.178644229
5204.75,1,10:01:21.201477993
5205.0,21,10:01:21.217067730
5205.0,2,10:01:21.496393028
5205.0,5,10:01:21.496653945
5205.0,1,10:01:21.496840679
5205.0,1,10:01:21.729791393
5205.0,4,10:01:21.737252185
5205.0,1,10:01:21.737621092
5205.0,1,10:01:21.737686082
5205.0,2,10:01:21.737893152
5205.0,1,10:01:21.769176091
5205.0,1,10:01:21.801594666
5205.25,1,10:01:21.922223055
5205.25,5,10:01:22.145815615
5205.25,31,10:01:22.146153670
5205.25,15,10:01:22.147044773
5205.25,6,10:01:22.147120429
5205.25,10,10:01:22.147315652
5205.25,8,10:01:22.147400127
5205.25,1,10:01:22.147400127
5205.25,2,10:01:22.147455677
5205.25,1,10:01:22.154355192
5205.0,2,10:01:22.314948906
5205.25,25,10:01:22.317347031
5205.0,5,10:01:22.964987627
5205.0,1,10:01:22.965388873
5204.75,1,10:01:22.965466847
5205.0,6,10:01:22.965695702
5205.0,2,10:01:22.965793429
5205.0,1,10:01:22.965915137
5205.0,1,10:01:22.965974402
5205.0,1,10:01:22.966539995
5205.0,9,10:01:23.075983339
5205.0,1,10:01:23.203623940
5205.0,1,10:01:23.373612244
5204.75,1,10:01:23.892024787
5204.75,1,10:01:23.989089322
5205.0,1,10:01:25.196036032
5205.0,1,10:01:26.251214430
5205.0,1,10:01:26.400088051
5204.75,2,10:01:26.874621159
5204.75,1,10:01:28.038189093
5204.75,2,10:01:28.038385529
5204.75,1,10:01:28.038422645
5204.75,57,10:01:28.038785751
5204.75,1,10:01:28.039537299
5204.75,1,10:01:28.039574678
5204.75,1,10:01:28.042536460
5204.75,1,10:01:28.043591254
5204.75,2,10:01:28.043788405
5204.75,1,10:01:28.043817919
5204.75,28,10:01:28.044079012
5205.0,1,10:01:28.233382317
5204.75,39,10:01:28.639860226
5204.5,10,10:01:28.939504201
5204.5,1,10:01:28.939516413
5204.5,5,10:01:28.939516413
5204.5,2,10:01:28.939516413
5204.5,1,10:01:29.021608422
5204.5,1,10:01:29.023584164
5204.5,1,10:01:29.043742566
5204.5,1,10:01:29.044197566
5204.5,7,10:01:29.135465354
5204.5,1,10:01:29.144907144
5204.75,2,10:01:29.194596247
5204.75,1,10:01:29.469881827
5204.5,1,10:01:29.710800290
5204.75,1,10:01:29.750914484
5204.5,1,10:01:30.013297397
5204.5,1,10:01:30.037562473
5204.75,1,10:01:30.287540574
5204.75,2,10:01:30.287721884
5204.75,1,10:01:30.287752575
5204.75,12,10:01:30.288057593
5204.75,1,10:01:30.310793169
5204.75,1,10:01:30.558156194
5204.75,23,10:01:31.169070847
5204.5,1,10:01:31.494793503
5204.5,1,10:01:31.495486570
5204.5,1,10:01:31.894174589
5204.5,1,10:01:33.039921541
5204.75,1,10:01:33.621339656
5204.75,1,10:01:33.850460206
5204.5,1,10:01:34.035307858
5204.5,1,10:01:34.099990613
5204.75,62,10:01:34.462099229
5204.75,1,10:01:34.463180457
5204.75,3,10:01:34.705040039
5204.75,5,10:01:34.750002737
5205.0,1,10:01:35.009229918
5205.0,2,10:01:35.464969514
5205.0,1,10:01:35.821504032
5204.75,2,10:01:36.770310285
5204.75,6,10:01:36.770375448
5204.75,2,10:01:36.770574067
5204.75,2,10:01:36.770649783
5204.75,1,10:01:36.770649783
5204.75,3,10:01:36.770713884
5204.75,1,10:01:36.770775273
5204.75,2,10:01:36.770775273
5204.75,11,10:01:36.770803085
5204.75,1,10:01:36.770886182
5204.75,6,10:01:36.770951479
5204.75,10,10:01:36.771034706
5204.75,3,10:01:36.771075705
5204.75,2,10:01:36.771179483
5204.75,1,10:01:36.771179483
5204.75,3,10:01:36.771226050
5204.75,1,10:01:36.771766910
5204.75,20,10:01:36.771915076
5204.75,1,10:01:36.772140415
5204.75,1,10:01:36.772285707
5204.75,3,10:01:36.772285707
5204.75,1,10:01:36.772363933
5204.75,1,10:01:36.772436913
5204.75,1,10:01:36.772497459
5204.75,2,10:01:36.772585035
5204.75,1,10:01:36.772703479
5204.75,1,10:01:36.772977084
5204.75,1,10:01:36.785750230
5204.75,3,10:01:36.785972434
5204.75,1,10:01:36.805690932
5204.75,2,10:01:36.880610086
5204.75,2,10:01:36.880646128
5204.75,1,10:01:36.880690494
5204.75,7,10:01:36.880878312
5204.75,20,10:01:36.881179662
5204.5,2,10:01:36.907238029
5204.75,1,10:01:36.932850284
5204.75,1,10:01:36.933039047
5204.75,1,10:01:36.933073924
5204.75,2,10:01:36.933359418
5204.75,1,10:01:36.933563444
5204.75,2,10:01:36.933621052
5204.75,2,10:01:36.936268075
5204.75,2,10:01:36.936439656
5204.75,2,10:01:36.995110342
5204.75,5,10:01:36.995303894
5204.75,1,10:01:36.995330346
5204.75,1,10:01:37.956278511
5204.75,1,10:01:37.956438053
5204.75,21,10:01:37.956633689
5204.75,2,10:01:37.957807793
5204.75,11,10:01:37.957944551
5204.75,1,10:01:37.961446084
5204.75,1,10:01:37.961525733
5204.75,1,10:01:37.961627764
5204.75,1,10:01:37.961881011
5204.75,1,10:01:38.011554188
5204.75,10,10:01:38.139700144
5204.75,2,10:01:38.403791961
5204.75,1,10:01:38.403963766
5204.75,10,10:01:38.404068625
5204.75,1,10:01:38.404301926
5204.75,4,10:01:38.404580495
5204.75,8,10:01:38.404947974
5204.75,2,10:01:38.405069340
5204.75,5,10:01:38.405153187
5204.75,1,10:01:38.405236940
5204.75,1,10:01:38.541934282
5204.5,2,10:01:38.829237551
5204.5,1,10:01:38.933323301
5204.5,1,10:01:39.210299494
5204.5,7,10:01:39.271267040
5204.5,35,10:01:39.271843664
5204.5,1,10:01:39.271947941
5204.5,1,10:01:39.278500693
5204.5,1,10:01:39.372290348
5204.5,8,10:01:39.646041836
5204.75,1,10:01:39.993063968
5204.5,3,10:01:41.156628240
5204.5,6,10:01:41.156723593
5204.5,3,10:01:41.156799956
5204.5,9,10:01:41.156877795
5204.5,2,10:01:41.157249658
5204.5,3,10:01:41.157327960
5204.5,20,10:01:41.157551632
5204.5,1,10:01:41.310794292
5204.75,1,10:01:41.407843402
5204.75,10,10:01:41.538145650
5204.75,27,10:01:42.426339970
5204.75,3,10:01:42.568666551
5204.75,39,10:01:42.570496533
5204.75,6,10:01:42.571565266
5204.75,3,10:01:42.571973539
5204.75,1,10:01:42.572017767
5204.75,1,10:01:42.572159127
5204.75,2,10:01:42.572211890
5204.75,7,10:01:42.572299670
5204.75,2,10:01:42.572344698
5204.75,23,10:01:42.573288182
5204.75,6,10:01:42.573462772
5204.5,1,10:01:42.731284532
5204.5,1,10:01:42.815489291
5204.5,1,10:01:43.190684704
5204.5,1,10:01:43.540223817
5204.5,1,10:01:43.919602548
5204.5,2,10:01:44.510355250
5204.5,1,10:01:45.012112385
5204.5,1,10:01:45.120716816
5204.5,7,10:01:45.383290906
5204.5,12,10:01:45.383648510
5204.5,1,10:01:45.384391865
5204.25,2,10:01:45.415885167
5204.25,1,10:01:45.415897129
5204.25,1,10:01:45.416037906
5204.25,43,10:01:45.416294665
5204.25,6,10:01:45.425728990
5204.25,2,10:01:45.425757701
5204.25,2,10:01:45.425888702
5204.25,10,10:01:45.425958671
5204.25,15,10:01:45.426142559
5204.25,33,10:01:45.546156688
5204.5,1,10:01:45.684597974
5204.5,5,10:01:46.135203409
5204.5,1,10:01:46.135289472
5204.5,1,10:01:46.135325262
5204.5,6,10:01:46.135407055
5204.5,12,10:01:46.135590164
5204.5,2,10:01:46.180080369
5204.75,1,10:01:46.180358807
5204.5,6,10:01:46.374774798
5204.5,2,10:01:46.374814171
5204.5,1,10:01:46.374840610
5204.5,4,10:01:46.374900429
5204.25,3,10:01:46.954606433
5204.5,5,10:01:47.024047834
5204.5,9,10:01:47.024851520
5204.75,5,10:01:47.185550268
5204.75,1,10:01:47.185559637
5204.75,2,10:01:47.229922887
5204.5,1,10:01:47.265561488
5204.5,1,10:01:47.349906737
5204.5,10,10:01:47.350613343
5204.5,1,10:01:47.350932194
5204.5,1,10:01:47.350987728
5204.5,1,10:01:47.351067438
5204.5,5,10:01:47.351198392
5204.5,1,10:01:47.351418822
5204.5,12,10:01:47.550198015
5204.5,4,10:01:47.664990683
5204.25,2,10:01:48.168771402
5204.5,2,10:01:48.269690287
5204.5,2,10:01:49.245195724
5204.5,2,10:01:49.278941001
5204.5,1,10:01:49.353919589
5204.25,10,10:01:49.555469140
5204.5,5,10:01:49.994583994
5204.5,34,10:01:49.994932654
5204.5,3,10:01:49.995136354
5204.5,5,10:01:49.995192959
5204.5,2,10:01:49.995253195
5204.5,8,10:01:49.995253195
5204.5,4,10:01:49.995333682
5204.5,3,10:01:49.995333682
5204.5,2,10:01:49.995438836
5204.5,1,10:01:49.995438836
5204.5,3,10:01:49.995534622
5204.5,4,10:01:49.995534622
5204.5,8,10:01:49.995534622
5204.5,1,10:01:49.995561946
5204.5,1,10:01:49.995650419
5204.5,12,10:01:49.995802431
5204.5,6,10:01:49.995802431
5204.5,1,10:01:49.995864804
5204.5,3,10:01:49.995864804
5204.5,1,10:01:49.995924085
5204.5,3,10:01:50.004014875
5204.5,1,10:01:50.004666306
5204.5,6,10:01:50.004927607
5204.75,1,10:01:50.007848687
5204.5,1,10:01:50.223164153
5204.5,26,10:01:50.279302017
5204.25,1,10:01:50.415778392
5204.25,5,10:01:50.626877991
5204.25,1,10:01:50.633229140
5204.5,1,10:01:50.757488203
5204.25,2,10:01:51.052086813
5204.5,9,10:01:51.081624746
5204.5,1,10:01:51.081659831
5204.5,3,10:01:51.081928647
5204.5,10,10:01:51.082143173
5204.5,2,10:01:51.082222988
5204.5,1,10:01:51.089836373
5204.25,1,10:01:51.132279740
5204.25,1,10:01:51.319646112
5204.25,1,10:01:51.458553091
5204.5,1,10:01:51.618263593
5204.5,1,10:01:51.657319283
5204.25,1,10:01:51.697993770
5204.5,1,10:01:52.353236033
5204.5,13,10:01:52.353574020
5204.5,2,10:01:52.354335441
5204.5,4,10:01:52.354556172
5204.5,3,10:01:52.354842687
5204.5,4,10:01:52.355039845
5204.5,1,10:01:52.355141204
5204.5,1,10:01:52.910793918
5204.5,2,10:01:52.912164144
5204.5,1,10:01:53.276016261
5204.75,1,10:01:53.295797090
5204.5,1,10:01:53.295816739
5204.75,5,10:01:53.296720958
5204.75,1,10:01:53.574520310
5204.75,1,10:01:53.574722381
5204.75,1,10:01:53.574781713
5204.75,1,10:01:53.574850400
5204.75,1,10:01:53.879008323
5204.5,1,10:01:54.220077184
5204.75,1,10:01:54.265496602
5204.75,11,10:01:54.274321986
5204.75,1,10:01:54.274535334
5204.75,1,10:01:54.274565709
5204.75,1,10:01:54.274616388
5204.75,1,10:01:54.274654085
5204.75,10,10:01:54.274729949
5204.75,1,10:01:54.274770014
5204.75,15,10:01:54.275540804
5204.75,9,10:01:54.275718663
5204.75,1,10:01:54.286807305
5204.75,4,10:01:54.430490252
5204.5,1,10:01:55.037627736
5204.75,1,10:01:55.281936221
5204.75,1,10:01:55.282248643
5204.75,9,10:01:55.282487047
5204.75,1,10:01:55.282705884
5204.75,1,10:01:55.282742877
5204.75,1,10:01:55.282774205
5204.75,5,10:01:55.282849967
5204.75,1,10:01:55.283124664
5204.75,4,10:01:55.283334978
5204.75,1,10:01:55.283730884
5204.75,1,10:01:55.290875219
5204.5,1,10:01:55.701073203
5204.5,1,10:01:56.209126975
5204.5,2,10:01:56.219913115
5204.5,20,10:01:56.220258917
5204.5,1,10:01:56.491302385
5204.5,33,10:01:56.491663947
5204.5,2,10:01:56.491981928
5204.5,4,10:01:56.492044614
5204.5,3,10:01:56.492097443
5204.5,2,10:01:56.492141720
5204.5,1,10:01:56.492188203
5204.5,1,10:01:56.492237829
5204.5,1,10:01:56.668535489
5204.25,6,10:01:57.319336873
5204.25,1,10:01:57.319400942
5204.25,2,10:01:57.319482781
5204.25,1,10:01:57.319482781
5204.25,1,10:01:57.319543655
5204.25,1,10:01:57.319579234
5204.25,6,10:01:57.319874692
5204.25,1,10:01:57.319906440
5204.25,8,10:01:57.320016480
5204.25,2,10:01:57.320078453
5204.25,8,10:01:57.320141049
5204.25,4,10:01:57.320193768
5204.25,1,10:01:57.320193768
5204.25,5,10:01:57.320230207
5204.25,1,10:01:57.320438953
5204.0,1,10:01:57.322871834
5204.0,2,10:01:57.322881127
5204.25,1,10:01:57.519277157
5204.25,38,10:01:57.641109705
5204.25,1,10:01:57.728704129
5204.5,28,10:01:58.189733937
5204.5,33,10:01:58.199636926
5204.5,1,10:01:58.812502839
5204.5,1,10:01:58.845023682
5204.5,2,10:01:58.881834367
5204.25,2,10:01:59.188105261
5203.5,1,10:02:19.147739156
5203.5,1,10:02:19.373118491
5203.5,2,10:02:19.647772624
5203.5,7,10:02:19.648022651
5203.5,8,10:02:19.648249629
5203.5,2,10:02:19.648300897
5203.5,6,10:02:19.648493448
5203.5,1,10:02:19.648519535
5203.5,2,10:02:19.946251813
5203.5,1,10:02:20.029463624
5203.5,1,10:02:20.034055515
5203.5,9,10:02:20.038950337
5203.5,1,10:02:20.039251856
5203.5,1,10:02:20.060385545
5203.5,4,10:02:20.060561984
5203.5,1,10:02:20.060590391
5203.5,3,10:02:20.060657501
5203.5,1,10:02:20.060692334
5203.5,2,10:02:20.060941946
5203.5,1,10:02:20.060981006
5203.5,1,10:02:20.061048678
5203.5,1,10:02:20.068712781
5203.5,2,10:02:20.233071338
5203.5,6,10:02:20.233135540
5203.5,1,10:02:20.233157035
5203.5,1,10:02:20.246056626
5203.5,2,10:02:20.325443073
5203.5,1,10:02:20.342964909
5203.5,1,10:02:20.430113258
5203.5,9,10:02:20.457764828
5203.5,1,10:02:20.610960951
5203.25,1,10:02:20.860610145
5203.5,1,10:02:20.934904973
5203.5,1,10:02:20.935081802
5203.5,1,10:02:20.935152469
5203.5,7,10:02:20.935246718
5203.5,1,10:02:20.935474242
5203.5,1,10:02:20.935696141
5203.5,2,10:02:20.935798232
5203.5,1,10:02:20.935815862
5203.5,1,10:02:20.935937883
5203.5,1,10:02:20.935976418
5203.5,1,10:02:20.936173216
5203.5,1,10:02:20.937337361
5203.5,2,10:02:20.937538473
5203.25,1,10:02:21.526114074
5203.25,5,10:02:21.601786957
5203.25,1,10:02:22.228599092
5203.25,1,10:02:22.250777153
5203.5,5,10:02:22.268230887
5203.5,3,10:02:22.268431272
5203.5,1,10:02:22.268514602
5203.5,2,10:02:22.268596543
5203.5,10,10:02:22.268596543
5203.5,2,10:02:22.268625107
5203.5,1,10:02:22.268685619
5203.5,8,10:02:22.268993731
5203.5,6,10:02:22.269232220
5203.5,3,10:02:22.276783092
5203.25,3,10:02:22.605895170
5203.25,1,10:02:22.827295630
5203.25,3,10:02:22.827556153
5203.25,9,10:02:22.852677529
5203.25,1,10:02:22.852696621
5203.25,4,10:02:22.852804264
5203.25,1,10:02:22.852880678
5203.25,4,10:02:22.852953281
5203.25,2,10:02:22.853247470
5203.25,1,10:02:22.853468223
5203.25,17,10:02:22.853607689
5203.25,33,10:02:22.861649025
5203.25,1,10:02:22.928593775
5203.25,1,10:02:23.545778874
5203.25,4,10:02:23.546349979
5203.25,4,10:02:23.546409376
5203.25,1,10:02:23.546467195
5203.25,16,10:02:23.546756205
5203.25,1,10:02:23.548181306
5203.25,2,10:02:23.548244677
5203.25,2,10:02:23.548327287
5203.25,2,10:02:23.548376020
5203.25,1,10:02:23.649871691
5203.25,1,10:02:23.650171291
5203.25,1,10:02:23.676885963
5203.25,1,10:02:23.680262219
5203.25,4,10:02:23.751364487
5203.25,1,10:02:24.023083833
5203.25,3,10:02:24.214678898
5203.25,1,10:02:24.214790995
5203.5,16,10:02:24.546220918
5203.5,1,10:02:24.688557571
5203.5,10,10:02:24.753994766
5203.25,6,10:02:24.764679736
5203.25,1,10:02:24.807418030
5203.5,1,10:02:25.008119690
5203.25,2,10:02:25.398049161
5203.25,2,10:02:25.407368558
5203.25,1,10:02:25.481680923
5203.5,1,10:02:25.537334938
5203.25,1,10:02:25.922479247
5203.5,1,10:02:26.069880109
5203.25,1,10:02:26.231191177
5203.25,1,10:02:26.461822034
5203.5,1,10:02:26.554091525
5203.5,22,10:02:26.588065376
5203.75,1,10:02:26.692398153
5203.5,1,10:02:26.793336632
5203.5,1,10:02:26.954576973
5203.75,2,10:02:27.137078648
5203.5,5,10:02:27.201957747
5203.5,1,10:02:27.225819505
5203.75,1,10:02:27.296473797
5203.75,2,10:02:27.348042370
5203.75,1,10:02:27.359601160
5203.75,1,10:02:27.390916190
5203.75,1,10:02:27.457313623
5203.75,2,10:02:27.712884710
5203.75,1,10:02:27.950247752
5203.75,2,10:02:28.129638300
5203.75,1,10:02:28.272213143
5203.75,1,10:02:28.272332038
5203.75,2,10:02:28.272425365
5203.75,25,10:02:28.272734593
5204.0,1,10:02:28.366636477
5204.0,2,10:02:28.366646148
5203.75,1,10:02:28.374474911
5204.0,2,10:02:28.678920626
5204.0,1,10:02:28.687929623
5204.0,23,10:02:28.688681004
5204.0,1,10:02:28.688754235
5204.0,1,10:02:28.690214155
5204.0,2,10:02:28.690263920
5204.0,1,10:02:28.690792990
5204.0,2,10:02:28.690903334
5204.0,1,10:02:28.690903334
5204.0,5,10:02:28.695519789
5204.0,1,10:02:28.709818989
5204.0,2,10:02:28.710107481
5204.0,2,10:02:28.710333227
5204.0,2,10:02:28.711634750
5204.0,1,10:02:28.711709901
5204.0,3,10:02:28.712338037
5204.0,2,10:02:28.712382336
5204.0,1,10:02:28.712523629
5204.0,1,10:02:28.727689745
5204.0,1,10:02:28.765671394
5204.25,3,10:02:29.015333184
5204.25,2,10:02:29.015343980
5204.25,2,10:02:29.032680986
5204.25,15,10:02:29.040515089
5204.25,2,10:02:29.040776413
5204.25,1,10:02:29.115809242
5204.25,1,10:02:29.115980989
5204.25,1,10:02:29.125773104
5204.0,3,10:02:29.158254360
5204.25,2,10:02:29.218743610
5204.25,3,10:02:29.335916081
5204.0,1,10:02:29.500603477
5204.25,1,10:02:29.655578183
5204.0,1,10:02:30.012065380
5204.25,1,10:02:30.804340656
5204.0,6,10:02:31.047169154
5204.0,1,10:02:31.161950557
5204.25,1,10:02:31.258675672
5204.25,2,10:02:31.258711669
5204.25,23,10:02:31.258903920
5204.25,1,10:02:31.259490194
5204.25,30,10:02:31.261172449
5204.25,1,10:02:31.266882503
5204.25,1,10:02:31.267172416
5204.25,2,10:02:31.375795563
5204.25,1,10:02:31.375821342
5204.25,1,10:02:31.375866860
5204.25,8,10:02:31.375981925
5204.5,1,10:02:31.552665526
5204.5,1,10:02:32.192963540
5204.5,1,10:02:32.469869404
5204.5,1,10:02:32.473752039
5204.5,20,10:02:32.568216213
5204.25,1,10:02:32.619703764
5204.5,1,10:02:32.732629773
5204.5,2,10:02:32.804823303
5204.5,1,10:02:32.914877867
5204.5,1,10:02:33.133618979
5204.5,1,10:02:33.247197221
5204.5,1,10:02:33.286502573
5204.25,18,10:02:33.775435216
5204.25,31,10:02:33.775589049
5204.25,1,10:02:34.186488102
5204.0,10,10:02:34.675501583
5204.0,2,10:02:34.675577348
5204.0,1,10:02:34.675646990
5204.0,3,10:02:34.675703586
5204.0,5,10:02:34.675736631
5204.0,3,10:02:34.675788878
5204.0,1,10:02:34.675872288
5204.0,1,10:02:34.675907167
5204.0,1,10:02:34.675950429
5204.0,8,10:02:34.676002588
5204.0,2,10:02:34.676106210
5204.0,1,10:02:34.676245118
5204.0,2,10:02:34.676281698
5204.0,2,10:02:34.677268467
5204.0,4,10:02:34.733592909
5204.0,6,10:02:34.928512977
5204.25,2,10:02:35.190855914
5204.25,2,10:02:35.340651990
5204.25,12,10:02:35.341000105
5204.25,6,10:02:35.341285528
5204.25,1,10:02:35.341504506
5204.25,1,10:02:35.341569637
5204.25,1,10:02:35.341655500
5204.25,9,10:02:35.341784709
5204.25,1,10:02:35.341981322
5204.25,2,10:02:35.342252006
5204.25,2,10:02:36.297221142
5204.25,2,10:02:36.297407622
5204.25,1,10:02:36.297446333
5204.25,3,10:02:36.297493169
5204.5,1,10:02:36.720817399
5204.5,35,10:02:36.721219823
5204.5,1,10:02:36.750793174
5204.5,35,10:02:36.924240941
5204.25,1,10:02:37.065985869
5204.25,8,10:02:37.066285712
5204.25,6,10:02:37.066421286
5204.25,2,10:02:37.066477522
5204.25,2,10:02:37.066839886
5204.25,2,10:02:37.066871596
5204.25,2,10:02:37.066958525
5204.25,1,10:02:37.066958525
5204.25,1,10:02:37.066985885
5204.25,1,10:02:37.067029256
5204.25,1,10:02:37.067064111
5204.25,8,10:02:37.067171253
5204.25,1,10:02:37.067295767
5204.25,1,10:02:37.067343243
5204.5,1,10:02:37.370434399
5204.25,1,10:02:37.427015142
5204.25,1,10:02:37.792603243
5204.25,1,10:02:37.792778213
5204.25,6,10:02:37.792888253
5204.25,4,10:02:37.983650635
5204.25,6,10:02:38.263827867
5204.25,1,10:02:38.264017919
5204.25,1,10:02:38.264241569
5204.0,1,10:02:38.340383358
5204.25,2,10:02:38.531317327
5204.25,1,10:02:38.909104148
5204.0,1,10:02:39.013252622
5204.25,1,10:02:40.011390679
5204.0,1,10:02:40.038133947
5204.0,1,10:02:40.042845821
5204.0,1,10:02:40.722915587
5204.25,1,10:02:40.731779656
5204.0,1,10:02:40.973391798
5204.0,1,10:02:40.983284769
5204.0,16,10:02:41.430138123
5204.25,1,10:02:41.587238914
5204.25,27,10:02:41.589171502
5204.25,1,10:02:42.433730908
5204.5,3,10:02:42.492604746
5204.25,1,10:02:43.057351232
5204.25,20,10:02:43.086852625
5204.25,2,10:02:43.086989925
5204.25,2,10:02:43.087102233
5204.25,1,10:02:43.087102233
5204.25,2,10:02:43.087162420
5204.25,1,10:02:43.132510579
5204.25,1,10:02:43.132691897
5204.25,3,10:02:43.132762373
5204.25,1,10:02:43.132890467
5204.25,1,10:02:43.727851081
5204.25,3,10:02:43.888990348
5204.25,1,10:02:44.601634192
5204.0,1,10:02:45.011732464
5204.0,1,10:02:45.034407560
5204.0,7,10:02:45.419532818
5204.25,1,10:02:45.499547597
5204.0,1,10:02:45.683615014
5204.0,33,10:02:46.300934609
5204.0,1,10:02:46.301536304
5204.0,1,10:02:46.301621224
5204.0,1,10:02:46.301658419
5204.0,1,10:02:46.301748312
5204.0,1,10:02:46.302067736
5204.0,13,10:02:46.302405349
5204.25,1,10:02:46.457478822
5204.25,1,10:02:46.588208583
5204.25,39,10:02:46.837691247
5204.5,1,10:02:47.474461926
5204.5,1,10:02:47.478411299
5204.25,12,10:02:47.697897279
5204.5,4,10:02:48.045641130
5204.5,100,10:02:49.879310543
5204.5,1,10:02:49.880331850
5204.5,1,10:02:49.998401473
5204.5,36,10:02:50.306363183
5204.5,3,10:02:50.306422140
5204.5,3,10:02:50.306915171
5204.5,17,10:02:50.712819473
5204.5,6,10:02:50.712874719
5204.5,14,10:02:50.713013004
5204.5,1,10:02:51.250791977
5204.75,1,10:02:51.311760443
5204.75,1,10:02:51.311769582
5204.75,1,10:02:51.338524073
5204.75,1,10:02:51.654696029
5204.5,1,10:02:51.910632701
5204.5,8,10:02:51.910926333
5204.5,3,10:02:51.911123812
5204.5,1,10:02:51.911166033
5204.5,1,10:02:51.911364002
5204.5,1,10:02:51.911562540
5204.5,1,10:02:51.911615242
5204.5,1,10:02:51.911644414
5204.5,1,10:02:51.911882041
5204.75,1,10:02:52.043897556
5204.75,2,10:02:52.316867880
5204.5,1,10:02:52.603416034
5204.75,1,10:02:52.991233558
5204.75,20,10:02:53.140522020
5204.5,1,10:02:53.628198638
5204.75,4,10:02:53.715196642
5204.75,3,10:02:53.724265801
5204.75,2,10:02:53.724307472
5204.75,14,10:02:53.724617886
5204.75,3,10:02:53.724654353
5204.75,1,10:02:53.724687771
5204.75,1,10:02:53.724994738
5204.75,9,10:02:53.725097205
5204.75,26,10:02:53.725416337
5204.75,30,10:02:53.790935189
5204.75,1,10:02:53.961122239
5204.75,1,10:02:54.109222921
5205.0,2,10:02:55.115563339
5205.0,3,10:02:55.115575345
5205.0,1,10:02:55.115575345
5205.0,2,10:02:55.115575345
5204.75,1,10:02:55.142912321
5204.75,3,10:02:55.335474928
5204.75,6,10:02:55.335582604
5204.75,8,10:02:55.335647315
5204.75,1,10:02:55.336103238
5204.75,1,10:02:55.464700892
5204.75,1,10:02:55.535651253
5204.5,1,10:02:55.621619760
5204.75,5,10:02:56.260200705
5204.75,3,10:02:56.440850249
5204.5,1,10:02:56.724060674
5204.75,1,10:02:56.942533005
5204.75,3,10:02:57.017682617
5204.5,1,10:02:57.101809488
5204.75,1,10:02:57.106726522
5204.5,2,10:02:57.400104168
5204.5,2,10:02:57.400282265
5204.5,3,10:02:57.400358063
5204.5,8,10:02:57.400442034
5204.5,3,10:02:57.400495497
5204.5,4,10:02:57.400560449
5204.5,2,10:02:57.400598091
5204.5,2,10:02:57.400925909
5204.5,2,10:02:57.400981040
5204.5,2,10:02:57.401040168
5204.5,1,10:02:57.401167437
5204.5,1,10:02:57.401517063
5204.5,1,10:02:57.401583877
5204.5,15,10:02:57.401892776
5204.5,2,10:02:57.402100951
5204.5,2,10:02:57.402146618
5204.5,7,10:02:57.422480660
5204.5,4,10:02:57.433077174
5204.5,1,10:02:57.625924885
5204.5,1,10:02:57.699988437
5204.5,1,10:02:57.890800976
5204.5,3,10:02:57.890985534
5204.5,4,10:02:57.891163733
5204.5,3,10:02:57.891196723
5204.5,1,10:02:57.891451291
5204.5,1,10:02:57.891536471
5204.5,4,10:02:58.093348864
5204.5,1,10:02:58.093548931
5204.5,1,10:02:58.093780243
5204.5,2,10:02:58.093810845
5204.5,1,10:02:58.102974191
5204.5,1,10:02:58.186147364
5204.5,3,10:02:58.511956798
5204.5,3,10:02:58.513024681
5204.5,2,10:02:58.513217793
5204.5,2,10:02:58.513281701
5204.5,1,10:02:58.513361124
5204.5,1,10:02:58.513399786
5204.5,1,10:02:58.795542355
5204.5,1,10:02:58.873213650
5204.25,1,10:02:59.229224368
5204.5,1,10:02:59.247683857
5204.5,1,10:02:59.247892261
5204.5,3,10:02:59.248582821
5204.5,4,10:02:59.248636643
5204.5,1,10:02:59.248658542
5204.5,2,10:02:59.426093155
5204.5,4,10:02:59.426190087
5204.5,4,10:02:59.426231909
5204.5,1,10:02:59.426287552
5204.5,2,10:02:59.426333963
5204.5,3,10:02:59.549918044
5204.5,5,10:02:59.588803252
5204.5,1,10:02:59.589080045
5204.5,2,10:02:59.589278760
5204.5,7,10:02:59.589789512
5204.25,5,10:02:59.603918468
5204.5,1,10:02:59.713357635
5204.5,1,10:03:00.009926754
5204.25,1,10:03:00.013089464
5204.25,1,10:03:00.042549743
5204.25,1,10:03:00.049173592
5204.25,1,10:03:00.053103530
5204.25,2,10:03:00.208227175
5204.5,1,10:03:00.273406445
5204.5,3,10:03:00.275417180
5204.5,9,10:03:00.297516137
5204.5,2,10:03:00.404170742
5204.5,2,10:03:00.417299490
5204.5,2,10:03:00.426472327
5204.5,1,10:03:00.426521496
5204.5,3,10:03:00.426627466
5204.5,3,10:03:00.426697973
5204.5,1,10:03:00.426741900
5204.5,1,10:03:00.426952513
5204.5,1,10:03:00.427282164
5204.5,1,10:03:00.436332791
5204.5,11,10:03:00.436549496
5204.5,7,10:03:00.468575296
5204.5,5,10:03:00.708710349
5204.5,1,10:03:00.708855418
5204.5,4,10:03:00.826418128
5204.5,2,10:03:00.826635220
5204.5,5,10:03:00.992111082
5204.25,20,10:03:00.992111082
5204.5,1,10:03:00.992722673
5204.5,1,10:03:00.992797378
5204.5,10,10:03:01.016781245
5204.5,2,10:03:01.104264282
5204.5,7,10:03:01.118305476
5204.25,1,10:03:01.169266156
5204.25,10,10:03:01.211679665
5204.25,1,10:03:01.215231250
5204.0,1,10:03:01.242170550
5204.0,2,10:03:01.242180455
5204.25,4,10:03:01.295342131
5204.25,1,10:03:01.295384158
5204.25,6,10:03:01.295588898
5204.25,1,10:03:01.356722591
5204.25,3,10:03:01.356910326
5204.25,1,10:03:01.357187314
5204.25,1,10:03:01.357249949
5204.25,1,10:03:01.357276084
5204.25,6,10:03:01.357477807
5204.25,3,10:03:01.357693237
5204.0,1,10:03:01.414715921
5204.0,1,10:03:01.576433427
5204.25,1,10:03:01.781166237
5204.25,1,10:03:01.790892116
5204.25,6,10:03:01.854670334
5204.25,1,10:03:01.854873487
5204.25,1,10:03:02.369489538
5204.25,14,10:03:02.370274764
5204.25,1,10:03:02.591541891
5204.25,2,10:03:02.697683040
5204.5,1,10:03:02.702382913
5204.25,2,10:03:02.863702856
5204.25,1,10:03:03.128118233
5204.25,1,10:03:03.162224744
5204.5,1,10:03:03.897558338
5204.25,9,10:03:04.240693449
5204.25,2,10:03:04.241077332
5204.25,2,10:03:04.241131714
5204.25,15,10:03:04.241451989
5204.25,1,10:03:04.241571432
5204.25,2,10:03:04.241840830
5204.25,28,10:03:04.242149072
5204.25,1,10:03:04.242439792
5204.25,30,10:03:04.242795311
5204.25,5,10:03:04.242862543
5204.25,4,10:03:04.402563968
5204.25,23,10:03:04.568262420
5204.25,20,10:03:04.624789058
5204.25,2,10:03:04.743491750
5204.25,9,10:03:04.743730629
5204.25,9,10:03:04.743959107
5204.25,4,10:03:04.744034538
5204.25,1,10:03:04.744130102
5204.25,1,10:03:04.982427576
5204.5,1,10:03:05.686982575
5204.25,1,10:03:06.214985473
5204.25,1,10:03:06.892395496
5204.25,2,10:03:07.076152434
5204.25,5,10:03:07.207677714
5204.25,11,10:03:07.208069242
5204.25,1,10:03:07.208578596
5204.25,8,10:03:07.208685776
5204.25,1,10:03:07.208685776
5204.0,1,10:03:07.475792055
5204.0,1,10:03:07.607186415
5204.0,1,10:03:07.801750044
5204.25,2,10:03:07.828077492
5203.75,79,10:03:07.994273822
5204.0,71,10:03:07.994273822
5204.0,2,10:03:07.995233401
5204.0,2,10:03:07.995340366
5204.0,1,10:03:07.995340366
5204.0,2,10:03:07.996625224
5204.0,4,10:03:07.996688101
5204.0,2,10:03:07.996869584
5204.0,1,10:03:07.996869584
5204.0,1,10:03:07.997467327
5204.0,4,10:03:08.155440756
5203.75,1,10:03:08.544912436
5203.75,2,10:03:08.661591223
5204.0,3,10:03:08.736941561
5204.0,6,10:03:08.747699929
5204.0,1,10:03:08.747849989
5203.75,1,10:03:08.778336011
5204.0,1,10:03:08.778608397
5203.75,1,10:03:08.831752446
5203.75,1,10:03:08.946089183
5204.0,1,10:03:08.995284929
5203.75,1,10:03:09.139062104
5203.75,1,10:03:09.139097532
5203.75,5,10:03:09.248460611
5203.75,13,10:03:09.537552466
5203.75,5,10:03:09.538133796
5203.75,29,10:03:09.547301645
5203.75,10,10:03:09.625181018
5203.75,1,10:03:09.647240282
5203.5,1,10:03:09.806381861
5203.5,2,10:03:09.806393743
5203.5,1,10:03:09.806393743
5203.5,1,10:03:09.807073005
5203.5,1,10:03:09.911688673
5203.5,1,10:03:09.949341690
5203.5,1,10:03:10.035108438
5203.75,5,10:03:10.096201408
5203.5,1,10:03:10.253157975
5203.75,2,10:03:10.338110394
5203.75,36,10:03:10.349995353
5203.75,1,10:03:10.352504315
5203.75,1,10:03:10.352841948
5203.75,1,10:03:10.352893632
5203.75,8,10:03:10.353132021
5203.75,1,10:03:10.353315369
5203.75,1,10:03:10.353374739
5203.75,1,10:03:10.353423854
5203.75,1,10:03:10.353601048
5203.75,1,10:03:10.353722020
5203.75,6,10:03:10.353810162
5203.75,2,10:03:10.365229394
5204.0,9,10:03:10.622388665
5204.0,1,10:03:10.623309318
5204.0,12,10:03:10.623493040
5204.0,2,10:03:10.636077111
5204.0,3,10:03:10.636254398
5204.0,1,10:03:10.636327407
5204.0,1,10:03:10.637887029
5204.0,35,10:03:10.638241388
5203.75,3,10:03:10.827038722
5203.75,2,10:03:10.923191651
5203.75,1,10:03:11.020325323
5203.75,1,10:03:11.853661303
5204.0,1,10:03:12.239083937
5204.0,1,10:03:12.239095137
5204.0,1,10:03:12.430794834
5203.75,1,10:03:12.488121360
5204.0,23,10:03:12.579652891
5204.0,1,10:03:12.579705915
5204.0,2,10:03:12.579767883
5204.0,2,10:03:12.579923329
5204.0,1,10:03:12.580007395
5204.0,4,10:03:12.580054849
5204.0,1,10:03:12.580321798
5204.0,4,10:03:12.580588113
5204.0,2,10:03:12.580625330
5204.0,4,10:03:12.580813548
5203.75,1,10:03:12.626908886
5203.75,6,10:03:12.627171355
5203.75,2,10:03:12.627206059
5203.75,1,10:03:12.627546332
5203.75,7,10:03:12.627655899
5203.75,3,10:03:12.627762125
5203.75,10,10:03:12.627849874
5203.75,18,10:03:12.627974782
5203.75,1,10:03:12.628322165
5203.75,7,10:03:12.628529648
5203.75,1,10:03:12.628693968
5203.75,1,10:03:12.628808812
5203.75,3,10:03:12.628872573
5203.75,2,10:03:12.629169174
5203.75,1,10:03:12.639317759
5203.75,7,10:03:12.688614828
5203.75,1,10:03:12.688946329
5203.75,2,10:03:12.689175483
5203.75,2,10:03:12.689302001
5203.75,1,10:03:12.689588531
5203.75,1,10:03:12.689672498
5203.75,1,10:03:12.689913194
5203.75,1,10:03:12.733280984
5203.75,1,10:03:12.776936388
5204.0,1,10:03:13.223748489
5203.75,6,10:03:13.946749396
5203.75,5,10:03:13.947010172
5203.75,2,10:03:14.159184010
5203.75,7,10:03:14.381360378
5203.75,1,10:03:14.381558731
5203.75,12,10:03:14.381694050
5203.75,5,10:03:14.382022174
5203.75,2,10:03:14.382059462
5203.75,1,10:03:14.382124352
5203.75,2,10:03:14.382197067
5203.5,1,10:03:15.013626896
5203.5,1,10:03:15.435988347
5203.75,17,10:03:15.934118779
5203.75,1,10:03:15.944771448
5203.75,1,10:03:15.944931013
5203.75,3,10:03:15.944984534
5203.75,2,10:03:15.945539178
5203.75,1,10:03:15.945585918
5203.75,1,10:03:15.945705921
5203.75,2,10:03:16.241161072
5204.0,8,10:03:16.595021654
5204.0,7,10:03:16.595493113
5203.75,1,10:03:16.845889871
5203.75,1,10:03:16.897266922
5203.75,5,10:03:16.897522840
5203.75,2,10:03:16.897802020
5203.75,1,10:03:16.897855954
5203.75,1,10:03:16.897916502
5203.75,1,10:03:16.898031337
5203.75,2,10:03:16.978474722
5203.75,1,10:03:17.361328393
5203.75,2,10:03:17.361362195
5203.75,1,10:03:17.491012518
5203.75,10,10:03:17.613464158
5203.75,1,10:03:17.753823347
5203.75,3,10:03:17.754033658
5203.75,1,10:03:17.754267106
5203.75,1,10:03:17.754494986
5203.75,1,10:03:17.754729586
5203.75,3,10:03:17.754766527
5203.75,1,10:03:17.754865028
5203.75,2,10:03:17.754980068
5203.75,12,10:03:17.755083526
5203.75,3,10:03:17.755135872
5203.75,1,10:03:17.755360088
5203.75,1,10:03:18.075939008
5203.75,4,10:03:18.235004019
5203.75,23,10:03:18.235354865
5203.75,5,10:03:18.558600847
5203.75,1,10:03:18.559001930
5203.75,19,10:03:18.559647844
5204.0,2,10:03:18.749216228
5204.0,22,10:03:18.749537476
5204.0,3,10:03:18.772053668
5204.0,1,10:03:18.772127156
5204.0,8,10:03:18.772228599
5204.0,1,10:03:18.824505594
5204.0,1,10:03:18.824561736
5204.0,3,10:03:18.824702842
5204.0,2,10:03:18.824956544
5204.0,1,10:03:18.825022228
5203.75,1,10:03:19.570657014
5203.75,1,10:03:19.765142364
5203.75,3,10:03:19.765729423
5203.75,1,10:03:19.765763698
5203.75,2,10:03:19.765890812
5203.75,13,10:03:19.765990337
5203.75,1,10:03:19.766267978
5203.75,1,10:03:19.766346904
5203.75,3,10:03:19.766510007
5203.75,1,10:03:19.766565055
5203.75,1,10:03:19.773931959
5203.75,9,10:03:19.774207362
5203.75,4,10:03:19.775013568
5203.75,1,10:03:19.811751402
5204.0,1,10:03:20.015174635
5203.75,1,10:03:20.103208967
5203.75,1,10:03:20.103400328
5203.75,18,10:03:20.166142010
5203.75,8,10:03:20.166635793
5203.5,1,10:03:20.173275812
5203.5,1,10:03:21.461591720
5203.5,2,10:03:21.565288036
5203.5,3,10:03:21.810923653
5203.5,1,10:03:22.300809037
5203.5,1,10:03:22.325633026
5203.5,1,10:03:22.735067113
5203.5,1,10:03:22.991560504
5203.75,2,10:03:23.065782946
5203.75,1,10:03:24.037952895
5203.75,2,10:03:24.037994991
5203.75,6,10:03:24.038123129
5203.75,1,10:03:24.038233595
5203.75,1,10:03:24.038349274
5203.75,29,10:03:24.038521312
5204.0,2,10:03:24.043234365
5204.0,5,10:03:24.043489207
5204.0,13,10:03:24.043655938
5204.0,2,10:03:24.058096994
5204.0,2,10:03:24.058301353
5204.0,10,10:03:24.058408696
5204.0,2,10:03:24.058453222
5204.0,1,10:03:24.058689671
5204.0,6,10:03:24.058843933
5204.0,1,10:03:24.659509084
5204.0,1,10:03:24.854415357
5204.0,1,10:03:24.854446173
5204.0,1,10:03:24.854719958
5204.0,3,10:03:24.854996018
5204.0,1,10:03:25.070771863
5204.0,1,10:03:25.104374351
5204.0,1,10:03:25.835234440
5204.0,1,10:03:25.990851545
5204.25,1,10:03:26.154795870
5204.25,4,10:03:26.164678875
5204.25,2,10:03:26.164695560
5204.25,1,10:03:26.164797591
5204.25,4,10:03:26.164937162
5204.25,4,10:03:26.165008795
5204.25,3,10:03:26.165090599
5204.25,1,10:03:26.165106830
5204.25,1,10:03:26.165146511
5204.25,19,10:03:26.165352940
5204.25,1,10:03:26.165461486
5204.25,1,10:03:26.165590449
5204.25,5,10:03:26.165748447
5204.25,7,10:03:26.165818795
5204.25,1,10:03:26.165854090
5204.25,1,10:03:26.165911665
5204.25,1,10:03:26.166626716
5204.25,2,10:03:26.168241168
5204.25,4,10:03:26.168367679
5204.25,1,10:03:26.168551456
5204.25,3,10:03:26.168760862
5204.25,3,10:03:26.168849404
5204.25,1,10:03:26.168962575
5204.25,1,10:03:26.169121403
5204.25,1,10:03:26.169322466
5204.25,1,10:03:26.169359647
5204.25,1,10:03:26.209313544
5204.25,4,10:03:26.209532828
5204.25,2,10:03:26.209570380
5204.25,3,10:03:26.209635399
5204.25,1,10:03:26.209750561
5204.25,1,10:03:26.209799076
5204.0,1,10:03:26.225245327
5204.25,9,10:03:26.684452877
5204.25,1,10:03:26.684637607
5204.25,6,10:03:26.684762881
5204.25,3,10:03:26.684822862
5204.25,1,10:03:26.684858207
5204.25,1,10:03:26.684913938
5204.25,2,10:03:26.685106132
5204.25,1,10:03:26.685736983
5204.25,1,10:03:26.696919452
5204.25,1,10:03:26.697089439
5204.25,1,10:03:26.697118454
5204.25,1,10:03:26.840234197
5204.25,1,10:03:27.036083574
5204.5,1,10:03:27.261873982
5204.5,1,10:03:27.271290268
5204.25,2,10:03:27.460746851
5204.5,1,10:03:27.560686386
5204.5,1,10:03:27.689797712
5204.5,1,10:03:28.064289145
5204.5,2,10:03:28.312635631
5204.5,2,10:03:29.016449122
5204.5,1,10:03:29.327226606
5204.25,2,10:03:29.539219624
5204.5,1,10:03:29.865431070
5204.5,1,10:03:29.865625909
5204.25,1,10:03:30.012732770
5204.25,1,10:03:30.032863803
5204.25,4,10:03:30.194120246
5204.5,2,10:03:30.719675473
5204.5,4,10:03:31.611553676
5204.5,1,10:03:31.620673224
5204.5,2,10:03:31.624486091
5204.5,1,10:03:31.624660849
5204.25,2,10:03:32.136429836
5204.25,2,10:03:32.741149772
5204.25,1,10:03:33.504788170
5204.25,2,10:03:34.981672750
5204.25,2,10:03:35.853570744
5204.25,54,10:03:35.853865162
5204.25,1,10:03:35.854672778
5204.25,2,10:03:35.855175284
5204.25,1,10:03:35.865304157
5204.25,1,10:03:36.184296193
5204.25,1,10:03:36.392353617
5204.0,1,10:03:36.800785936
5204.0,5,10:03:37.142303865
5204.0,1,10:03:37.873245237
5204.0,1,10:03:38.071918644
5204.25,22,10:03:38.204337395
5204.25,1,10:03:38.238806529
5204.25,1,10:03:38.238981520
5204.25,1,10:03:38.239013822
5204.25,1,10:03:38.239552822
5204.0,1,10:03:38.303511726
5204.25,1,10:03:40.007816801
5204.25,1,10:03:40.046712694
5204.25,29,10:03:40.047106244
5204.25,5,10:03:40.047218432
5204.25,1,10:03:40.209504643
5204.25,1,10:03:40.382752853
5204.25,1,10:03:40.514118019
5204.5,17,10:03:40.796596606
5204.5,1,10:03:40.796736948
5204.5,1,10:03:40.796801967
5204.5,2,10:03:40.796865142
5204.5,1,10:03:40.796956165
5204.5,1,10:03:40.797028020
5204.5,8,10:03:40.797146445
5204.5,5,10:03:40.797289199
5204.5,3,10:03:40.797289199
5204.5,2,10:03:40.797340618
5204.5,3,10:03:40.797340618
5204.5,3,10:03:40.797950199
5204.5,6,10:03:40.798079423
5204.5,7,10:03:40.798079423
5204.5,1,10:03:40.798136935
5204.5,1,10:03:40.798182414
5204.5,1,10:03:40.798632871
5204.5,1,10:03:40.798846207
5204.5,1,10:03:40.798906941
5204.5,21,10:03:40.799799240
5204.5,1,10:03:40.799799240
5204.5,3,10:03:40.800031799
5204.5,1,10:03:40.800329225
5204.5,1,10:03:40.800540055
5204.5,1,10:03:40.812332756
5204.5,3,10:03:40.824753940
5204.25,6,10:03:42.584026204
5204.5,5,10:03:44.486373443
5204.25,1,10:03:45.013079591
5204.25,1,10:03:47.311600375
5204.5,1,10:03:47.660047040
5204.5,2,10:03:47.660493091
5204.5,9,10:03:47.660766341
5204.5,5,10:03:47.660813773
5204.5,9,10:03:47.660929077
5204.5,6,10:03:47.661354948
5204.5,2,10:03:47.661395108
5204.5,2,10:03:47.661454819
5204.5,25,10:03:47.661629814
5204.5,2,10:03:47.661679959
5204.5,1,10:03:47.661773234
5204.5,5,10:03:47.661920678
5204.5,1,10:03:47.661981879
5204.5,1,10:03:47.662094108
5204.5,2,10:03:47.662160355
5204.5,5,10:03:47.662265740
5204.5,6,10:03:47.662362943
5204.5,2,10:03:47.662362943
5204.5,8,10:03:47.662362943
5204.5,2,10:03:47.662411433
5204.5,1,10:03:47.662461041
5204.5,3,10:03:47.662619255
5204.5,1,10:03:47.662702761
5204.5,1,10:03:47.662808280
5204.5,1,10:03:47.662891907
5204.5,1,10:03:47.663040006
5204.5,1,10:03:47.663096762
5204.5,1,10:03:47.663149573
5204.5,1,10:03:47.663374805
5204.5,4,10:03:47.663673020
5204.5,2,10:03:47.664564456
5204.5,3,10:03:47.673948603
5204.5,3,10:03:47.690354553
5204.5,2,10:03:47.690377430
5204.5,4,10:03:47.690534524
5204.5,1,10:03:47.690742279
5204.5,3,10:03:47.690998799
5204.5,16,10:03:48.777116317
5204.5,16,10:03:48.777245103
5204.5,1,10:03:48.777881248
5204.5,4,10:03:48.777959745
5204.25,2,10:03:48.880798398
5204.5,25,10:03:49.746932427
5204.5,1,10:03:49.747101023
5204.25,1,10:03:49.751805610
5204.25,1,10:03:49.785164452
5204.5,1,10:03:50.019584029
5204.5,5,10:03:50.262541785
5204.5,3,10:03:50.262591799
5204.5,3,10:03:50.262618599
5204.5,6,10:03:50.262696742
5204.5,2,10:03:50.262746093
5204.5,3,10:03:50.262776727
5204.5,1,10:03:51.300786257
5204.75,1,10:03:51.458584107
5204.75,1,10:03:51.458595995
5204.75,1,10:03:51.612348176
5204.75,1,10:03:51.658669374
5204.5,1,10:03:51.865558763
5204.75,1,10:03:52.168626978
5204.5,2,10:03:52.300659567
5204.5,44,10:03:52.301014998
5204.25,1,10:03:52.303019425
5204.5,5,10:03:52.605701792
5204.5,2,10:03:52.606048546
5204.5,4,10:03:52.606193086
5204.5,1,10:03:52.606234172
5204.5,6,10:03:52.606344641
5204.5,3,10:03:52.606453517
5204.5,1,10:03:52.606588111
5204.5,1,10:03:52.606699349
5204.5,1,10:03:52.606769881
5204.5,1,10:03:52.606929418
5204.5,3,10:03:52.606974682
5204.5,1,10:03:52.607123815
5204.5,1,10:03:52.671978987
5204.5,1,10:03:52.943958538
5204.5,9,10:03:53.025166384
5204.5,1,10:03:53.028721654
5204.75,1,10:03:53.129917515
5204.5,7,10:03:53.937974470
5204.5,8,10:03:53.938115861
5204.5,4,10:03:53.938115861
5204.5,1,10:03:53.938115861
5204.5,3,10:03:53.938265813
5204.5,6,10:03:53.938265813
5204.5,1,10:03:53.938265813
5204.5,9,10:03:53.938265813
5204.5,3,10:03:53.938287561
5204.5,1,10:03:53.938688942
5204.5,2,10:03:53.938839102
5204.5,1,10:03:53.938839102
5204.5,10,10:03:53.938839102
5204.5,3,10:03:53.938969997
5204.5,1,10:03:53.938969997
5204.5,1,10:03:53.939142493
5204.5,2,10:03:53.939142493
5204.5,2,10:03:53.939248095
5204.5,3,10:03:53.939248095
5204.5,1,10:03:53.943323064
5204.5,32,10:03:53.949709634
5204.25,3,10:03:54.012126804
5204.5,1,10:03:54.261693117
5204.5,1,10:03:54.550863161
5204.5,2,10:03:54.563889401
5204.5,1,10:03:54.564092560
5204.25,1,10:03:54.584778141
5204.25,1,10:03:54.597551093
5204.5,1,10:03:54.619314859
5204.5,1,10:03:54.619492750
5204.5,1,10:03:54.732215022
5204.5,1,10:03:54.805824536
5204.5,1,10:03:54.848258216
5204.5,1,10:03:54.848427902
5204.5,3,10:03:54.848467480
5204.5,1,10:03:54.863454509
5204.5,1,10:03:55.013112692
5204.5,2,10:03:55.149887244
5204.5,1,10:03:55.260220213
5204.5,1,10:03:56.363551484
5204.5,1,10:03:56.419626932
5204.75,5,10:03:56.607736093
5204.5,1,10:03:57.029711952
5204.5,1,10:03:57.304713970
5204.5,1,10:03:57.780369023
5204.75,1,10:03:58.619493101
5204.75,2,10:03:58.619617877
5204.75,1,10:03:58.619799382
5204.75,1,10:03:58.826903474
5204.75,4,10:03:58.939482344
5204.5,14,10:03:59.020565752
5205.25,3,10:04:28.345606526
5205.25,9,10:04:28.345606526
5205.25,1,10:04:28.345625390
5205.0,3,10:04:28.345833538
5205.0,1,10:04:28.596572754
5205.0,1,10:04:28.619394221
5205.0,1,10:04:28.805542825
5205.0,61,10:04:28.885634990
5205.0,22,10:04:28.886732241
5205.0,2,10:04:28.886849536
5205.0,1,10:04:28.886962256
5205.0,7,10:04:28.887093032
5205.0,4,10:04:28.887171274
5205.0,1,10:04:28.887509358
5205.0,2,10:04:28.887632560
5205.0,7,10:04:28.887760602
5205.0,1,10:04:28.887760602
5205.0,1,10:04:28.887803022
5205.0,1,10:04:28.887930250
5205.0,2,10:04:28.887972455
5205.0,1,10:04:28.888025765
5205.0,1,10:04:28.888173391
5205.0,8,10:04:28.888392926
5205.0,1,10:04:28.888487649
5205.0,2,10:04:28.888519384
5205.0,2,10:04:28.891265735
5205.0,1,10:04:28.891452487
5205.0,2,10:04:28.892376999
5205.0,1,10:04:29.049860302
5205.0,1,10:04:29.359091339
5204.75,1,10:04:29.610813909
5204.75,1,10:04:29.610823356
5204.75,1,10:04:30.014305088
5205.0,15,10:04:30.085952082
5205.0,1,10:04:30.086080590
5205.0,11,10:04:30.086247534
5205.0,1,10:04:30.086283273
5205.0,10,10:04:30.086311785
5205.0,2,10:04:30.086349783
5205.0,2,10:04:30.086437509
5205.0,4,10:04:30.086459948
5205.25,1,10:04:30.284593484
5205.25,2,10:04:30.284798205
5205.25,2,10:04:30.382049359
5205.25,1,10:04:30.465709144
5205.25,8,10:04:30.651669095
5205.25,1,10:04:30.736139844
5205.0,1,10:04:30.907591693
5205.0,2,10:04:30.907781811
5205.0,1,10:04:30.908069296
5205.0,31,10:04:30.908183746
5205.0,15,10:04:31.268222042
5205.0,1,10:04:31.268520961
5205.0,5,10:04:31.268621061
5205.0,1,10:04:31.268768997
5205.0,1,10:04:31.662993087
5205.25,33,10:04:31.797057443
5205.25,6,10:04:31.797088106
5205.25,4,10:04:31.797201552
5205.25,2,10:04:31.797241130
5205.25,6,10:04:31.797307493
5205.25,1,10:04:31.797394950
5205.25,2,10:04:31.797394950
5205.25,1,10:04:31.797491190
5205.25,1,10:04:31.797590475
5205.25,1,10:04:31.797622738
5205.25,1,10:04:31.797701875
5205.25,13,10:04:31.797823782
5205.25,6,10:04:31.798313507
5205.5,2,10:04:31.815292722
5205.5,1,10:04:31.868865601
5205.5,4,10:04:32.004906951
5205.25,2,10:04:32.073719593
5205.25,1,10:04:32.103809833
5205.25,1,10:04:32.134096071
5205.25,2,10:04:32.532997110
5205.25,1,10:04:32.682706282
5205.25,21,10:04:32.761452402
5205.25,5,10:04:32.761725425
5205.25,5,10:04:32.761965737
5205.5,1,10:04:32.944127752
5205.25,2,10:04:33.031529383
5205.25,2,10:04:33.061520570
5205.25,1,10:04:33.091961189
5205.25,2,10:04:34.019289253
5205.25,1,10:04:34.309977976
5205.25,2,10:04:36.662060649
5205.25,73,10:04:36.662550522
5205.25,13,10:04:36.663475186
5205.25,1,10:04:36.663581551
5205.25,2,10:04:36.663581551
5205.25,2,10:04:36.663935244
5205.25,1,10:04:36.664076677
5205.25,4,10:04:36.664076677
5205.5,2,10:04:37.158685687
5205.25,15,10:04:37.604240209
5205.25,1,10:04:37.604292444
5205.25,1,10:04:37.604366788
5205.25,15,10:04:37.604438066
5205.25,5,10:04:37.604876219
5205.25,10,10:04:38.032676856
5205.25,5,10:04:38.122256996
5205.25,1,10:04:38.123339773
5205.5,1,10:04:38.190037177
5205.25,2,10:04:38.262915474
5205.25,1,10:04:38.263192148
5205.25,1,10:04:38.263237716
5205.25,1,10:04:38.263501847
5205.25,19,10:04:38.357276628
5205.25,9,10:04:38.566828392
5205.25,1,10:04:38.928898456
5205.25,11,10:04:39.017143392
5205.0,6,10:04:39.028926119
5205.25,40,10:04:39.040191359
5205.0,19,10:04:39.753067690
5205.0,1,10:04:39.754479616
5205.0,2,10:04:39.827504399
5205.0,2,10:04:39.827531788
5205.0,1,10:04:39.827569395
5205.0,2,10:04:39.827617879
5205.0,3,10:04:39.827668767
5205.0,6,10:04:39.827753898
5205.0,2,10:04:39.827753898
5205.0,25,10:04:39.828210116
5205.0,1,10:04:39.828356611
5205.0,1,10:04:39.828455627
5205.0,1,10:04:39.828693338
5205.0,1,10:04:39.828886862
5205.0,2,10:04:39.891979401
5205.0,12,10:04:39.892258616
5205.0,2,10:04:39.893554338
5205.0,8,10:04:39.893656781
5205.0,1,10:04:39.905269146
5205.0,4,10:04:39.919881411
5205.0,1,10:04:39.920183385
5205.0,11,10:04:39.920406916
5205.0,4,10:04:39.920712417
5205.0,6,10:04:39.920936686
5205.0,2,10:04:39.967919705
5205.0,5,10:04:41.208166246
5205.0,1,10:04:41.210779400
5205.0,1,10:04:41.330624827
5205.0,1,10:04:41.351377021
5205.0,1,10:04:41.481089776
5205.0,1,10:04:42.028198732
5205.0,10,10:04:42.264007011
5205.0,2,10:04:42.332113999
5205.0,1,10:04:42.646302069
5205.0,19,10:04:43.042163169
5205.0,10,10:04:43.050657652
5205.0,1,10:04:43.050682626
5205.0,2,10:04:43.050834321
5205.0,4,10:04:43.050902562
5205.0,8,10:04:43.050993694
5205.0,5,10:04:43.051321585
5205.0,1,10:04:43.051383731
5205.0,23,10:04:43.051614890
5205.0,30,10:04:43.148042968
5205.0,24,10:04:43.148402520
5205.0,2,10:04:43.148513310
5205.0,1,10:04:43.148666382
5205.0,1,10:04:43.148741062
5204.75,6,10:04:43.715923066
5204.75,1,10:04:43.715934535
5204.75,2,10:04:43.715934535
5204.75,1,10:04:43.716132056
5204.75,4,10:04:43.716257392
5204.75,1,10:04:43.716283547
5204.75,6,10:04:43.716393248
5204.75,2,10:04:43.716497605
5204.75,9,10:04:43.716497605
5204.75,1,10:04:43.716572433
5204.75,1,10:04:43.716685744
5204.75,1,10:04:43.716762865
5204.75,8,10:04:43.716813762
5204.75,6,10:04:43.716864598
5204.75,2,10:04:43.716889661
5204.75,1,10:04:43.717023434
5204.75,8,10:04:43.962747264
5204.75,1,10:04:43.963152382
5204.75,8,10:04:44.302167292
5204.75,1,10:04:44.325041878
5204.75,3,10:04:44.412146805
5204.75,6,10:04:44.412390753
5204.75,1,10:04:44.419561176
5204.75,1,10:04:44.469732732
5204.75,1,10:04:45.013651049
5205.0,1,10:04:45.015765936
5205.0,1,10:04:45.034005852
5204.75,1,10:04:45.038023481
5204.75,1,10:04:45.179397719
5204.75,3,10:04:45.179525610
5204.75,2,10:04:45.535829969
5204.75,2,10:04:45.535867819
5204.75,1,10:04:46.557845126
5204.75,1,10:04:46.605964373
5204.75,1,10:04:46.988415044
5204.75,1,10:04:47.624065126
5204.75,1,10:04:47.765697563
5205.0,1,10:04:47.879685214
5204.75,24,10:04:48.750416955
5204.75,5,10:04:48.753879754
5204.75,3,10:04:48.754007299
5204.75,4,10:04:48.754039194
5204.75,4,10:04:48.916175854
5204.75,1,10:04:48.916200447
5204.75,3,10:04:48.916394339
5204.5,1,10:04:49.345870442
5204.5,1,10:04:49.345881155
5204.75,1,10:04:49.691298943
5204.5,10,10:04:49.911818182
5204.5,1,10:04:50.378396199
5204.75,7,10:04:50.406413124
5204.75,1,10:04:50.406621045
5204.75,12,10:04:50.479754267
5204.75,6,10:04:50.479993327
5204.75,1,10:04:50.707878272
5205.0,3,10:04:50.754003675
5204.75,1,10:04:50.777372363
5204.75,1,10:04:51.032655735
5204.75,12,10:04:51.318682238
5205.0,12,10:04:51.584872858
5204.75,1,10:04:51.631244621
5204.75,1,10:04:51.631429841
5204.75,1,10:04:51.697221987
5204.75,1,10:04:52.224837355
5204.75,3,10:04:52.224906639
5204.75,1,10:04:52.225251446
5204.75,2,10:04:52.225488290
5204.75,1,10:04:52.810782399
5204.75,1,10:04:53.009925282
5204.75,2,10:04:53.479950687
5204.75,1,10:04:53.599768684
5205.0,1,10:04:54.865473717
5205.0,6,10:04:55.277760538
5205.0,2,10:04:55.281072570
5205.0,7,10:04:55.287150612
5205.0,35,10:04:55.287486833
5205.0,1,10:04:55.287758813
5205.0,2,10:04:55.288173721
5205.0,3,10:04:55.288284353
5205.0,9,10:04:55.288284353
5205.0,21,10:04:55.754220262
5205.0,1,10:04:56.461638861
5205.0,3,10:04:56.462111729
5205.0,4,10:04:56.462316484
5205.0,4,10:04:56.462545887
5205.0,1,10:04:56.462725786
5205.0,6,10:04:56.462874169
5205.0,3,10:04:56.463118561
5205.0,1,10:04:57.173821432
5205.25,1,10:04:57.925098249
5205.0,1,10:04:58.062215433
5205.25,15,10:04:58.285383912
5205.25,1,10:04:58.285449232
5205.25,1,10:04:58.285510437
5205.25,1,10:04:58.285559269
5205.25,2,10:04:58.285620976
5205.25,2,10:04:58.285687781
5205.25,1,10:04:58.285728966
5205.25,8,10:04:58.285819858
5205.25,3,10:04:58.286161477
5205.25,1,10:04:58.286205493
5205.25,2,10:04:58.286255684
5205.25,6,10:04:58.286472731
5205.25,10,10:04:58.286537731
5205.25,1,10:04:58.287018211
5205.25,1,10:04:58.287049761
5205.25,8,10:04:58.287282338
5205.25,22,10:04:58.287669331
5205.25,1,10:04:58.287773234
5205.25,4,10:04:58.287773234
5205.25,1,10:04:58.287845841
5205.25,1,10:04:58.287975888
5205.25,2,10:04:58.288052206
5205.25,1,10:04:58.288052206
5205.25,1,10:04:58.288134944
5205.25,1,10:04:58.288182855
5205.25,1,10:04:58.288249736
5205.25,1,10:04:58.288592204
5205.25,2,10:04:58.289308852
5205.25,1,10:04:58.289610862
5205.0,1,10:04:58.636197255
5205.0,1,10:04:59.258083861
5205.25,2,10:04:59.563554157
5205.0,1,10:05:00.013820141
5205.25,2,10:05:00.026930930
5205.25,8,10:05:00.027264434
5205.25,1,10:05:00.027317366
5205.25,2,10:05:00.027421046
5205.25,2,10:05:00.027626042
5205.25,22,10:05:00.027841678
5205.0,1,10:05:00.045885504
5205.0,1,10:05:00.050636191
5205.25,4,10:05:00.060558222
5205.25,15,10:05:00.062250259
5205.25,1,10:05:00.062478539
5205.25,4,10:05:00.062569737
5205.25,1,10:05:00.062707087
5205.25,3,10:05:00.062801693
5205.25,5,10:05:00.062935718
5205.25,2,10:05:00.063012437
5205.25,1,10:05:00.063272417
5205.25,1,10:05:00.063458562
5205.25,2,10:05:00.063639496
5205.25,19,10:05:00.063939172
5205.25,1,10:05:00.064197258
5205.25,9,10:05:00.080935588
5205.25,4,10:05:00.323031074
5205.25,2,10:05:00.590738839
5205.25,1,10:05:00.754988611
5205.25,1,10:05:00.854589215
5205.25,1,10:05:00.856859981
5205.25,4,10:05:00.908176206
5205.25,2,10:05:00.908296836
5205.25,2,10:05:00.908389683
5205.25,1,10:05:00.908447233
5205.25,1,10:05:00.908471550
5205.25,1,10:05:00.908796002
5205.25,1,10:05:01.367470132
5205.25,2,10:05:01.460370570
5205.25,4,10:05:01.482522487
5205.25,10,10:05:01.482822151
5205.25,2,10:05:01.482880782
5205.0,1,10:05:01.571922583
5205.0,8,10:05:02.026879357
5205.0,2,10:05:02.027020647
5205.0,1,10:05:02.027152374
5205.0,8,10:05:02.027274491
5205.0,1,10:05:02.027332236
5205.0,3,10:05:02.029571596
5205.0,3,10:05:02.029659598
5205.0,4,10:05:02.029659598
5205.0,4,10:05:02.029725591
5205.0,1,10:05:02.030032733
5205.0,1,10:05:02.030171669
5205.0,2,10:05:02.030171669
5205.0,1,10:05:02.030234899
5205.0,1,10:05:02.030516950
5205.0,4,10:05:02.030625714
5205.0,1,10:05:02.030744222
5205.0,1,10:05:02.030945909
5205.0,1,10:05:02.031017809
5205.0,1,10:05:02.031225790
5205.0,1,10:05:02.031402257
5205.0,3,10:05:02.031441260
5205.0,2,10:05:02.031595382
5205.0,1,10:05:02.031663677
5205.0,3,10:05:02.046570972
5205.0,1,10:05:02.553893631
5205.0,9,10:05:02.711230521
5205.0,1,10:05:02.711447204
5205.0,1,10:05:02.711483500
5205.0,1,10:05:02.711521017
5205.0,3,10:05:02.711570627
5205.0,11,10:05:02.738574233
5205.0,4,10:05:02.738846578
5205.0,1,10:05:02.783191938
5205.0,3,10:05:02.844223080
5205.0,5,10:05:02.844552398
5205.0,1,10:05:02.845672398
5205.0,2,10:05:02.845722149
5205.0,1,10:05:02.845857570
5205.0,2,10:05:02.846464770
5205.0,1,10:05:02.846497125
5205.0,7,10:05:02.853373891
5205.0,1,10:05:02.899136712
5205.0,2,10:05:02.920016669
5204.75,1,10:05:03.303020423
5204.75,1,10:05:03.458675437
5204.75,31,10:05:03.541747223
5204.75,5,10:05:03.541858815
5204.75,1,10:05:03.541948577
5204.75,1,10:05:03.541994958
5204.75,1,10:05:03.614373692
5204.75,1,10:05:03.614443555
5204.75,1,10:05:03.614536722
5204.75,1,10:05:03.627448265
5204.5,1,10:05:04.602092316
5204.75,1,10:05:05.007942616
5204.5,1,10:05:05.450847910
5204.5,1,10:05:05.462028884
5204.75,28,10:05:05.951661561
5204.75,1,10:05:05.952237513
5204.75,14,10:05:05.983861490
5204.75,17,10:05:05.984163409
5204.75,2,10:05:05.984229471
5204.75,11,10:05:05.985737092
5204.75,1,10:05:05.990253314
5204.75,2,10:05:06.021733977
5204.75,1,10:05:06.021762818
5204.75,6,10:05:06.085719708
5205.0,4,10:05:06.323096973
5204.75,4,10:05:06.350164704
5204.75,1,10:05:06.599115248
5204.75,10,10:05:06.605457088
5204.75,9,10:05:06.605587269
5204.75,1,10:05:06.605702293
5204.75,2,10:05:06.605755222
5204.75,1,10:05:06.606071321
5204.75,1,10:05:06.606156603
5204.75,1,10:05:06.606201519
5204.75,1,10:05:06.608099640
5204.75,5,10:05:06.923714637
5204.75,1,10:05:06.924061739
5204.75,2,10:05:07.612696149
5204.75,1,10:05:07.612856539
5204.75,4,10:05:07.612919001
5204.75,1,10:05:07.613287329
5204.75,17,10:05:07.613575987
5204.75,10,10:05:08.773655544
5204.75,34,10:05:08.774049880
5204.5,1,10:05:09.062224584
5204.5,1,10:05:10.034922394
5204.75,1,10:05:10.175022846
5204.5,1,10:05:10.280798570
5204.5,1,10:05:11.051423105
5204.75,5,10:05:11.152275077
5204.75,4,10:05:11.152518614
5204.75,6,10:05:11.152617172
5204.75,1,10:05:11.152617172
5204.75,31,10:05:11.152790696
5204.75,1,10:05:11.153252642
5204.75,11,10:05:11.153355604
5204.75,24,10:05:11.153496918
5204.75,10,10:05:11.153564594
5204.75,2,10:05:11.153607600
5204.75,2,10:05:11.153741177
5204.75,1,10:05:11.153929123
5204.75,1,10:05:11.154142614
5204.75,1,10:05:11.154192497
5204.75,2,10:05:11.157657876
5204.5,1,10:05:11.178575852
5204.5,1,10:05:11.634593017
5204.75,19,10:05:11.975316865
5204.75,5,10:05:12.116015308
5204.75,5,10:05:12.318474345
5204.75,2,10:05:12.826693953
5204.75,3,10:05:13.479103583
5204.75,11,10:05:13.483429963
5204.75,1,10:05:13.483843892
5204.75,1,10:05:13.484146109
5204.5,2,10:05:14.399163054
5204.5,1,10:05:14.399216911
5204.5,2,10:05:14.399348527
5204.5,10,10:05:14.399451210
5204.5,2,10:05:14.399522059
5204.5,6,10:05:14.399609438
5204.5,1,10:05:14.399706386
5204.5,49,10:05:14.399859951
5204.5,1,10:05:14.400646748
5204.5,1,10:05:14.400732148
5204.5,1,10:05:14.401117929
5204.5,7,10:05:14.401253803
5204.5,1,10:05:14.401253803
5204.5,3,10:05:14.401320767
5204.5,3,10:05:14.401640771
5204.5,2,10:05:14.401829214
5204.5,6,10:05:14.401922316
5204.5,7,10:05:14.404109570
5204.5,2,10:05:14.404267995
5204.5,5,10:05:14.404355177
5204.5,1,10:05:14.404604050
5204.5,7,10:05:14.408206266
5204.25,1,10:05:14.659927121
5204.25,1,10:05:14.659937659
5204.25,1,10:05:14.660161676
5204.25,1,10:05:14.675279209
5204.25,1,10:05:14.675463651
5204.25,13,10:05:14.675742248
5204.25,8,10:05:14.676028715
5204.25,7,10:05:14.676106525
5204.25,4,10:05:14.676149659
5204.25,9,10:05:14.676195998
5204.25,2,10:05:14.676252179
5204.25,6,10:05:14.676252179
5204.25,7,10:05:14.676331784
5204.25,2,10:05:14.676331784
5204.25,2,10:05:14.676445118
5204.25,1,10:05:14.676445118
5204.25,4,10:05:14.676485345
5204.25,1,10:05:14.676892985
5204.25,6,10:05:14.677173932
5204.25,2,10:05:14.738134701
5204.25,1,10:05:15.013137884
5204.25,1,10:05:15.027475782
5204.5,6,10:05:15.478296822
5204.5,1,10:05:15.478322115
5204.5,1,10:05:15.478502698
5204.5,3,10:05:15.478570901
5204.5,1,10:05:15.478656653
5204.5,5,10:05:15.478855399
5204.5,6,10:05:15.478936387
5204.5,7,10:05:15.479266403
5204.5,1,10:05:15.479513183
5204.5,1,10:05:15.479548646
5204.5,5,10:05:15.479812562
5204.5,16,10:05:15.480108877
5204.5,4,10:05:15.484192771
5204.5,3,10:05:15.484556112
5204.25,2,10:05:15.537330998
5204.5,1,10:05:15.680755777
5204.5,5,10:05:15.728963185
5204.5,6,10:05:15.729094295
5204.5,3,10:05:15.729201113
5204.5,1,10:05:15.729201113
5204.5,1,10:05:15.731386440
5204.5,12,10:05:15.731646491
5204.5,1,10:05:15.732156961
5204.5,2,10:05:15.732349740
5204.5,7,10:05:15.732431590
5204.5,1,10:05:15.732777246
5204.5,1,10:05:15.870330739
5204.5,1,10:05:16.185386339
5204.75,1,10:05:16.344001424
5204.75,1,10:05:16.368785788
5204.5,1,10:05:17.046658291
5204.5,1,10:05:17.298241776
5204.5,26,10:05:17.754484601
5204.25,2,10:05:18.048740982
5204.25,1,10:05:18.150014123
5204.25,1,10:05:18.918264354
5204.25,1,10:05:19.017644231
5204.25,1,10:05:19.182788551
5204.25,2,10:05:19.416754028
5204.25,5,10:05:20.134178925
5204.5,1,10:05:20.931719390
5204.25,1,10:05:20.963730280
5204.25,1,10:05:21.021792724
5204.25,1,10:05:21.071013867
5204.5,1,10:05:21.243129577
5204.25,1,10:05:21.938862344
5204.5,1,10:05:21.970363083
5204.25,2,10:05:22.733192238
5204.25,10,10:05:22.733287607
5204.25,2,10:05:22.733325716
5204.25,11,10:05:22.733532193
5204.25,1,10:05:22.733987108
5204.25,1,10:05:22.734031301
5204.25,1,10:05:22.755471009
5204.25,1,10:05:22.978494004
5204.25,30,10:05:22.978880440
5204.25,2,10:05:22.978948179
5204.25,1,10:05:23.656376795
5204.5,1,10:05:25.010801200
5204.25,1,10:05:25.306433803
5204.25,5,10:05:25.354580431
5204.25,25,10:05:25.481892161
5204.5,54,10:05:25.819269254
5204.5,1,10:05:25.820137617
5204.5,1,10:05:26.413271016
5204.5,1,10:05:26.417405942
5204.5,1,10:05:26.417464160
5204.5,1,10:05:26.666694337
5204.5,1,10:05:27.416767396
5204.75,30,10:05:27.584932416
5204.75,18,10:05:27.585398429
5204.75,1,10:05:27.585505848
5204.75,1,10:05:27.637422265
5204.75,10,10:05:28.277340161
5204.75,1,10:05:28.288638680
5204.5,1,10:05:28.479608638
5204.75,1,10:05:28.617245408
5204.5,1,10:05:28.652837346
5204.5,1,10:05:29.184543266
5204.5,51,10:05:29.185009885
5204.5,1,10:05:29.185757931
5204.25,1,10:05:29.630817213
5204.5,1,10:05:29.754484055
5204.25,1,10:05:30.013798517
5204.25,2,10:05:30.497085447
5204.25,25,10:05:30.497515333
5204.25,1,10:05:30.498048682
5204.25,21,10:05:30.842350577
5204.25,1,10:05:30.969883189
5204.25,4,10:05:30.970090905
5204.25,1,10:05:30.970131211
5204.25,2,10:05:30.970347023
5204.25,3,10:05:30.970396621
5204.25,2,10:05:30.971534903
5204.25,1,10:05:30.971730948
5204.25,1,10:05:30.987924427
5204.25,1,10:05:31.009842750
5204.25,1,10:05:31.032819343
5204.25,2,10:05:31.228964066
5204.25,1,10:05:31.229464284
5204.25,1,10:05:31.229651849
5204.25,1,10:05:31.229845133
5204.25,3,10:05:31.233598730
5204.25,1,10:05:31.544041183
5204.25,1,10:05:31.728951029
5204.25,1,10:05:32.037591674
5204.25,1,10:05:32.548175833
5204.25,1,10:05:33.039590948
5204.25,1,10:05:33.191786173
5204.25,3,10:05:33.223732113
5204.25,35,10:05:33.224146103
5204.25,1,10:05:33.224765442
5204.25,1,10:05:33.341530225
5204.25,33,10:05:33.473940881
5204.25,1,10:05:33.537335116
5204.25,1,10:05:33.561625499
5204.25,3,10:05:33.561685871
5204.25,2,10:05:33.561734755
5204.25,1,10:05:33.561799678
5204.25,1,10:05:33.561846351
5204.25,7,10:05:33.561929652
5204.25,2,10:05:33.562450376
5204.5,2,10:05:33.640916961
5204.25,1,10:05:33.672355062
5204.25,10,10:05:33.675547706
5204.25,2,10:05:33.675686518
5204.25,1,10:05:33.675940065
5204.25,2,10:05:33.676162642
5204.25,1,10:05:33.713287549
5204.25,6,10:05:33.713449106
5204.0,1,10:05:33.905886589
5204.0,2,10:05:33.905899955
5204.0,1,10:05:33.905899955
5204.25,1,10:05:34.302997465
5204.0,2,10:05:34.401147012
5204.0,2,10:05:34.401373638
5204.0,44,10:05:34.401668390
5204.0,5,10:05:34.402540016
5204.0,5,10:05:34.402652787
5204.0,1,10:05:34.402774814
5204.0,8,10:05:34.403086869
5204.0,1,10:05:34.403165910
5204.0,1,10:05:34.403344762
5204.0,1,10:05:34.403446284
5204.0,2,10:05:34.403486906
5204.0,1,10:05:34.403619379
5204.0,5,10:05:34.403779164
5204.0,4,10:05:34.410028778
5204.0,1,10:05:34.410337031
5204.0,4,10:05:34.410396534
5204.0,2,10:05:34.410728808
5204.0,1,10:05:34.410910188
5204.0,1,10:05:34.444189801
5204.0,10,10:05:34.464029249
5204.0,5,10:05:34.476783816
5204.0,1,10:05:34.476809644
5204.0,4,10:05:34.477009456
5204.0,2,10:05:34.477135001
5204.0,4,10:05:34.477168630
5204.0,1,10:05:34.477246213
5204.0,1,10:05:34.477355988
5204.0,1,10:05:34.477549326
5204.0,3,10:05:34.477761691
5203.75,2,10:05:35.009141424
5203.75,1,10:05:35.142502036
5203.75,1,10:05:35.591361243
5204.0,5,10:05:35.665182494
5204.0,4,10:05:35.665208962
5204.0,1,10:05:35.665385039
5204.0,2,10:05:35.665474382
5204.0,6,10:05:35.665523058
5204.0,2,10:05:35.666981606
5204.0,8,10:05:35.667191526
5204.0,4,10:05:35.667266430
5204.0,2,10:05:35.668162004
5204.0,8,10:05:35.677256973
5204.0,1,10:05:35.677455544
5204.0,4,10:05:35.677553901
5204.0,1,10:05:35.741688347
5204.0,1,10:05:35.887837741
5204.0,1,10:05:35.887872358
5204.0,2,10:05:35.888349450
5204.0,14,10:05:35.888673598
5204.0,2,10:05:35.888762982
5204.0,5,10:05:35.888845271
5204.0,1,10:05:35.889153588
5204.0,1,10:05:35.889242825
5204.0,7,10:05:35.889342322
5203.75,1,10:05:36.148352424
5204.0,6,10:05:36.185655667
5204.0,5,10:05:36.185779262
5204.0,1,10:05:36.185811239
5204.0,7,10:05:36.185905778
5204.0,1,10:05:36.185933068
5204.0,3,10:05:36.186285808
5203.75,7,10:05:36.210217003
5204.0,43,10:05:36.210217003
5203.75,1,10:05:36.210750102
5203.75,1,10:05:36.210776384
5204.0,5,10:05:36.210943840
5204.0,1,10:05:36.210995335
5203.75,1,10:05:36.226649839
5204.0,14,10:05:36.313575418
5204.0,24,10:05:36.313823346
5204.0,1,10:05:36.320515142
5204.0,2,10:05:36.321494445
5204.0,23,10:05:36.321850945
5204.0,1,10:05:36.410356866
5203.75,20,10:05:36.490048391
5203.75,1,10:05:36.490180077
5203.75,6,10:05:36.490255003
5203.75,4,10:05:36.490331328
5203.75,8,10:05:36.490416914
5203.75,45,10:05:36.490544173
5203.75,5,10:05:36.491205297
5203.75,2,10:05:36.491240527
5203.75,10,10:05:36.491621158
5203.75,5,10:05:36.491692023
5203.75,1,10:05:36.491829588
5203.75,5,10:05:36.491870748
5203.75,8,10:05:36.492107427
5203.75,3,10:05:36.492165137
5203.75,1,10:05:36.492209643
5203.75,3,10:05:36.492286973
5203.75,1,10:05:36.492352808
5203.75,1,10:05:36.492465819
5203.75,2,10:05:36.503650367
5203.75,1,10:05:36.506441152
5203.75,2,10:05:36.510255837
5203.75,2,10:05:36.510663646
5203.75,1,10:05:36.521858915
5203.75,1,10:05:36.546432698
5203.75,1,10:05:36.683090308
5203.75,3,10:05:37.006964559
5203.75,1,10:05:37.056187298
5203.75,16,10:05:37.285645649
5203.75,1,10:05:37.408805638
5203.75,1,10:05:37.415232459
5203.75,1,10:05:37.453006351
5203.75,9,10:05:37.658914166
5203.75,1,10:05:37.952503056
5203.75,1,10:05:38.073749657
5204.0,1,10:05:38.132417935
5204.0,30,10:05:38.133036760
5204.0,14,10:05:38.133260096
5204.0,1,10:05:38.145128511
5204.0,3,10:05:38.325031863
5204.0,1,10:05:38.562782984
5204.0,1,10:05:38.565631089
5204.0,1,10:05:38.800571242
5204.0,1,10:05:38.883743957
5204.0,2,10:05:39.059316855
5204.0,1,10:05:39.612322812
5204.0,1,10:05:39.613136186
5204.0,2,10:05:39.721083460
5204.0,2,10:05:39.808174256
5204.0,1,10:05:39.810184252
5204.0,11,10:05:40.213616989
5204.0,1,10:05:40.213982129
5204.0,13,10:05:40.214720454
5204.0,7,10:05:40.215212647
5204.0,16,10:05:40.215477100
5203.75,1,10:05:40.552789372
5204.0,5,10:05:40.586402332
5204.0,8,10:05:40.586683170
5204.0,14,10:05:41.019617552
5204.0,2,10:05:41.019674518
5204.0,1,10:05:41.019724705
5204.0,3,10:05:41.019788547
5204.0,1,10:05:41.019925631
5204.0,1,10:05:41.019986099
5204.0,5,10:05:41.020058340
5204.0,1,10:05:41.020129712
5204.0,1,10:05:41.020510760
5204.0,3,10:05:41.323953579
5204.0,1,10:05:41.917953462
5204.0,1,10:05:41.918130525
5204.0,2,10:05:41.918643831
5204.0,3,10:05:41.918824743
5204.0,10,10:05:41.919473786
5204.0,1,10:05:41.919514325
5204.0,1,10:05:41.919592096
5204.0,1,10:05:41.919665461
5204.0,6,10:05:41.919752211
5204.0,2,10:05:41.924119410
5204.0,5,10:05:41.928155449
5204.0,2,10:05:41.929441652
5204.0,1,10:05:41.929607527
5204.0,2,10:05:41.932098812
5204.0,1,10:05:41.932168778
5204.0,1,10:05:41.948539383
5204.0,1,10:05:41.948714970
5204.0,1,10:05:42.862591393
5204.0,1,10:05:42.878454883
5204.0,5,10:05:42.967847773
5203.75,3,10:05:43.440706127
5204.0,15,10:05:43.683923326
5204.0,7,10:05:43.684146299
5204.0,1,10:05:44.305783199
5204.0,3,10:05:44.561927376
5204.25,1,10:05:44.615418333
5204.25,2,10:05:44.615429655
5204.0,1,10:05:45.014095947
5204.25,1,10:05:45.016058216
5204.0,1,10:05:45.144112685
5204.0,1,10:05:45.162428698
5204.0,18,10:05:45.376323848
5204.0,1,10:05:46.993232428
5204.0,1,10:05:47.024395129
5203.75,3,10:05:48.003439607
5203.75,42,10:05:48.003886894
5203.75,1,10:05:48.004517402
5203.75,1,10:05:48.004568027
5203.75,1,10:05:48.004831946
5203.75,25,10:05:48.153601874
5204.0,9,10:05:48.621267670
5203.75,1,10:05:48.914087871
5203.75,1,10:05:48.930776444
5203.75,1,10:05:49.206573672
5203.75,3,10:05:50.042612357
5203.75,57,10:05:50.042850903
5203.5,40,10:05:50.043852090
5203.5,1,10:05:50.043862010
5203.5,2,10:05:50.043862010
5203.5,7,10:05:50.044035464
5203.75,8,10:05:50.070082112
5203.5,1,10:05:50.070409237
5203.5,10,10:05:50.101563314
5203.75,1,10:05:50.120124912
5203.5,2,10:05:50.450536331
5203.5,7,10:05:50.450657478
5203.5,1,10:05:50.450698753
5203.5,2,10:05:50.450756482
5203.5,1,10:05:50.450834049
5203.5,6,10:05:50.450951107
5203.5,1,10:05:50.451332811
5203.5,2,10:05:50.477764930
5203.5,1,10:05:51.129311276
5203.5,1,10:05:51.129328858
5203.5,32,10:05:51.129506749
5203.5,1,10:05:51.129631881
5203.25,1,10:05:51.173018584
5203.25,2,10:05:51.173033916
5203.25,1,10:05:51.173038853
5203.25,1,10:05:51.173048060
5203.25,1,10:05:51.173059247
5203.25,1,10:05:51.173064956
5203.25,1,10:05:51.173074518
5203.25,1,10:05:51.173082476
5203.25,1,10:05:51.173089808
5203.25,1,10:05:51.173094256
5203.25,1,10:05:51.190479015
5203.25,1,10:05:51.204517883
5203.25,1,10:05:51.232682571
5203.25,1,10:05:51.285389944
5203.5,1,10:05:51.309823251
5203.5,2,10:05:51.310575525
5203.5,1,10:05:51.310755577
5203.5,2,10:05:51.310798547
5203.5,1,10:05:51.310960327
5203.5,5,10:05:51.311026987
5203.5,1,10:05:51.311046623
5203.5,5,10:05:51.311126413
5203.5,1,10:05:51.311163784
5203.5,1,10:05:51.311392694
5203.5,1,10:05:51.311512619
5203.5,1,10:05:51.311556528
5203.5,1,10:05:51.311647546
5203.25,1,10:05:51.429981907
5203.5,1,10:05:51.439855241
5203.25,1,10:05:51.507616949
5203.25,1,10:05:52.229583259
5203.25,3,10:05:52.419404265
5203.25,50,10:05:52.586938964
5203.25,2,10:05:52.587403268
5203.25,8,10:05:52.587446440
5203.25,1,10:05:52.590216028
5203.5,1,10:05:52.651651507
5203.25,3,10:05:52.900309780
5203.25,1,10:05:52.922303726
5203.25,3,10:05:53.224572873
5203.5,2,10:05:53.637562652
5203.5,1,10:05:53.637611036
5203.5,1,10:05:53.637641835
5203.5,1,10:05:53.637677814
5203.5,1,10:05:53.637721142
5203.5,5,10:05:53.637803221
5203.5,1,10:05:53.637843449
5203.5,25,10:05:53.637963278
5203.5,1,10:05:53.638134124
5203.5,1,10:05:53.638331040
5203.5,5,10:05:53.638458316
5203.5,1,10:05:53.638536458
5203.5,3,10:05:53.638694403
5203.5,6,10:05:53.638950940
5203.5,6,10:05:53.639002548
5203.5,1,10:05:53.639195943
5203.5,6,10:05:53.974357011
5203.5,1,10:05:53.974387425
5203.5,2,10:05:53.974471160
5203.5,6,10:05:53.974590449
5203.5,1,10:05:53.974663277
5203.5,1,10:05:53.975970887
5203.5,5,10:05:53.976069260
5203.5,2,10:05:53.976154164
5203.5,7,10:05:53.976214776
5203.5,6,10:05:53.976429069
5203.5,1,10:05:53.977003007
5203.5,6,10:05:53.977060759
5203.5,3,10:05:53.977125989
5203.5,8,10:05:53.977204931
5203.5,1,10:05:53.977278088
5203.5,1,10:05:53.977458172
5203.5,1,10:05:53.977821206
5203.5,19,10:05:54.010764278
5203.5,6,10:05:54.010978792
5203.5,11,10:05:54.011193807
5203.5,9,10:05:54.011273061
5203.5,3,10:05:54.011348401
5203.5,1,10:05:54.011420333
5203.25,1,10:05:54.318117739
5203.5,1,10:05:54.648472195
5203.5,7,10:05:54.824553367
5203.5,4,10:05:54.824906936
5203.5,1,10:05:54.825106413
5203.5,1,10:05:54.825150315
5203.5,3,10:05:54.825200725
5203.5,2,10:05:54.825233573
5203.5,1,10:05:54.825264627
5203.5,16,10:05:54.825443242
5203.5,1,10:05:55.082287778
5203.5,1,10:05:55.132862521
5203.5,1,10:05:55.261023745
5203.75,1,10:05:55.305356826
5203.5,10,10:05:55.941434487
5203.5,2,10:05:55.953659911
5203.5,1,10:05:55.953976410
5203.5,1,10:05:55.954020660
5203.5,2,10:05:55.954225116
5203.5,1,10:05:55.954269705
5203.5,1,10:05:55.955063031
5203.5,3,10:05:55.979658806
5203.5,5,10:05:55.979960322
5203.5,1,10:05:55.980152476
5203.5,1,10:05:55.980226212
5203.5,1,10:05:55.980774931
5203.5,2,10:05:55.980813171
5203.5,2,10:05:55.980875799
5203.5,1,10:05:55.980914079
5203.5,1,10:05:56.105037595
5203.5,1,10:05:56.161168587
5203.5,1,10:05:56.359453401
5203.5,1,10:05:56.444013650
5203.25,10,10:05:57.216627188
5203.5,3,10:05:57.639861286
5203.25,1,10:05:57.740100263
5203.25,1,10:05:58.239267857
5203.25,1,10:05:58.301765509
5203.25,5,10:05:58.344364023
5203.25,49,10:05:58.344789750
5203.25,2,10:05:58.344953418
5203.25,16,10:05:58.345855705
5203.25,1,10:05:58.345899104
5203.25,2,10:05:58.346073018
5203.25,8,10:05:58.346286702
5203.25,1,10:05:58.346358185
5203.25,1,10:05:58.346557290
5203.25,8,10:05:58.346636561
5203.25,6,10:05:58.346712352
5203.25,1,10:05:58.346767589
5203.25,1,10:05:58.346961192
5203.5,2,10:05:58.497839261
5203.5,1,10:05:58.644662068
5203.25,5,10:05:58.724190901
5203.5,1,10:05:58.776382517
5203.25,11,10:05:58.975592772
5203.5,2,10:05:59.029078985
5203.25,1,10:05:59.061673999
5203.25,7,10:05:59.227075540
5203.5,1,10:05:59.307383968
5203.5,12,10:05:59.465610033
5203.5,39,10:05:59.465997919
5203.5,1,10:05:59.466155030
5203.5,2,10:05:59.466261230
5203.5,1,10:05:59.466261230
5203.75,1,10:06:09.401304900
5203.75,5,10:06:09.439344578
5203.75,6,10:06:09.439637239
5204.0,53,10:06:09.585067847
5204.0,38,10:06:09.585454118
5204.0,1,10:06:09.590742778
5204.0,1,10:06:09.590948379
5204.0,10,10:06:09.591207974
5204.0,2,10:06:09.591259825
5204.0,1,10:06:09.591354598
5204.0,5,10:06:09.591459480
5204.0,2,10:06:09.591915048
5204.0,1,10:06:09.591950406
5204.0,4,10:06:09.592177830
5204.25,1,10:06:09.595456982
5204.25,3,10:06:09.595467244
5204.25,5,10:06:09.595467244
5204.0,58,10:06:09.759466293
5204.0,2,10:06:09.760137308
5204.0,13,10:06:09.771585077
5204.0,2,10:06:09.771668218
5204.0,2,10:06:09.771708379
5204.0,1,10:06:09.771916432
5204.0,19,10:06:09.772217925
5204.0,8,10:06:09.774551863
5204.0,1,10:06:09.774827172
5204.0,1,10:06:09.802742248
5204.0,7,10:06:09.836348665
5204.0,1,10:06:10.007683948
5204.0,1,10:06:10.104506330
5204.0,1,10:06:10.421824693
5204.0,6,10:06:11.362035091
5204.0,4,10:06:11.362242496
5204.0,1,10:06:11.362295835
5204.0,1,10:06:11.362339164
5204.0,4,10:06:11.362486991
5204.0,1,10:06:11.362532173
5204.0,5,10:06:11.362551561
5204.0,1,10:06:11.362718580
5204.0,1,10:06:11.362750104
5203.75,8,10:06:11.375886243
5204.0,21,10:06:11.702651984
5204.0,10,10:06:11.719432970
5204.25,5,10:06:11.904255389
5204.25,3,10:06:11.904420080
5204.25,53,10:06:11.904633966
5204.25,2,10:06:11.907227033
5204.25,10,10:06:11.907459841
5204.25,6,10:06:11.907553378
5204.0,2,10:06:12.095905754
5204.0,1,10:06:12.700359063
5204.0,1,10:06:12.731282040
5204.25,1,10:06:13.068833471
5204.25,2,10:06:13.388561600
5204.25,1,10:06:13.602582762
5204.0,1,10:06:14.032714120
5204.25,1,10:06:14.088610511
5204.0,34,10:06:14.895099941
5204.0,1,10:06:14.895718322
5204.0,1,10:06:14.895765254
5203.75,1,10:06:15.014267446
5203.75,3,10:06:15.458493989
5203.75,10,10:06:15.544028369
5203.75,1,10:06:15.544245248
5203.75,1,10:06:15.544292817
5203.75,11,10:06:15.544456599
5203.75,6,10:06:15.544589491
5203.75,1,10:06:15.544822002
5203.75,5,10:06:15.639807270
5203.75,1,10:06:15.685347770
5203.75,2,10:06:15.685518039
5203.75,1,10:06:15.685518039
5203.75,8,10:06:15.686474839
5203.75,2,10:06:15.686697522
5203.75,2,10:06:15.686810042
5203.75,8,10:06:15.686890949
5203.75,1,10:06:15.714153166
5203.75,2,10:06:15.844434130
5203.75,9,10:06:15.844639094
5203.75,1,10:06:15.860420298
5203.75,1,10:06:15.860606858
5203.75,6,10:06:15.860791531
5204.0,10,10:06:15.865337379
5203.75,2,10:06:16.044263735
5203.75,3,10:06:16.044292072
5203.75,3,10:06:16.044370776
5203.75,6,10:06:16.044550684
5203.75,1,10:06:16.044855484
5203.75,1,10:06:16.044978421
5203.75,8,10:06:16.044978421
5203.75,5,10:06:16.045192041
5204.0,1,10:06:16.837449106
5203.75,1,10:06:17.970800698
5204.0,1,10:06:18.528971798
5204.0,2,10:06:18.734021386
5203.75,1,10:06:18.778070304
5204.0,1,10:06:19.566617453
5203.75,1,10:06:20.754890365
5203.75,6,10:06:20.777029592
5204.0,1,10:06:21.341082224
5204.0,2,10:06:21.349907570
5204.0,2,10:06:22.231657753
5204.0,1,10:06:24.150261421
5204.0,2,10:06:24.442073965
5204.0,1,10:06:24.719213397
5204.0,39,10:06:25.254315532
5204.0,4,10:06:25.254421854
5204.0,1,10:06:25.254421854
5204.0,10,10:06:25.254509337
5204.0,7,10:06:25.254575980
5204.0,50,10:06:25.493965119
5204.0,15,10:06:25.494198870
5204.0,1,10:06:25.494762280
5204.0,2,10:06:25.494845619
5204.0,15,10:06:25.500305975
5204.0,13,10:06:25.500489352
5204.0,2,10:06:25.722170352
5204.25,2,10:06:25.864978029
5204.25,22,10:06:27.124004089
5204.25,28,10:06:27.124286175
5204.25,7,10:06:27.138877979
5204.25,2,10:06:27.485108122
5204.5,12,10:06:27.812444070
5204.5,1,10:06:27.812457980
5204.25,2,10:06:28.161050663
5204.5,1,10:06:28.230657089
5204.5,1,10:06:28.493063997
5204.5,1,10:06:28.630225643
5204.5,40,10:06:28.630623212
5204.5,4,10:06:28.630807631
5204.5,10,10:06:28.630881659
5204.5,9,10:06:28.630936003
5204.5,1,10:06:28.630936003
5204.5,4,10:06:28.630993949
5204.5,9,10:06:28.630993949
5204.5,6,10:06:28.631021931
5204.5,6,10:06:28.631094559
5204.5,8,10:06:28.631170478
5204.5,1,10:06:28.631233852
5204.5,1,10:06:28.631333969
5204.5,1,10:06:28.631551788
5204.5,1,10:06:28.631689854
5204.5,1,10:06:28.631692488
5204.5,2,10:06:28.631744189
5204.5,3,10:06:28.631848642
5204.5,1,10:06:28.631986215
5204.5,12,10:06:28.632468872
5204.5,1,10:06:28.634061355
5204.5,1,10:06:28.638951219
5204.5,1,10:06:28.836935036
5204.25,1,10:06:28.840967429
5204.25,7,10:06:29.057662259
5204.25,2,10:06:29.057939859
5204.25,49,10:06:29.058187252
5204.25,1,10:06:29.058521317
5204.25,1,10:06:29.058574719
5204.25,1,10:06:29.059691727
5204.25,2,10:06:29.075989499
5204.25,3,10:06:29.076125997
5204.5,1,10:06:29.114288093
5204.5,1,10:06:29.358643067
5204.25,1,10:06:29.519009025
5204.25,1,10:06:29.570763925
5204.25,18,10:06:29.701849841
5204.25,1,10:06:29.702286352
5204.25,1,10:06:29.905785062
5204.0,1,10:06:30.014183656
5204.0,1,10:06:30.014193316
5204.25,1,10:06:30.014850431
5204.0,41,10:06:30.451715762
5204.0,1,10:06:30.451953949
5204.0,1,10:06:30.452075068
5204.0,2,10:06:30.452296129
5204.25,1,10:06:30.473901296
5204.0,1,10:06:30.827214794
5204.0,1,10:06:30.827397076
5204.0,24,10:06:31.391009421
5204.0,1,10:06:31.391594188
5204.0,15,10:06:31.391816640
5204.0,5,10:06:31.392097443
5204.0,1,10:06:31.392131642
5204.0,3,10:06:31.392209797
5204.0,6,10:06:31.447015985
5204.0,10,10:06:31.942360802
5204.0,2,10:06:31.943422440
5204.0,1,10:06:31.943574846
5204.0,2,10:06:31.943636031
5204.0,1,10:06:31.943692598
5204.0,1,10:06:32.155018201
5204.0,1,10:06:32.155202825
5204.0,1,10:06:32.155483333
5204.0,1,10:06:32.155603527
5204.0,1,10:06:32.155982812
5204.0,4,10:06:32.325935132
5204.0,1,10:06:32.326293959
5204.0,10,10:06:32.363781802
5204.0,5,10:06:32.482691593
5203.75,1,10:06:32.603267957
5204.0,1,10:06:32.880660433
5203.75,5,10:06:32.894541288
5203.75,1,10:06:32.894573651
5203.75,5,10:06:32.894637869
5203.75,2,10:06:32.894674075
5203.75,9,10:06:32.894732492
5203.75,2,10:06:32.894753757
5203.75,1,10:06:32.894793969
5203.75,15,10:06:32.894917943
5203.75,2,10:06:32.895342236
5203.75,1,10:06:32.895433827
5203.75,20,10:06:32.895710128
5203.75,5,10:06:32.897290950
5203.75,5,10:06:33.111119645
5203.75,5,10:06:33.263053704
5203.75,7,10:06:33.263292413
5203.75,2,10:06:33.264347465
5203.75,2,10:06:33.264541971
5203.75,14,10:06:33.264621099
5203.75,1,10:06:33.336507461
5204.0,1,10:06:33.835612215
5203.75,3,10:06:34.006559411
5203.75,1,10:06:34.419580252
5203.75,1,10:06:34.447050702
5203.5,1,10:06:34.487040739
5203.75,1,10:06:34.810471523
5203.5,1,10:06:35.466167450
5203.5,5,10:06:36.803500221
5203.75,10,10:06:37.270511961
5203.75,1,10:06:37.270565549
5203.75,2,10:06:37.270565549
5203.75,2,10:06:37.270623230
5203.75,5,10:06:37.270643397
5203.75,18,10:06:37.270704243
5203.75,4,10:06:37.272707858
5203.75,27,10:06:37.273051704
5203.75,1,10:06:37.285723611
5203.5,1,10:06:38.097513772
5203.75,1,10:06:38.187292839
5203.75,4,10:06:38.793234757
5203.75,40,10:06:38.794389376
5203.75,40,10:06:38.809271910
5204.0,3,10:06:39.668938363
5204.0,1,10:06:39.669125215
5204.0,35,10:06:39.669340669
5204.0,27,10:06:39.669495783
5204.25,1,10:06:39.692981289
5204.0,27,10:06:39.809719077
5204.0,1,10:06:39.810302660
5204.0,1,10:06:39.967257245
5204.0,2,10:06:39.967598094
5204.0,1,10:06:39.967663161
5204.0,2,10:06:39.967743985
5204.0,1,10:06:39.967743985
5204.0,2,10:06:39.967817619
5204.25,1,10:06:40.535473715
5204.0,1,10:06:40.855039777
5204.0,1,10:06:41.170790156
5204.0,1,10:06:41.173663532
5204.25,3,10:06:42.016331621
5204.0,1,10:06:42.292643445
5204.25,16,10:06:42.480058047
5204.25,2,10:06:42.480236969
5204.25,6,10:06:42.480296996
5204.25,5,10:06:42.480337144
5204.25,1,10:06:42.480360635
5204.25,8,10:06:42.480484379
5204.25,1,10:06:42.480605732
5204.25,16,10:06:42.480676367
5204.25,24,10:06:44.036154639
5204.25,1,10:06:44.036178691
5204.25,11,10:06:44.036254658
5204.25,1,10:06:45.008597579
5204.0,1,10:06:45.014050802
5204.0,1,10:06:45.024182588
5204.25,50,10:06:45.162081749
5204.25,1,10:06:45.552385106
5204.0,1,10:06:45.576240829
5204.0,1,10:06:46.026898440
5204.25,5,10:06:48.598858338
5204.25,10,10:06:48.655378193
5204.25,32,10:06:48.669284035
5204.5,7,10:06:48.669864928
5204.5,1,10:06:48.669884823
5204.25,2,10:06:48.671681357
5204.25,5,10:06:49.147087110
5204.5,1,10:06:50.621081646
5204.5,5,10:06:51.155962574
5204.25,1,10:06:51.445881102
5204.5,2,10:06:51.612387828
5204.25,1,10:06:52.265225081
5204.5,8,10:06:52.665376569
5204.5,25,10:06:52.665797824
5204.5,2,10:06:52.749871802
5204.5,2,10:06:52.750020208
5204.5,21,10:06:52.750268273
5204.5,1,10:06:52.750410437
5204.5,2,10:06:52.750584085
5204.5,1,10:06:52.750659415
5204.5,4,10:06:52.750745534
5204.5,1,10:06:52.750880232
5204.5,6,10:06:52.750880232
5204.5,14,10:06:52.751026981
5204.5,4,10:06:52.751026981
5204.5,4,10:06:52.751263222
5204.5,1,10:06:52.752230541
5204.5,3,10:06:52.758886421
5204.5,1,10:06:52.770766392
5204.5,3,10:06:52.860152143
5204.5,5,10:06:52.992858280
5204.5,1,10:06:52.993144196
5204.5,1,10:06:52.993219094
5204.5,2,10:06:52.997029439
5204.5,2,10:06:52.997377666
5204.5,1,10:06:52.997539690
5204.5,6,10:06:53.196777818
5204.5,2,10:06:53.197941080
5204.5,1,10:06:53.197977308
5204.5,2,10:06:53.198107541
5204.5,2,10:06:53.207434356
5204.5,2,10:06:53.207466379
5204.5,2,10:06:53.207594670
5204.5,2,10:06:53.207667267
5204.5,1,10:06:53.208437346
5204.5,2,10:06:53.208649488
5204.5,6,10:06:53.577896303
5204.5,2,10:06:53.578263616
5204.5,4,10:06:53.580678218
5204.5,4,10:06:53.620737555
5204.5,2,10:06:53.620896224
5204.5,2,10:06:53.621287131
5204.5,1,10:06:53.621460524
5204.75,1,10:06:53.718548046
5204.75,1,10:06:53.718559489
5204.75,1,10:06:54.470275470
5204.75,1,10:06:54.678953442
5204.75,5,10:06:54.772625885
5204.5,1,10:06:54.787721476
5204.5,1,10:06:54.880639053
5204.5,7,10:06:54.881132500
5204.5,1,10:06:54.881559894
5204.5,1,10:06:56.039015147
5204.75,1,10:06:56.649679664
5204.75,8,10:06:56.649979368
5204.75,1,10:06:56.748808894
5204.75,1,10:06:57.176533873
5204.5,1,10:06:57.499369273
5204.5,5,10:06:58.097395550
5204.5,3,10:06:58.974819450
5204.75,3,10:06:59.447748263
5204.5,1,10:07:00.014488704
5204.5,1,10:07:00.086868784
5204.5,14,10:07:00.288826809
5204.5,1,10:07:00.290173566
5204.5,37,10:07:00.347428139
5204.5,1,10:07:00.348516500
5204.5,1,10:07:00.349982539
5204.25,3,10:07:00.578377996
5204.5,2,10:07:00.622294540
5204.5,1,10:07:00.769296721
5204.5,1,10:07:00.851710277
5204.5,28,10:07:01.352850968
5204.5,4,10:07:01.353018197
5204.5,15,10:07:01.791909810
5204.5,1,10:07:01.819752303
5204.5,3,10:07:01.819984954
5204.5,1,10:07:01.820045064
5204.5,1,10:07:01.820293242
5204.5,1,10:07:01.908599523
5204.25,17,10:07:02.362662290
5204.25,1,10:07:02.362751703
5204.25,1,10:07:02.362833551
5204.25,2,10:07:02.362833551
5204.25,1,10:07:02.362953131
5204.25,1,10:07:02.363084753
5204.25,2,10:07:02.363084753
5204.25,1,10:07:02.363182537
5204.25,10,10:07:02.363182537
5204.25,1,10:07:02.363237748
5204.25,1,10:07:02.363463407
5204.25,1,10:07:02.363507047
5204.25,1,10:07:02.363576144
5204.25,1,10:07:02.363649427
5204.25,25,10:07:02.493066449
5204.25,4,10:07:02.493298531
5204.25,1,10:07:02.493604841
5204.25,1,10:07:02.493836747
5204.25,1,10:07:02.493918873
5204.25,1,10:07:02.494052188
5204.25,2,10:07:02.494172366
5204.25,2,10:07:02.494323969
5204.25,4,10:07:02.500666423
5204.25,3,10:07:02.502599749
5204.25,6,10:07:02.901139140
5204.0,1,10:07:03.239542440
5204.0,2,10:07:03.554278479
5204.25,2,10:07:03.651979624
5204.0,1,10:07:03.754137051
5204.0,20,10:07:04.495678249
5204.0,1,10:07:04.496323924
5204.0,8,10:07:04.499230060
5204.0,2,10:07:04.499258172
5204.0,2,10:07:04.499411174
5204.0,10,10:07:04.499575647
5204.0,1,10:07:04.505985459
5204.0,1,10:07:04.508214637
5204.0,8,10:07:04.508525037
5203.75,4,10:07:04.508849882
5204.0,1,10:07:04.508888587
5204.0,2,10:07:04.508980950
5204.0,1,10:07:04.509136304
5204.0,1,10:07:04.633291224
5204.0,23,10:07:04.767826259
5204.0,3,10:07:04.768035217
5204.0,5,10:07:04.768085296
5204.0,3,10:07:04.768161722
5204.0,1,10:07:04.768244700
5204.0,2,10:07:04.768244700
5204.0,3,10:07:04.768394060
5204.0,1,10:07:04.768493028
5204.0,6,10:07:04.768493028
5204.0,3,10:07:04.768632196
5204.0,3,10:07:04.768685448
5204.0,1,10:07:05.007875930
5203.75,1,10:07:05.190442688
5203.75,36,10:07:05.331520345
5203.75,3,10:07:05.331762792
5203.75,2,10:07:05.332084725
5203.75,1,10:07:05.332137286
5203.75,2,10:07:05.332253401
5203.75,1,10:07:05.332253401
5203.75,1,10:07:05.332357905
5203.75,4,10:07:05.332357905
5203.75,1,10:07:05.332612608
5203.75,2,10:07:05.340190568
5203.75,2,10:07:05.346947712
5203.75,10,10:07:05.347168256
5203.75,1,10:07:05.347219142
5203.75,1,10:07:05.347471950
5203.75,1,10:07:05.347769863
5203.75,16,10:07:05.493738196
5203.75,1,10:07:05.494116994
5203.75,4,10:07:06.183265506
5203.75,3,10:07:06.183345636
5203.75,4,10:07:06.183545413
5203.75,1,10:07:06.195459474
5203.75,8,10:07:06.211173058
5203.75,3,10:07:06.211479237
5203.75,2,10:07:06.211729220
5203.75,3,10:07:06.211970696
5203.75,1,10:07:06.294726957
