bidVolume,bidPrice,askVolume,askPrice,timestamp
44,117.25,39,117.27,09:45:00.013917087
44,117.25,40,117.27,09:45:00.034415633
44,117.25,39,117.27,09:45:00.049591091
44,117.25,40,117.27,09:45:00.062074970
44,117.25,39,117.27,09:45:00.073500246
4,117.26,39,117.27,09:45:00.183971960
5,117.26,39,117.27,09:45:00.184244788
5,117.26,43,117.27,09:45:00.184244788
4,117.26,43,117.27,09:45:00.184498737
5,117.26,43,117.27,09:45:00.252184351
5,117.26,46,117.27,09:45:00.397397129
6,117.26,46,117.27,09:45:00.597211407
9,117.26,46,117.27,09:45:01.014926764
10,117.26,46,117.27,09:45:01.057115917
6,117.26,46,117.27,09:45:01.283137439
6,117.26,61,117.27,09:45:01.329118325
5,117.26,61,117.27,09:45:01.329432419
4,117.26,61,117.27,09:45:01.329432419
1,117.26,61,117.27,09:45:01.329432419
26,117.25,61,117.27,09:45:01.329536127
25,117.25,61,117.27,09:45:01.329660685
21,117.25,61,117.27,09:45:01.329802614
21,117.25,4,117.26,09:45:01.329958687
21,117.25,8,117.26,09:45:01.329958687
16,117.25,8,117.26,09:45:01.330222713
13,117.25,8,117.26,09:45:01.330398175
13,117.25,13,117.26,09:45:01.330398175
13,117.25,14,117.26,09:45:01.330398175
13,117.25,15,117.26,09:45:01.330504828
13,117.25,17,117.26,09:45:01.330521234
11,117.25,17,117.26,09:45:01.330669500
11,117.25,18,117.26,09:45:01.352307385
11,117.25,19,117.26,09:45:01.352633286
11,117.25,20,117.26,09:45:01.355244145
25,117.25,20,117.26,09:45:01.355419787
25,117.25,19,117.26,09:45:01.355570954
25,117.25,18,117.26,09:45:01.355646240
25,117.25,19,117.26,09:45:01.370019047
25,117.25,20,117.26,09:45:01.370162489
24,117.25,20,117.26,09:45:01.377176780
24,117.25,21,117.26,09:45:01.377243746
24,117.25,22,117.26,09:45:01.377359209
24,117.25,21,117.26,09:45:01.378081999
24,117.25,22,117.26,09:45:01.381728569
24,117.25,21,117.26,09:45:01.396234447
25,117.25,21,117.26,09:45:01.396652270
24,117.25,21,117.26,09:45:01.396808869
25,117.25,21,117.26,09:45:01.397204517
24,117.25,21,117.26,09:45:01.414444409
25,117.25,21,117.26,09:45:01.426486191
25,117.25,23,117.26,09:45:01.427140743
25,117.25,24,117.26,09:45:01.427291482
25,117.25,25,117.26,09:45:01.445787043
25,117.25,24,117.26,09:45:01.461436812
25,117.25,25,117.26,09:45:01.519052929
25,117.25,24,117.26,09:45:01.570539648
25,117.25,23,117.26,09:45:01.570697287
26,117.25,23,117.26,09:45:01.821656666
26,117.25,18,117.26,09:45:01.828969877
26,117.25,17,117.26,09:45:01.829037474
26,117.25,16,117.26,09:45:01.829146206
33,117.25,16,117.26,09:45:01.852417761
33,117.25,15,117.26,09:45:01.852587124
33,117.25,11,117.26,09:45:01.852734667
33,117.25,7,117.26,09:45:01.852800084
33,117.25,6,117.26,09:45:01.853486077
33,117.25,11,117.26,09:45:01.938807206
33,117.25,13,117.26,09:45:02.144973565
36,117.25,13,117.26,09:45:02.524836461
36,117.25,12,117.26,09:45:02.525118460
41,117.25,12,117.26,09:45:03.264317976
41,117.25,11,117.26,09:45:03.265582138
41,117.25,10,117.26,09:45:03.265582138
41,117.25,9,117.26,09:45:03.265685268
41,117.25,7,117.26,09:45:03.265711966
41,117.25,2,117.26,09:45:03.265711966
41,117.25,43,117.27,09:45:03.265711966
44,117.25,43,117.27,09:45:03.265834945
1,117.26,43,117.27,09:45:03.265939940
1,117.26,41,117.27,09:45:03.265955067
5,117.26,41,117.27,09:45:03.265955067
9,117.26,41,117.27,09:45:03.266056826
9,117.26,40,117.27,09:45:03.266056826
9,117.26,44,117.27,09:45:03.266325041
9,117.26,45,117.27,09:45:03.266694922
9,117.26,41,117.27,09:45:03.267403885
8,117.26,41,117.27,09:45:03.267477280
4,117.26,41,117.27,09:45:03.269643221
46,117.25,41,117.27,09:45:03.269722852
43,117.25,41,117.27,09:45:03.278723250
29,117.25,41,117.27,09:45:03.287407615
29,117.25,38,117.27,09:45:03.289739310
29,117.25,2,117.26,09:45:03.290268884
29,117.25,40,117.27,09:45:03.302475893
29,117.25,38,117.27,09:45:03.302636349
31,117.25,38,117.27,09:45:03.302791758
31,117.25,37,117.27,09:45:03.308818554
31,117.25,39,117.27,09:45:03.324016057
46,117.25,39,117.27,09:45:03.342126855
46,117.25,40,117.27,09:45:03.568184191
12,117.26,40,117.27,09:45:03.870577031
12,117.26,39,117.27,09:45:03.870824378
13,117.26,39,117.27,09:45:03.870900186
13,117.26,40,117.27,09:45:03.937094836
13,117.26,44,117.27,09:45:03.937159833
16,117.26,44,117.27,09:45:04.043983637
16,117.26,43,117.27,09:45:04.081023839
17,117.26,43,117.27,09:45:04.082687157
17,117.26,39,117.27,09:45:04.083026606
21,117.26,39,117.27,09:45:04.083026606
20,117.26,39,117.27,09:45:04.083096171
20,117.26,35,117.27,09:45:04.083228161
21,117.26,35,117.27,09:45:04.083437805
20,117.26,35,117.27,09:45:04.083918097
21,117.26,35,117.27,09:45:04.493549275
22,117.26,35,117.27,09:45:04.523000251
21,117.26,35,117.27,09:45:04.602881862
22,117.26,35,117.27,09:45:04.821232524
21,117.26,35,117.27,09:45:04.845316819
22,117.26,35,117.27,09:45:04.910388484
23,117.26,35,117.27,09:45:04.910452055
22,117.26,35,117.27,09:45:05.006124301
23,117.26,35,117.27,09:45:05.006420336
22,117.26,35,117.27,09:45:05.010438346
23,117.26,35,117.27,09:45:05.018700052
22,117.26,35,117.27,09:45:05.034878701
23,117.26,35,117.27,09:45:05.050875627
23,117.26,34,117.27,09:45:05.051842683
23,117.26,33,117.27,09:45:05.133081470
22,117.26,33,117.27,09:45:05.133955888
23,117.26,33,117.27,09:45:05.436008571
23,117.26,28,117.27,09:45:05.803259777
35,117.26,28,117.27,09:45:05.978500826
35,117.26,27,117.27,09:45:05.978708359
35,117.26,23,117.27,09:45:06.689114665
35,117.26,21,117.27,09:45:06.928714643
35,117.26,14,117.27,09:45:06.928782096
35,117.26,13,117.27,09:45:06.938108231
35,117.26,17,117.27,09:45:07.388900996
35,117.26,16,117.27,09:45:07.434562642
35,117.26,18,117.27,09:45:08.291254336
35,117.26,19,117.27,09:45:08.291628419
35,117.26,26,117.27,09:45:08.729820846
35,117.26,27,117.27,09:45:08.729958283
34,117.26,27,117.27,09:45:08.730086859
35,117.26,27,117.27,09:45:08.731299357
34,117.26,27,117.27,09:45:08.895069343
34,117.26,28,117.27,09:45:09.126266051
30,117.26,28,117.27,09:45:09.126331881
30,117.26,29,117.27,09:45:09.126756483
30,117.26,33,117.27,09:45:09.127884264
30,117.26,35,117.27,09:45:09.128097829
30,117.26,40,117.27,09:45:09.136343935
30,117.26,44,117.27,09:45:09.136406700
30,117.26,43,117.27,09:45:09.398881574
30,117.26,39,117.27,09:45:09.403364275
30,117.26,34,117.27,09:45:09.403466547
30,117.26,32,117.27,09:45:09.404422722
31,117.26,32,117.27,09:45:09.753172989
31,117.26,25,117.27,09:45:09.753913062
31,117.26,21,117.27,09:45:09.754013259
35,117.26,21,117.27,09:45:09.757376813
34,117.26,21,117.27,09:45:10.008917154
35,117.26,21,117.27,09:45:10.009083707
34,117.26,21,117.27,09:45:10.009302261
30,117.26,21,117.27,09:45:10.011471453
30,117.26,28,117.27,09:45:10.032817306
30,117.26,29,117.27,09:45:10.033117223
30,117.26,30,117.27,09:45:10.087243569
30,117.26,31,117.27,09:45:10.087823009
30,117.26,30,117.27,09:45:10.580315654
31,117.26,30,117.27,09:45:10.628779348
31,117.26,23,117.27,09:45:10.629582701
35,117.26,23,117.27,09:45:10.629731700
35,117.26,22,117.27,09:45:10.629797891
35,117.26,21,117.27,09:45:10.630231616
34,117.26,21,117.27,09:45:10.940047219
35,117.26,21,117.27,09:45:10.943157175
36,117.26,21,117.27,09:45:11.273793226
36,117.26,20,117.27,09:45:11.881556234
37,117.26,20,117.27,09:45:12.038322936
36,117.26,20,117.27,09:45:12.209616090
37,117.26,20,117.27,09:45:12.223976195
37,117.26,16,117.27,09:45:13.206309528
37,117.26,13,117.27,09:45:13.586170385
37,117.26,12,117.27,09:45:13.586437688
37,117.26,16,117.27,09:45:14.192517862
37,117.26,20,117.27,09:45:14.462262565
33,117.26,20,117.27,09:45:14.462262565
32,117.26,20,117.27,09:45:14.462508143
32,117.26,21,117.27,09:45:14.462508143
32,117.26,24,117.27,09:45:14.462645609
32,117.26,26,117.27,09:45:14.462723388
32,117.26,30,117.27,09:45:14.462804767
32,117.26,33,117.27,09:45:14.462875493
32,117.26,34,117.27,09:45:14.462947612
32,117.26,33,117.27,09:45:14.475301043
32,117.26,34,117.27,09:45:14.558402188
32,117.26,36,117.27,09:45:14.558609621
31,117.26,36,117.27,09:45:14.558804191
19,117.26,36,117.27,09:45:14.558956974
16,117.26,36,117.27,09:45:14.558956974
15,117.26,36,117.27,09:45:14.558956974
14,117.26,36,117.27,09:45:14.558956974
7,117.26,36,117.27,09:45:14.558956974
2,117.26,36,117.27,09:45:14.559051808
1,117.26,36,117.27,09:45:14.559051808
27,117.25,36,117.27,09:45:14.559051808
27,117.25,39,117.27,09:45:14.559425195
27,117.25,7,117.26,09:45:14.559425195
22,117.25,7,117.26,09:45:14.559619591
22,117.25,8,117.26,09:45:14.559739976
22,117.25,12,117.26,09:45:14.559781092
20,117.25,12,117.26,09:45:14.559805095
20,117.25,11,117.26,09:45:14.560025340
23,117.25,11,117.26,09:45:14.560130721
16,117.25,11,117.26,09:45:14.560130721
16,117.25,12,117.26,09:45:14.583960672
18,117.25,12,117.26,09:45:14.605331356
18,117.25,8,117.26,09:45:14.657372144
18,117.25,7,117.26,09:45:14.657612859
19,117.25,7,117.26,09:45:14.657890611
19,117.25,37,117.27,09:45:14.658509202
24,117.25,37,117.27,09:45:14.658693938
24,117.25,35,117.27,09:45:14.658771289
26,117.25,35,117.27,09:45:14.658771289
31,117.25,35,117.27,09:45:14.659381329
31,117.25,36,117.27,09:45:14.662236995
31,117.25,38,117.27,09:45:14.662411389
31,117.25,36,117.27,09:45:14.669149752
31,117.25,38,117.27,09:45:14.691103293
31,117.25,41,117.27,09:45:14.691257453
31,117.25,42,117.27,09:45:14.691354432
26,117.25,42,117.27,09:45:14.758935513
28,117.25,42,117.27,09:45:14.824875280
29,117.25,42,117.27,09:45:14.825061898
42,117.25,42,117.27,09:45:14.950698761
42,117.25,39,117.27,09:45:14.950886905
42,117.25,38,117.27,09:45:14.950954521
1,117.26,38,117.27,09:45:15.036388951
2,117.26,38,117.27,09:45:15.036616554
2,117.26,41,117.27,09:45:15.056568185
2,117.26,42,117.27,09:45:15.056668998
1,117.26,42,117.27,09:45:15.061479116
2,117.26,42,117.27,09:45:15.073348950
2,117.26,41,117.27,09:45:15.091436840
6,117.26,41,117.27,09:45:15.091732712
6,117.26,39,117.27,09:45:15.093451920
6,117.26,40,117.27,09:45:15.843657144
8,117.26,40,117.27,09:45:15.844170856
7,117.26,40,117.27,09:45:16.025589961
7,117.26,39,117.27,09:45:16.161989418
8,117.26,39,117.27,09:45:16.162272009
12,117.26,39,117.27,09:45:16.162460055
12,117.26,37,117.27,09:45:16.163067856
19,117.26,37,117.27,09:45:16.163685336
19,117.26,33,117.27,09:45:16.163685336
19,117.26,31,117.27,09:45:16.163766638
19,117.26,27,117.27,09:45:16.163766638
19,117.26,24,117.27,09:45:16.163766638
19,117.26,21,117.27,09:45:16.163766638
19,117.26,18,117.27,09:45:16.163858130
19,117.26,17,117.27,09:45:16.163874014
20,117.26,17,117.27,09:45:16.164169646
20,117.26,13,117.27,09:45:16.164277564
21,117.26,13,117.27,09:45:16.164457637
21,117.26,12,117.27,09:45:16.164852715
26,117.26,12,117.27,09:45:16.166050806
26,117.26,16,117.27,09:45:16.168284995
21,117.26,16,117.27,09:45:16.168609899
21,117.26,12,117.27,09:45:16.169238888
21,117.26,10,117.27,09:45:16.169409979
21,117.26,9,117.27,09:45:16.169819288
21,117.26,6,117.27,09:45:16.169849591
21,117.26,4,117.27,09:45:16.169849591
21,117.26,3,117.27,09:45:16.169849591
21,117.26,2,117.27,09:45:16.169849591
21,117.26,53,117.28,09:45:16.169849591
21,117.26,52,117.28,09:45:16.170035873
21,117.26,48,117.28,09:45:16.170035873
22,117.26,48,117.28,09:45:16.170035873
22,117.26,49,117.28,09:45:16.170119691
23,117.26,49,117.28,09:45:16.170290875
28,117.26,49,117.28,09:45:16.170445837
28,117.26,48,117.28,09:45:16.170445837
28,117.26,52,117.28,09:45:16.170502641
23,117.26,52,117.28,09:45:16.173627977
23,117.26,51,117.28,09:45:16.173766596
4,117.27,51,117.28,09:45:16.176876770
5,117.27,51,117.28,09:45:16.177347993
5,117.27,52,117.28,09:45:16.177615414
1,117.27,52,117.28,09:45:16.179166210
23,117.26,52,117.28,09:45:16.179562349
23,117.26,54,117.28,09:45:16.179778292
23,117.26,53,117.28,09:45:16.179778292
23,117.26,54,117.28,09:45:16.179847019
7,117.27,54,117.28,09:45:16.179918046
7,117.27,56,117.28,09:45:16.183650015
6,117.27,56,117.28,09:45:16.189698631
6,117.27,58,117.28,09:45:16.189954276
5,117.27,58,117.28,09:45:16.194123952
5,117.27,57,117.28,09:45:16.194314794
3,117.27,57,117.28,09:45:16.195760006
23,117.26,57,117.28,09:45:16.197057784
23,117.26,55,117.28,09:45:16.197379336
23,117.26,56,117.28,09:45:16.197379336
23,117.26,55,117.28,09:45:16.202152184
22,117.26,55,117.28,09:45:16.216556235
22,117.26,57,117.28,09:45:16.217294232
22,117.26,58,117.28,09:45:16.226521361
22,117.26,1,117.27,09:45:16.227263534
22,117.26,2,117.27,09:45:16.227641294
22,117.26,3,117.27,09:45:16.227641294
21,117.26,3,117.27,09:45:16.237135175
20,117.26,3,117.27,09:45:16.237221904
21,117.26,3,117.27,09:45:16.237591664
21,117.26,7,117.27,09:45:16.237673971
21,117.26,8,117.27,09:45:16.237673971
21,117.26,12,117.27,09:45:16.237692086
21,117.26,16,117.27,09:45:16.237692086
20,117.26,16,117.27,09:45:16.237792088
20,117.26,15,117.27,09:45:16.237792088
20,117.26,20,117.27,09:45:16.237934810
13,117.26,20,117.27,09:45:16.238018822
12,117.26,20,117.27,09:45:16.238018822
12,117.26,23,117.27,09:45:16.238129567
12,117.26,25,117.27,09:45:16.238129567
12,117.26,26,117.27,09:45:16.238129567
11,117.26,26,117.27,09:45:16.238129567
12,117.26,26,117.27,09:45:16.238217250
13,117.26,26,117.27,09:45:16.238366349
18,117.26,26,117.27,09:45:16.281191772
18,117.26,24,117.27,09:45:16.281270614
18,117.26,19,117.27,09:45:16.281270614
18,117.26,16,117.27,09:45:16.281405606
18,117.26,15,117.27,09:45:16.281487819
19,117.26,15,117.27,09:45:16.281635404
19,117.26,14,117.27,09:45:16.296288628
19,117.26,13,117.27,09:45:16.296288628
19,117.26,9,117.27,09:45:16.296513298
20,117.26,9,117.27,09:45:16.296590549
21,117.26,9,117.27,09:45:16.296681448
21,117.26,5,117.27,09:45:16.296681448
28,117.26,5,117.27,09:45:16.338000601
30,117.26,5,117.27,09:45:16.338146022
30,117.26,1,117.27,09:45:16.343935231
30,117.26,2,117.27,09:45:16.344094062
30,117.26,1,117.27,09:45:16.344178693
30,117.26,2,117.27,09:45:16.344242538
30,117.26,3,117.27,09:45:16.399101798
28,117.26,3,117.27,09:45:16.399289763
23,117.26,3,117.27,09:45:16.470298419
23,117.26,7,117.27,09:45:16.491642128
28,117.26,7,117.27,09:45:16.517347987
23,117.26,7,117.27,09:45:16.703283255
23,117.26,6,117.27,09:45:16.838712554
23,117.26,2,117.27,09:45:16.839236452
28,117.26,2,117.27,09:45:16.839382148
28,117.26,1,117.27,09:45:16.839446717
23,117.26,1,117.27,09:45:16.849898438
23,117.26,2,117.27,09:45:16.860182118
23,117.26,1,117.27,09:45:16.860437070
23,117.26,5,117.27,09:45:16.860857573
28,117.26,5,117.27,09:45:16.952456917
23,117.26,5,117.27,09:45:17.139314546
23,117.26,1,117.27,09:45:17.358841440
22,117.26,1,117.27,09:45:17.413359077
27,117.26,1,117.27,09:45:17.474395160
27,117.26,55,117.28,09:45:17.518499005
27,117.26,54,117.28,09:45:17.518829295
27,117.26,56,117.28,09:45:17.518829295
28,117.26,56,117.28,09:45:17.518922850
28,117.26,57,117.28,09:45:17.518922850
33,117.26,57,117.28,09:45:17.519608835
28,117.26,57,117.28,09:45:17.536810186
28,117.26,50,117.28,09:45:17.542642522
23,117.26,50,117.28,09:45:17.662595505
23,117.26,51,117.28,09:45:17.704190161
24,117.26,51,117.28,09:45:18.055017901
26,117.26,51,117.28,09:45:18.055251943
24,117.26,51,117.28,09:45:18.208134491
24,117.26,4,117.27,09:45:18.208763837
24,117.26,8,117.27,09:45:18.208827181
17,117.26,8,117.27,09:45:18.209153507
17,117.26,9,117.27,09:45:18.209153507
17,117.26,8,117.27,09:45:18.209654598
17,117.26,9,117.27,09:45:18.298341797
16,117.26,9,117.27,09:45:18.338214590
16,117.26,10,117.27,09:45:18.368499916
16,117.26,9,117.27,09:45:18.369054207
23,117.26,9,117.27,09:45:18.574416475
23,117.26,5,117.27,09:45:18.574580514
23,117.26,1,117.27,09:45:18.574767650
23,117.26,2,117.27,09:45:18.580304712
23,117.26,5,117.27,09:45:18.633114581
23,117.26,9,117.27,09:45:18.633395513
16,117.26,9,117.27,09:45:18.633395513
16,117.26,14,117.27,09:45:18.633858452
16,117.26,16,117.27,09:45:18.633858452
16,117.26,14,117.27,09:45:18.681313105
16,117.26,9,117.27,09:45:18.681436005
16,117.26,5,117.27,09:45:18.729952705
16,117.26,4,117.27,09:45:18.730019294
21,117.26,4,117.27,09:45:18.730443268
28,117.26,4,117.27,09:45:18.733396879
29,117.26,4,117.27,09:45:18.733579333
29,117.26,5,117.27,09:45:18.749638788
29,117.26,9,117.27,09:45:18.749807012
22,117.26,9,117.27,09:45:18.749828832
17,117.26,9,117.27,09:45:18.749828832
17,117.26,13,117.27,09:45:18.749828832
16,117.26,13,117.27,09:45:18.750996367
16,117.26,17,117.27,09:45:18.751150595
16,117.26,18,117.27,09:45:18.751237964
15,117.26,18,117.27,09:45:18.751812086
14,117.26,18,117.27,09:45:18.751996655
14,117.26,19,117.27,09:45:18.752079929
13,117.26,19,117.27,09:45:18.752457993
12,117.26,19,117.27,09:45:18.752716229
13,117.26,19,117.27,09:45:18.753330949
12,117.26,19,117.27,09:45:18.753674997
12,117.26,27,117.27,09:45:18.757101849
8,117.26,27,117.27,09:45:18.760331687
7,117.26,27,117.27,09:45:18.776184213
7,117.26,32,117.27,09:45:18.781380511
7,117.26,34,117.27,09:45:18.781483650
4,117.26,34,117.27,09:45:18.820999783
4,117.26,37,117.27,09:45:18.831172100
4,117.26,38,117.27,09:45:18.831245591
3,117.26,38,117.27,09:45:18.831407108
3,117.26,37,117.27,09:45:18.848517272
3,117.26,34,117.27,09:45:18.848576869
4,117.26,34,117.27,09:45:18.848687458
12,117.26,34,117.27,09:45:18.848756972
11,117.26,34,117.27,09:45:19.104111347
12,117.26,34,117.27,09:45:19.276434609
13,117.26,34,117.27,09:45:19.347124517
12,117.26,34,117.27,09:45:19.350828789
4,117.26,34,117.27,09:45:19.365488838
5,117.26,34,117.27,09:45:19.433779653
9,117.26,34,117.27,09:45:19.433851189
17,117.26,34,117.27,09:45:19.435080874
18,117.26,34,117.27,09:45:19.435299120
17,117.26,34,117.27,09:45:19.435579565
15,117.26,34,117.27,09:45:19.440033287
14,117.26,34,117.27,09:45:19.440144419
13,117.26,34,117.27,09:45:19.440169702
9,117.26,34,117.27,09:45:19.440169702
1,117.26,34,117.27,09:45:19.440169702
35,117.25,34,117.27,09:45:19.440169702
35,117.25,13,117.26,09:45:19.440169702
35,117.25,14,117.26,09:45:19.440271104
35,117.25,24,117.26,09:45:19.440650268
35,117.25,28,117.26,09:45:19.440677056
35,117.25,36,117.26,09:45:19.440677056
31,117.25,36,117.26,09:45:19.440677056
29,117.25,36,117.26,09:45:19.440677056
27,117.25,36,117.26,09:45:19.440677056
22,117.25,36,117.26,09:45:19.440857763
21,117.25,36,117.26,09:45:19.440872508
17,117.25,36,117.26,09:45:19.440872508
16,117.25,36,117.26,09:45:19.440888185
14,117.25,36,117.26,09:45:19.440888185
14,117.25,41,117.26,09:45:19.440888185
13,117.25,41,117.26,09:45:19.440922329
13,117.25,47,117.26,09:45:19.441087151
13,117.25,56,117.26,09:45:19.441087151
13,117.25,43,117.26,09:45:19.441380997
10,117.25,43,117.26,09:45:19.441724569
9,117.25,43,117.26,09:45:19.441748719
8,117.25,43,117.26,09:45:19.441765948
5,117.25,43,117.26,09:45:19.441787567
1,117.25,43,117.26,09:45:19.441787567
26,117.24,43,117.26,09:45:19.441819909
26,117.24,33,117.26,09:45:19.441834632
26,117.24,41,117.26,09:45:19.441880674
26,117.24,44,117.26,09:45:19.441880674
26,117.24,1,117.25,09:45:19.442009577
25,117.24,1,117.25,09:45:19.442009577
40,117.24,1,117.25,09:45:19.442065887
40,117.24,5,117.25,09:45:19.442350411
40,117.24,9,117.25,09:45:19.442974182
40,117.24,11,117.25,09:45:19.443002515
41,117.24,11,117.25,09:45:19.443104675
41,117.24,10,117.25,09:45:19.443104675
41,117.24,14,117.25,09:45:19.443455620
40,117.24,14,117.25,09:45:19.443455620
40,117.24,20,117.25,09:45:19.443677755
39,117.24,20,117.25,09:45:19.444160810
39,117.24,24,117.25,09:45:19.444245974
39,117.24,18,117.25,09:45:19.444326078
39,117.24,19,117.25,09:45:19.444407338
31,117.24,19,117.25,09:45:19.444624806
31,117.24,15,117.25,09:45:19.445391907
31,117.24,23,117.25,09:45:19.445391907
31,117.24,15,117.25,09:45:19.445719231
31,117.24,23,117.25,09:45:19.445719231
31,117.24,25,117.25,09:45:19.445719231
31,117.24,17,117.25,09:45:19.449962499
39,117.24,17,117.25,09:45:19.450601097
39,117.24,16,117.25,09:45:19.453002107
39,117.24,12,117.25,09:45:19.453080177
40,117.24,12,117.25,09:45:19.453888244
40,117.24,8,117.25,09:45:19.453956359
40,117.24,6,117.25,09:45:19.454135670
40,117.24,4,117.25,09:45:19.454387366
40,117.24,5,117.25,09:45:19.455411408
39,117.24,5,117.25,09:45:19.455579977
39,117.24,6,117.25,09:45:19.455663106
40,117.24,6,117.25,09:45:19.456282165
40,117.24,5,117.25,09:45:19.456627220
40,117.24,6,117.25,09:45:19.460097458
39,117.24,6,117.25,09:45:19.460170095
39,117.24,5,117.25,09:45:19.460336447
40,117.24,5,117.25,09:45:19.460479273
41,117.24,5,117.25,09:45:19.460691090
41,117.24,4,117.25,09:45:19.461232428
41,117.24,47,117.26,09:45:19.463495375
11,117.25,47,117.26,09:45:19.463495375
11,117.25,39,117.26,09:45:19.463914387
13,117.25,39,117.26,09:45:19.464019215
28,117.25,39,117.26,09:45:19.464019215
28,117.25,38,117.26,09:45:19.464019215
29,117.25,38,117.26,09:45:19.464271495
29,117.25,32,117.26,09:45:19.467844797
31,117.25,32,117.26,09:45:19.469185901
33,117.25,32,117.26,09:45:19.470456265
33,117.25,23,117.26,09:45:19.471718100
37,117.25,23,117.26,09:45:19.472255691
38,117.25,23,117.26,09:45:19.472547959
27,117.25,23,117.26,09:45:19.474341894
26,117.25,23,117.26,09:45:19.474537433
26,117.25,24,117.26,09:45:19.474851011
26,117.25,26,117.26,09:45:19.475200718
22,117.25,26,117.26,09:45:19.507684873
22,117.25,28,117.26,09:45:19.528064027
22,117.25,31,117.26,09:45:19.541868581
20,117.25,31,117.26,09:45:19.543600733
18,117.25,31,117.26,09:45:19.543720332
22,117.25,31,117.26,09:45:19.563844374
22,117.25,32,117.26,09:45:19.623175206
22,117.25,33,117.26,09:45:19.623348820
33,117.25,33,117.26,09:45:19.645949051
33,117.25,30,117.26,09:45:19.646209316
34,117.25,30,117.26,09:45:19.646279073
34,117.25,29,117.26,09:45:19.649829586
33,117.25,29,117.26,09:45:19.731610373
33,117.25,30,117.26,09:45:19.842869821
33,117.25,37,117.26,09:45:20.363114169
29,117.25,37,117.26,09:45:20.492838947
29,117.25,39,117.26,09:45:20.597870275
29,117.25,40,117.26,09:45:20.597973149
29,117.25,42,117.26,09:45:20.598073986
27,117.25,42,117.26,09:45:20.871302465
18,117.25,42,117.26,09:45:20.871384154
12,117.25,42,117.26,09:45:20.871768173
11,117.25,42,117.26,09:45:20.871768173
34,117.24,42,117.26,09:45:20.871768173
34,117.24,45,117.26,09:45:20.871768173
34,117.24,47,117.26,09:45:20.871768173
34,117.24,1,117.25,09:45:20.872053401
34,117.24,3,117.25,09:45:20.872393334
34,117.24,4,117.25,09:45:20.893468027
33,117.24,4,117.25,09:45:20.893646667
33,117.24,6,117.25,09:45:20.893717637
33,117.24,4,117.25,09:45:20.943406557
33,117.24,5,117.25,09:45:20.962216637
33,117.24,13,117.25,09:45:20.962411341
33,117.24,14,117.25,09:45:20.962470886
33,117.24,13,117.25,09:45:20.962657062
33,117.24,12,117.25,09:45:21.055795216
33,117.24,10,117.25,09:45:21.055795216
33,117.24,9,117.25,09:45:21.055795216
33,117.24,1,117.25,09:45:21.056077248
37,117.24,1,117.25,09:45:21.056378311
37,117.24,44,117.26,09:45:21.056479638
38,117.24,44,117.26,09:45:21.056479638
41,117.24,44,117.26,09:45:21.056616839
5,117.25,44,117.26,09:45:21.225664238
6,117.25,44,117.26,09:45:21.225726129
10,117.25,44,117.26,09:45:21.225852266
10,117.25,46,117.26,09:45:21.226085661
10,117.25,45,117.26,09:45:21.226085661
10,117.25,46,117.26,09:45:21.226164867
10,117.25,48,117.26,09:45:21.226226884
10,117.25,46,117.26,09:45:21.226629802
9,117.25,46,117.26,09:45:21.331079043
4,117.25,46,117.26,09:45:21.434964099
41,117.24,46,117.26,09:45:21.435037050
38,117.24,46,117.26,09:45:21.435309445
38,117.24,4,117.25,09:45:21.511331666
31,117.24,4,117.25,09:45:21.511331666
29,117.24,4,117.25,09:45:21.511422418
25,117.24,4,117.25,09:45:21.511422418
25,117.24,5,117.25,09:45:21.511645868
25,117.24,13,117.25,09:45:21.512057970
24,117.24,13,117.25,09:45:21.512128623
23,117.24,13,117.25,09:45:21.512363693
23,117.24,15,117.25,09:45:21.512458699
22,117.24,15,117.25,09:45:21.512801496
22,117.24,22,117.25,09:45:21.513463076
22,117.24,27,117.25,09:45:21.518440030
14,117.24,27,117.25,09:45:21.518638724
14,117.24,30,117.25,09:45:21.518707130
14,117.24,33,117.25,09:45:21.518887418
14,117.24,34,117.25,09:45:21.520360976
15,117.24,34,117.25,09:45:21.921619153
15,117.24,31,117.25,09:45:21.921812817
15,117.24,26,117.25,09:45:21.922156558
23,117.24,26,117.25,09:45:21.922530880
23,117.24,19,117.25,09:45:21.922810381
22,117.24,19,117.25,09:45:21.923507881
23,117.24,19,117.25,09:45:21.923920610
23,117.24,16,117.25,09:45:21.924238630
22,117.24,16,117.25,09:45:21.924322978
28,117.24,16,117.25,09:45:21.924465234
29,117.24,16,117.25,09:45:21.924640908
28,117.24,16,117.25,09:45:21.925099941
29,117.24,16,117.25,09:45:21.928530790
28,117.24,16,117.25,09:45:21.930266702
29,117.24,16,117.25,09:45:21.932032724
29,117.24,15,117.25,09:45:21.932801238
29,117.24,11,117.25,09:45:21.981868046
30,117.24,11,117.25,09:45:22.025258654
30,117.24,10,117.25,09:45:22.025443022
30,117.24,2,117.25,09:45:22.368181488
30,117.24,51,117.26,09:45:22.368181488
30,117.24,49,117.26,09:45:22.368397408
30,117.24,47,117.26,09:45:22.368512544
30,117.24,46,117.26,09:45:22.368512544
34,117.24,46,117.26,09:45:22.368601875
37,117.24,46,117.26,09:45:22.368621306
37,117.24,44,117.26,09:45:22.368817212
37,117.24,42,117.26,09:45:22.368817212
38,117.24,42,117.26,09:45:22.368883190
38,117.24,39,117.26,09:45:22.368883190
38,117.24,32,117.26,09:45:22.368902669
39,117.24,32,117.26,09:45:22.368902669
1,117.25,32,117.26,09:45:22.368902669
9,117.25,32,117.26,09:45:22.368902669
9,117.25,31,117.26,09:45:22.369305126
10,117.25,31,117.26,09:45:22.369305126
14,117.25,31,117.26,09:45:22.369321017
6,117.25,31,117.26,09:45:22.369424320
6,117.25,29,117.26,09:45:22.369622197
6,117.25,31,117.26,09:45:22.369697263
6,117.25,32,117.26,09:45:22.369782120
14,117.25,32,117.26,09:45:22.370428773
14,117.25,31,117.26,09:45:22.474867749
13,117.25,31,117.26,09:45:22.925292403
13,117.25,35,117.26,09:45:22.925454774
13,117.25,38,117.26,09:45:22.925631113
13,117.25,37,117.26,09:45:23.034853922
21,117.25,37,117.26,09:45:23.035096339
21,117.25,35,117.26,09:45:23.035194760
21,117.25,34,117.26,09:45:23.035194760
13,117.25,34,117.26,09:45:23.035384297
14,117.25,34,117.26,09:45:23.043996355
15,117.25,34,117.26,09:45:23.275836650
19,117.25,34,117.26,09:45:23.275836650
19,117.25,31,117.26,09:45:23.275836650
19,117.25,27,117.26,09:45:23.275917780
26,117.25,27,117.26,09:45:23.275917780
25,117.25,27,117.26,09:45:23.276122731
25,117.25,25,117.26,09:45:23.276346417
26,117.25,25,117.26,09:45:23.281540676
25,117.25,25,117.26,09:45:23.281673969
18,117.25,25,117.26,09:45:23.281824810
18,117.25,24,117.26,09:45:23.287173815
26,117.25,24,117.26,09:45:23.287353638
27,117.25,24,117.26,09:45:23.288109548
26,117.25,24,117.26,09:45:23.288343518
27,117.25,24,117.26,09:45:23.288790764
27,117.25,21,117.26,09:45:23.289427816
27,117.25,13,117.26,09:45:23.289584171
27,117.25,12,117.26,09:45:23.289964907
27,117.25,7,117.26,09:45:23.297982211
27,117.25,3,117.26,09:45:23.297982211
32,117.25,3,117.26,09:45:23.298281936
32,117.25,2,117.26,09:45:23.298404641
32,117.25,43,117.27,09:45:23.298404641
5,117.26,43,117.27,09:45:23.298404641
37,117.25,43,117.27,09:45:23.299135696
37,117.25,47,117.27,09:45:23.299502679
37,117.25,52,117.27,09:45:23.299687351
37,117.25,56,117.27,09:45:23.299778250
34,117.25,56,117.27,09:45:23.299898635
29,117.25,56,117.27,09:45:23.308667359
29,117.25,57,117.27,09:45:23.309756561
29,117.25,58,117.27,09:45:23.309955293
29,117.25,1,117.26,09:45:23.317176722
29,117.25,2,117.26,09:45:23.317630271
29,117.25,3,117.26,09:45:23.317722674
27,117.25,3,117.26,09:45:23.317802418
26,117.25,3,117.26,09:45:23.322271897
19,117.25,3,117.26,09:45:23.322446187
19,117.25,11,117.26,09:45:23.322508206
19,117.25,12,117.26,09:45:23.322610485
19,117.25,16,117.26,09:45:23.322798136
19,117.25,19,117.26,09:45:23.322875851
19,117.25,21,117.26,09:45:23.322950917
19,117.25,23,117.26,09:45:23.323164920
19,117.25,22,117.26,09:45:23.323164920
18,117.25,22,117.26,09:45:23.323256414
18,117.25,21,117.26,09:45:23.333057188
18,117.25,20,117.26,09:45:23.333057188
18,117.25,19,117.26,09:45:23.333057188
19,117.25,19,117.26,09:45:23.333242138
19,117.25,15,117.26,09:45:23.333324392
19,117.25,12,117.26,09:45:23.333324392
21,117.25,12,117.26,09:45:23.333392049
28,117.25,12,117.26,09:45:23.430321168
27,117.25,12,117.26,09:45:23.783488696
20,117.25,12,117.26,09:45:23.783566513
20,117.25,16,117.26,09:45:23.783566513
20,117.25,21,117.26,09:45:23.783663448
18,117.25,21,117.26,09:45:23.783778296
18,117.25,19,117.26,09:45:23.783778296
18,117.25,21,117.26,09:45:23.783844846
18,117.25,22,117.26,09:45:23.783918635
18,117.25,25,117.26,09:45:23.876978505
18,117.25,27,117.26,09:45:23.877081903
18,117.25,30,117.26,09:45:23.877186447
18,117.25,28,117.26,09:45:23.970100797
18,117.25,25,117.26,09:45:23.970175622
18,117.25,20,117.26,09:45:23.970729958
19,117.25,20,117.26,09:45:23.970814870
19,117.25,18,117.26,09:45:23.970814870
18,117.25,18,117.26,09:45:23.971047916
18,117.25,15,117.26,09:45:23.971124991
19,117.25,15,117.26,09:45:23.971345234
20,117.25,15,117.26,09:45:23.971467884
19,117.25,15,117.26,09:45:24.070587522
20,117.25,15,117.26,09:45:24.082770279
19,117.25,15,117.26,09:45:24.457257570
19,117.25,20,117.26,09:45:24.534022467
19,117.25,22,117.26,09:45:24.534095763
19,117.25,23,117.26,09:45:24.534230070
18,117.25,23,117.26,09:45:24.534328681
10,117.25,23,117.26,09:45:24.811332371
10,117.25,28,117.26,09:45:24.811522643
10,117.25,29,117.26,09:45:24.811702639
18,117.25,29,117.26,09:45:25.120700504
18,117.25,24,117.26,09:45:25.120867768
18,117.25,23,117.26,09:45:25.415343635
18,117.25,22,117.26,09:45:25.415542751
18,117.25,21,117.26,09:45:26.067398718
19,117.25,21,117.26,09:45:26.067476548
19,117.25,14,117.26,09:45:26.273107301
19,117.25,12,117.26,09:45:26.273286347
19,117.25,8,117.26,09:45:26.273303829
19,117.25,7,117.26,09:45:26.273322546
19,117.25,2,117.26,09:45:26.273341355
19,117.25,56,117.27,09:45:26.273356939
19,117.25,55,117.27,09:45:26.273375973
19,117.25,51,117.27,09:45:26.273396635
19,117.25,47,117.27,09:45:26.273415957
19,117.25,43,117.27,09:45:26.273431010
19,117.25,42,117.27,09:45:26.273431010
19,117.25,41,117.27,09:45:26.273446529
19,117.25,33,117.27,09:45:26.273469957
19,117.25,28,117.27,09:45:26.273490331
19,117.25,26,117.27,09:45:26.273504849
19,117.25,24,117.27,09:45:26.273521893
19,117.25,20,117.27,09:45:26.273575486
19,117.25,18,117.27,09:45:26.273594497
19,117.25,17,117.27,09:45:26.273608478
19,117.25,12,117.27,09:45:26.273628933
19,117.25,8,117.27,09:45:26.273643185
19,117.25,7,117.27,09:45:26.273661544
19,117.25,6,117.27,09:45:26.273675086
19,117.25,1,117.27,09:45:26.273690625
19,117.25,65,117.28,09:45:26.273714823
23,117.27,65,117.28,09:45:26.273714823
16,117.27,65,117.28,09:45:26.274016097
16,117.27,64,117.28,09:45:26.274153652
11,117.27,64,117.28,09:45:26.274428615
3,117.27,64,117.28,09:45:26.274443304
18,117.26,64,117.28,09:45:26.274527044
19,117.27,64,117.28,09:45:26.274527044
10,117.27,64,117.28,09:45:26.274559802
22,117.26,64,117.28,09:45:26.274595201
12,117.27,64,117.28,09:45:26.274595201
12,117.27,72,117.28,09:45:26.274628948
11,117.27,72,117.28,09:45:26.274737147
22,117.26,72,117.28,09:45:26.274753975
20,117.27,72,117.28,09:45:26.274753975
16,117.27,72,117.28,09:45:26.274789175
16,117.27,64,117.28,09:45:26.274992410
16,117.27,65,117.28,09:45:26.275006343
5,117.27,65,117.28,09:45:26.275112084
4,117.27,65,117.28,09:45:26.275165300
23,117.26,65,117.28,09:45:26.275482848
6,117.27,65,117.28,09:45:26.275482848
6,117.27,64,117.28,09:45:26.275956461
2,117.27,64,117.28,09:45:26.276413618
23,117.26,64,117.28,09:45:26.277295563
27,117.26,64,117.28,09:45:26.277509203
27,117.26,1,117.27,09:45:26.277597318
28,117.26,1,117.27,09:45:26.277597318
35,117.26,1,117.27,09:45:26.277775641
35,117.26,2,117.27,09:45:26.277857567
35,117.26,6,117.27,09:45:26.301963890
35,117.26,9,117.27,09:45:26.302151701
35,117.26,8,117.27,09:45:26.447794938
35,117.26,7,117.27,09:45:26.447794938
35,117.26,3,117.27,09:45:26.447887207
35,117.26,69,117.28,09:45:26.448208590
38,117.26,69,117.28,09:45:26.448294187
39,117.26,69,117.28,09:45:26.464722646
41,117.26,69,117.28,09:45:26.464884211
41,117.26,65,117.28,09:45:26.471190479
41,117.26,66,117.28,09:45:26.474751577
41,117.26,67,117.28,09:45:26.474881597
41,117.26,1,117.27,09:45:26.496647726
39,117.26,1,117.27,09:45:26.496940553
39,117.26,67,117.28,09:45:26.530159107
41,117.26,67,117.28,09:45:26.530364330
41,117.26,66,117.28,09:45:26.530425817
41,117.26,6,117.27,09:45:26.982715138
41,117.26,7,117.27,09:45:26.983194529
41,117.26,8,117.27,09:45:26.983212631
39,117.26,8,117.27,09:45:26.983212631
39,117.26,12,117.27,09:45:26.983435608
39,117.26,11,117.27,09:45:26.985867404
39,117.26,7,117.27,09:45:26.994831427
39,117.26,15,117.27,09:45:27.079171570
36,117.26,15,117.27,09:45:27.079231426
36,117.26,21,117.27,09:45:27.079623515
36,117.26,25,117.27,09:45:27.079623515
33,117.26,25,117.27,09:45:27.079623515
27,117.26,25,117.27,09:45:27.079623515
27,117.26,26,117.27,09:45:27.079693509
26,117.26,26,117.27,09:45:27.079872731
26,117.26,27,117.27,09:45:27.079872731
26,117.26,30,117.27,09:45:27.080183394
19,117.26,30,117.27,09:45:27.080183394
19,117.26,29,117.27,09:45:27.080407133
19,117.26,26,117.27,09:45:27.087692995
19,117.26,30,117.27,09:45:27.096744445
19,117.26,31,117.27,09:45:27.097043881
15,117.26,31,117.27,09:45:27.109833703
7,117.26,31,117.27,09:45:27.110035319
3,117.26,31,117.27,09:45:27.110194820
2,117.26,31,117.27,09:45:27.111201299
1,117.26,31,117.27,09:45:27.111612133
40,117.25,31,117.27,09:45:27.111612133
40,117.25,1,117.26,09:45:27.111612133
37,117.25,1,117.26,09:45:27.111936684
37,117.25,31,117.27,09:45:27.112048805
37,117.25,32,117.27,09:45:27.112159902
37,117.25,34,117.27,09:45:27.112159902
8,117.26,34,117.27,09:45:27.112316021
16,117.26,34,117.27,09:45:27.112316021
16,117.26,36,117.27,09:45:27.112456778
16,117.26,35,117.27,09:45:27.112532708
16,117.26,53,117.27,09:45:27.135971358
8,117.26,53,117.27,09:45:27.152342123
44,117.25,53,117.27,09:45:27.152342123
44,117.25,54,117.27,09:45:27.152418594
44,117.25,58,117.27,09:45:27.152706707
44,117.25,59,117.27,09:45:27.152808460
44,117.25,4,117.26,09:45:27.152808460
44,117.25,8,117.26,09:45:27.152831049
44,117.25,4,117.26,09:45:27.153108015
39,117.25,4,117.26,09:45:27.153209953
37,117.25,4,117.26,09:45:27.153386751
30,117.25,4,117.26,09:45:27.153386751
30,117.25,6,117.26,09:45:27.153407014
30,117.25,7,117.26,09:45:27.153407014
30,117.25,3,117.26,09:45:27.153475430
30,117.25,11,117.26,09:45:27.153566024
29,117.25,11,117.26,09:45:27.199362512
29,117.25,15,117.26,09:45:27.199447728
29,117.25,19,117.26,09:45:27.199447728
30,117.25,19,117.26,09:45:27.199564479
28,117.25,19,117.26,09:45:27.199642649
27,117.25,19,117.26,09:45:27.199761529
28,117.25,19,117.26,09:45:27.199837619
28,117.25,24,117.26,09:45:27.200013489
28,117.25,26,117.26,09:45:27.200084377
27,117.25,26,117.26,09:45:27.200231407
20,117.25,26,117.26,09:45:27.200408204
12,117.25,26,117.26,09:45:27.203920784
12,117.25,27,117.26,09:45:27.204163059
12,117.25,28,117.26,09:45:27.204343653
12,117.25,32,117.26,09:45:27.208904687
12,117.25,33,117.26,09:45:27.208953196
12,117.25,32,117.26,09:45:27.307468679
16,117.25,32,117.26,09:45:27.307710293
16,117.25,31,117.26,09:45:27.307879659
16,117.25,27,117.26,09:45:27.307951723
16,117.25,28,117.26,09:45:27.318470388
12,117.25,28,117.26,09:45:27.881110731
12,117.25,32,117.26,09:45:27.881272712
12,117.25,33,117.26,09:45:27.881370737
8,117.25,33,117.26,09:45:27.881471646
4,117.25,33,117.26,09:45:27.884847413
4,117.25,34,117.26,09:45:27.885096245
5,117.25,34,117.26,09:45:28.153955229
9,117.25,34,117.26,09:45:28.154022858
17,117.25,34,117.26,09:45:28.154671887
19,117.25,34,117.26,09:45:28.154671887
19,117.25,33,117.26,09:45:28.154671887
19,117.25,32,117.26,09:45:28.154671887
19,117.25,28,117.26,09:45:28.155404097
19,117.25,27,117.26,09:45:28.155404097
19,117.25,22,117.26,09:45:28.158454989
19,117.25,20,117.26,09:45:28.158524173
17,117.25,20,117.26,09:45:28.158623972
17,117.25,16,117.26,09:45:28.162504494
24,117.25,16,117.26,09:45:28.162567531
28,117.25,16,117.26,09:45:28.162826614
31,117.25,16,117.26,09:45:28.162979754
31,117.25,12,117.26,09:45:28.162979754
31,117.25,4,117.26,09:45:28.163360164
31,117.25,3,117.26,09:45:28.163728115
31,117.25,2,117.26,09:45:28.163728115
31,117.25,1,117.26,09:45:28.163798223
33,117.25,1,117.26,09:45:28.164051472
33,117.25,2,117.26,09:45:28.164161121
38,117.25,2,117.26,09:45:28.175749381
38,117.25,1,117.26,09:45:28.175966827
40,117.25,1,117.26,09:45:28.176041329
40,117.25,9,117.26,09:45:28.190443227
35,117.25,9,117.26,09:45:28.190632020
33,117.25,9,117.26,09:45:28.261608087
33,117.25,11,117.26,09:45:28.495359026
33,117.25,12,117.26,09:45:28.495428060
31,117.25,12,117.26,09:45:28.495533923
28,117.25,12,117.26,09:45:28.496251447
21,117.25,12,117.26,09:45:28.496506981
21,117.25,17,117.26,09:45:28.499501849
21,117.25,19,117.26,09:45:28.499595977
21,117.25,17,117.26,09:45:28.612675620
21,117.25,12,117.26,09:45:28.612742826
22,117.25,12,117.26,09:45:28.759717339
24,117.25,12,117.26,09:45:28.759900379
25,117.25,12,117.26,09:45:29.023009287
23,117.25,12,117.26,09:45:29.427893334
23,117.25,16,117.26,09:45:29.431784375
23,117.25,21,117.26,09:45:29.432002481
23,117.25,22,117.26,09:45:29.432082474
23,117.25,24,117.26,09:45:29.432201628
19,117.25,24,117.26,09:45:29.435740081
19,117.25,29,117.26,09:45:29.435918981
18,117.25,29,117.26,09:45:29.441096724
10,117.25,29,117.26,09:45:29.858779848
6,117.25,29,117.26,09:45:29.866508524
3,117.25,29,117.26,09:45:29.866695314
4,117.25,29,117.26,09:45:29.968761544
8,117.25,29,117.26,09:45:29.968761544
10,117.25,29,117.26,09:45:29.968935879
18,117.25,29,117.26,09:45:29.977099285
18,117.25,24,117.26,09:45:29.977264319
18,117.25,29,117.26,09:45:30.205493307
10,117.25,29,117.26,09:45:30.205585512
9,117.25,29,117.26,09:45:30.205772120
7,117.25,29,117.26,09:45:30.205843720
3,117.25,29,117.26,09:45:30.210556846
3,117.25,30,117.26,09:45:30.292630596
4,117.25,30,117.26,09:45:30.334488362
5,117.25,30,117.26,09:45:30.334678219
6,117.25,30,117.26,09:45:30.334728974
14,117.25,30,117.26,09:45:30.334820929
13,117.25,30,117.26,09:45:30.335088317
12,117.25,30,117.26,09:45:30.371073154
12,117.25,31,117.26,09:45:30.474581126
4,117.25,31,117.26,09:45:30.552558264
3,117.25,31,117.26,09:45:30.552751825
2,117.25,31,117.26,09:45:30.552828427
2,117.25,32,117.26,09:45:30.553077092
1,117.25,32,117.26,09:45:30.642626225
37,117.24,32,117.26,09:45:30.642626225
37,117.24,36,117.26,09:45:30.642864365
37,117.24,1,117.25,09:45:30.645195532
31,117.24,1,117.25,09:45:30.725322189
28,117.24,1,117.25,09:45:30.725387635
28,117.24,2,117.25,09:45:30.725688095
28,117.24,10,117.25,09:45:30.726283881
28,117.24,14,117.25,09:45:30.726480850
28,117.24,17,117.25,09:45:30.726626505
27,117.24,17,117.25,09:45:30.726920821
26,117.24,17,117.25,09:45:30.727026901
26,117.24,19,117.25,09:45:30.729483667
26,117.24,20,117.25,09:45:30.729502160
23,117.24,20,117.25,09:45:30.729794051
23,117.24,21,117.25,09:45:30.734933590
22,117.24,21,117.25,09:45:30.736339605
22,117.24,22,117.25,09:45:30.736836091
14,117.24,22,117.25,09:45:30.737078750
14,117.24,25,117.25,09:45:30.737939952
14,117.24,27,117.25,09:45:30.738498186
14,117.24,31,117.25,09:45:30.865127282
10,117.24,31,117.25,09:45:30.866223126
9,117.24,31,117.25,09:45:30.866223126
6,117.24,31,117.25,09:45:30.866319219
5,117.24,31,117.25,09:45:30.866319219
3,117.24,31,117.25,09:45:30.866679418
1,117.24,31,117.25,09:45:30.866774749
34,117.23,31,117.25,09:45:30.866803088
34,117.23,35,117.25,09:45:30.866916851
34,117.23,36,117.25,09:45:30.866916851
33,117.23,36,117.25,09:45:30.867073952
33,117.23,38,117.25,09:45:30.867091494
36,117.23,38,117.25,09:45:30.867091494
36,117.23,37,117.25,09:45:30.867155734
36,117.23,9,117.24,09:45:30.873880130
36,117.23,37,117.25,09:45:30.874088174
38,117.23,37,117.25,09:45:30.874481265
37,117.23,37,117.25,09:45:30.971505286
39,117.23,37,117.25,09:45:31.051458176
41,117.23,37,117.25,09:45:31.051658039
39,117.23,37,117.25,09:45:31.336673543
39,117.23,4,117.24,09:45:31.376305929
39,117.23,8,117.24,09:45:31.376375622
39,117.23,9,117.24,09:45:31.376704844
39,117.23,12,117.24,09:45:31.376704844
39,117.23,15,117.24,09:45:31.376720283
39,117.23,22,117.24,09:45:31.377214142
36,117.23,22,117.24,09:45:31.377574897
35,117.23,22,117.24,09:45:31.377574897
33,117.23,22,117.24,09:45:31.379561533
26,117.23,22,117.24,09:45:31.379634275
26,117.23,26,117.24,09:45:31.380549145
24,117.23,26,117.24,09:45:31.383364673
24,117.23,22,117.24,09:45:31.487017207
24,117.23,19,117.24,09:45:31.487214366
24,117.23,15,117.24,09:45:31.487469390
24,117.23,8,117.24,09:45:31.487689700
25,117.23,8,117.24,09:45:31.489254855
27,117.23,8,117.24,09:45:31.489420512
27,117.23,5,117.24,09:45:31.489694985
28,117.23,5,117.24,09:45:31.489911600
28,117.23,2,117.24,09:45:31.490014844
29,117.23,2,117.24,09:45:31.490152739
29,117.23,1,117.24,09:45:31.490256802
36,117.23,1,117.24,09:45:31.509378153
36,117.23,41,117.25,09:45:31.509562536
37,117.23,41,117.25,09:45:31.509622229
37,117.23,45,117.25,09:45:31.509785371
37,117.23,46,117.25,09:45:31.509968322
37,117.23,4,117.24,09:45:32.063366075
30,117.23,4,117.24,09:45:32.063662900
30,117.23,5,117.24,09:45:32.063745911
30,117.23,8,117.24,09:45:32.063745911
29,117.23,8,117.24,09:45:32.063853082
28,117.23,8,117.24,09:45:32.064460528
27,117.23,8,117.24,09:45:32.064460528
25,117.23,8,117.24,09:45:32.064577804
25,117.23,15,117.24,09:45:32.064695837
24,117.23,15,117.24,09:45:32.064861508
25,117.23,15,117.24,09:45:32.343203973
25,117.23,8,117.24,09:45:32.343360542
25,117.23,7,117.24,09:45:32.417925332
26,117.23,7,117.24,09:45:32.418108217
27,117.23,7,117.24,09:45:32.418340277
27,117.23,3,117.24,09:45:32.541928927
28,117.23,3,117.24,09:45:32.542031941
29,117.23,3,117.24,09:45:32.542205842
29,117.23,47,117.25,09:45:32.551081430
31,117.23,47,117.25,09:45:32.551081430
38,117.23,47,117.25,09:45:32.551094585
38,117.23,46,117.25,09:45:32.551489535
4,117.24,46,117.25,09:45:32.553316491
6,117.24,46,117.25,09:45:32.553477034
6,117.24,43,117.25,09:45:32.553553271
4,117.24,43,117.25,09:45:32.554514717
38,117.23,43,117.25,09:45:32.558406046
8,117.24,43,117.25,09:45:32.628176636
12,117.24,43,117.25,09:45:32.628451205
12,117.24,42,117.25,09:45:32.634215588
4,117.24,42,117.25,09:45:32.733397026
38,117.23,42,117.25,09:45:32.774871254
38,117.23,45,117.25,09:45:32.775100543
43,117.23,45,117.25,09:45:33.839419280
2,117.24,45,117.25,09:45:33.841779192
3,117.24,45,117.25,09:45:33.842164903
3,117.24,43,117.25,09:45:33.842164903
5,117.24,43,117.25,09:45:33.842164903
6,117.24,43,117.25,09:45:33.842287313
14,117.24,43,117.25,09:45:33.843183459
14,117.24,42,117.25,09:45:33.848298281
14,117.24,38,117.25,09:45:33.852264922
14,117.24,36,117.25,09:45:33.872018304
14,117.24,33,117.25,09:45:33.872098656
15,117.24,33,117.25,09:45:33.872256153
15,117.24,31,117.25,09:45:33.872438697
18,117.24,31,117.25,09:45:33.872510073
18,117.24,28,117.25,09:45:33.873779925
18,117.24,26,117.25,09:45:33.873779925
18,117.24,22,117.25,09:45:33.873843106
22,117.24,22,117.25,09:45:33.873921864
26,117.24,22,117.25,09:45:33.921369861
29,117.24,22,117.25,09:45:33.921433762
32,117.24,22,117.25,09:45:33.921600352
29,117.24,22,117.25,09:45:33.967277568
30,117.24,22,117.25,09:45:34.024927363
31,117.24,22,117.25,09:45:34.025171414
31,117.24,18,117.25,09:45:34.039019077
31,117.24,17,117.25,09:45:34.039198912
31,117.24,16,117.25,09:45:34.294059473
31,117.24,15,117.25,09:45:34.477956620
32,117.24,15,117.25,09:45:34.488031579
32,117.24,14,117.25,09:45:34.488260212
33,117.24,14,117.25,09:45:34.488318740
37,117.24,14,117.25,09:45:34.525812061
37,117.24,12,117.25,09:45:34.526163553
37,117.24,11,117.25,09:45:34.526179027
37,117.24,9,117.25,09:45:34.526179027
37,117.24,1,117.25,09:45:34.526266503
38,117.24,1,117.25,09:45:34.526372663
40,117.24,1,117.25,09:45:34.526594544
40,117.24,43,117.26,09:45:34.528228713
1,117.25,43,117.26,09:45:34.528593023
2,117.25,43,117.26,09:45:34.528965986
3,117.25,43,117.26,09:45:34.529045195
2,117.25,43,117.26,09:45:34.529353543
1,117.25,43,117.26,09:45:34.532075240
2,117.25,43,117.26,09:45:34.532775590
1,117.25,43,117.26,09:45:34.532940811
2,117.25,43,117.26,09:45:34.533728331
3,117.25,43,117.26,09:45:34.533999330
4,117.25,43,117.26,09:45:34.534270830
3,117.25,43,117.26,09:45:34.535530918
2,117.25,43,117.26,09:45:34.537198364
3,117.25,43,117.26,09:45:34.538246366
4,117.25,43,117.26,09:45:34.538680645
5,117.25,43,117.26,09:45:34.541233504
5,117.25,41,117.26,09:45:34.541722783
5,117.25,36,117.26,09:45:34.541722783
5,117.25,34,117.26,09:45:34.541722783
7,117.25,34,117.26,09:45:34.541791115
12,117.25,34,117.26,09:45:34.541937622
14,117.25,34,117.26,09:45:34.542220492
14,117.25,33,117.26,09:45:34.542243458
14,117.25,32,117.26,09:45:34.542492123
14,117.25,31,117.26,09:45:34.543607309
14,117.25,30,117.26,09:45:34.543607309
15,117.25,30,117.26,09:45:34.543813735
15,117.25,29,117.26,09:45:34.553614702
15,117.25,24,117.26,09:45:34.553770926
10,117.25,24,117.26,09:45:34.624278566
8,117.25,24,117.26,09:45:34.624457489
7,117.25,24,117.26,09:45:34.648559242
6,117.25,24,117.26,09:45:34.648737405
5,117.25,24,117.26,09:45:34.648737405
4,117.25,24,117.26,09:45:34.648737405
3,117.25,24,117.26,09:45:34.648751072
3,117.25,30,117.26,09:45:34.648941767
3,117.25,34,117.26,09:45:34.648941767
2,117.25,34,117.26,09:45:34.648980515
44,117.24,34,117.26,09:45:34.648980515
44,117.24,35,117.26,09:45:34.649235628
44,117.24,36,117.26,09:45:34.649273622
44,117.24,37,117.26,09:45:34.651755322
43,117.24,37,117.26,09:45:34.659723215
42,117.24,37,117.26,09:45:34.659789016
40,117.24,37,117.26,09:45:34.660027267
40,117.24,4,117.25,09:45:34.666649160
40,117.24,5,117.25,09:45:34.666836349
40,117.24,13,117.25,09:45:34.666912016
40,117.24,16,117.25,09:45:34.666985035
37,117.24,16,117.25,09:45:34.667249988
35,117.24,16,117.25,09:45:34.667286240
31,117.24,16,117.25,09:45:34.667286240
30,117.24,16,117.25,09:45:34.667448596
30,117.24,21,117.25,09:45:34.668135540
30,117.24,23,117.25,09:45:34.668230467
29,117.24,23,117.25,09:45:34.739658464
25,117.24,23,117.25,09:45:34.752027313
24,117.24,23,117.25,09:45:34.753002727
24,117.24,28,117.25,09:45:34.753595650
24,117.24,23,117.25,09:45:34.764805336
24,117.24,21,117.25,09:45:35.058998677
24,117.24,16,117.25,09:45:35.059073973
24,117.24,21,117.25,09:45:35.166014967
24,117.24,23,117.25,09:45:35.166153174
20,117.24,23,117.25,09:45:35.840401544
17,117.24,23,117.25,09:45:35.840622539
17,117.24,27,117.25,09:45:35.840803170
17,117.24,28,117.25,09:45:35.840876616
16,117.24,28,117.25,09:45:35.845130155
14,117.24,28,117.25,09:45:35.845676834
13,117.24,28,117.25,09:45:35.888254082
11,117.24,28,117.25,09:45:35.889926506
3,117.24,28,117.25,09:45:35.893229170
3,117.24,32,117.25,09:45:35.893557605
2,117.24,32,117.25,09:45:35.898013842
2,117.24,34,117.25,09:45:35.898181787
2,117.24,35,117.25,09:45:35.898368718
1,117.24,35,117.25,09:45:35.908477006
39,117.23,35,117.25,09:45:35.908562493
39,117.23,39,117.25,09:45:35.908916506
38,117.23,39,117.25,09:45:35.908916506
38,117.23,38,117.25,09:45:35.908987063
38,117.23,1,117.24,09:45:35.945694991
38,117.23,38,117.25,09:45:35.946029419
38,117.23,2,117.24,09:45:35.946029419
38,117.23,3,117.24,09:45:35.946113506
38,117.23,4,117.24,09:45:35.946391860
37,117.23,4,117.24,09:45:35.956504395
37,117.23,3,117.24,09:45:35.995179220
37,117.23,2,117.24,09:45:35.995454042
37,117.23,1,117.24,09:45:35.995454042
37,117.23,40,117.25,09:45:35.995454042
38,117.23,40,117.25,09:45:36.162095365
38,117.23,41,117.25,09:45:36.162172463
39,117.23,41,117.25,09:45:36.162264012
39,117.23,42,117.25,09:45:36.162373068
40,117.23,42,117.25,09:45:36.456241675
40,117.23,43,117.25,09:45:36.477553082
40,117.23,42,117.25,09:45:36.573627376
40,117.23,4,117.24,09:45:36.952071699
38,117.23,4,117.24,09:45:36.952168509
31,117.23,4,117.24,09:45:36.952238564
31,117.23,7,117.24,09:45:36.952313418
31,117.23,15,117.24,09:45:36.952375600
31,117.23,16,117.24,09:45:36.952449063
30,117.23,16,117.24,09:45:36.952887119
30,117.23,15,117.24,09:45:36.972666764
29,117.23,15,117.24,09:45:36.972743916
29,117.23,16,117.24,09:45:36.973393212
29,117.23,15,117.24,09:45:36.973540377
29,117.23,16,117.24,09:45:36.973984578
29,117.23,21,117.24,09:45:36.974337605
29,117.23,20,117.24,09:45:36.974725605
29,117.23,22,117.24,09:45:36.974725605
28,117.23,22,117.24,09:45:36.974725605
27,117.23,22,117.24,09:45:36.974747720
25,117.23,22,117.24,09:45:36.974837121
22,117.23,22,117.24,09:45:36.975045210
22,117.23,23,117.24,09:45:36.975045210
23,117.23,23,117.24,09:45:36.975271409
23,117.23,22,117.24,09:45:36.975493790
23,117.23,23,117.24,09:45:36.976614775
23,117.23,22,117.24,09:45:36.976860512
22,117.23,22,117.24,09:45:36.978100908
22,117.23,23,117.24,09:45:36.978172806
23,117.23,23,117.24,09:45:36.978275737
22,117.23,23,117.24,09:45:36.978506597
21,117.23,23,117.24,09:45:36.979967118
21,117.23,27,117.24,09:45:36.980185751
21,117.23,31,117.24,09:45:36.980271879
13,117.23,31,117.24,09:45:36.980288673
9,117.23,31,117.24,09:45:36.980723070
8,117.23,31,117.24,09:45:36.980819591
8,117.23,32,117.24,09:45:36.980839498
4,117.23,32,117.24,09:45:36.980839498
4,117.23,33,117.24,09:45:36.981102640
3,117.23,33,117.24,09:45:36.986280997
1,117.23,33,117.24,09:45:36.986298931
32,117.22,33,117.24,09:45:36.986900809
32,117.22,1,117.23,09:45:36.986991318
33,117.22,1,117.23,09:45:36.987754921
34,117.22,1,117.23,09:45:36.987756901
34,117.22,33,117.24,09:45:36.987785359
34,117.22,3,117.23,09:45:36.987840927
34,117.22,34,117.24,09:45:36.988520843
38,117.22,34,117.24,09:45:36.988614904
38,117.22,35,117.24,09:45:36.997661145
38,117.22,36,117.24,09:45:36.997819503
38,117.22,1,117.23,09:45:37.054653182
38,117.22,4,117.23,09:45:37.055158553
38,117.22,3,117.23,09:45:37.166635236
38,117.22,36,117.24,09:45:37.166713886
38,117.22,41,117.24,09:45:37.166858144
38,117.22,4,117.23,09:45:37.273018867
38,117.22,7,117.23,09:45:37.273211172
38,117.22,3,117.23,09:45:37.273622752
38,117.22,2,117.23,09:45:37.274156349
38,117.22,41,117.24,09:45:37.274491049
38,117.22,1,117.23,09:45:37.807035483
38,117.22,2,117.23,09:45:37.807373019
38,117.22,4,117.23,09:45:37.807373019
38,117.22,5,117.23,09:45:37.807393675
34,117.22,5,117.23,09:45:37.807738785
34,117.22,4,117.23,09:45:37.831134676
34,117.22,5,117.23,09:45:37.838506591
34,117.22,13,117.23,09:45:37.838701622
33,117.22,13,117.23,09:45:37.838933337
31,117.22,13,117.23,09:45:37.839004981
32,117.22,13,117.23,09:45:37.839661586
34,117.22,13,117.23,09:45:37.839876133
32,117.22,13,117.23,09:45:37.863885767
32,117.22,5,117.23,09:45:37.913776085
32,117.22,9,117.23,09:45:38.435968768
31,117.22,9,117.23,09:45:38.440876422
31,117.22,17,117.23,09:45:38.441241890
28,117.22,17,117.23,09:45:38.441406518
20,117.22,17,117.23,09:45:38.441628317
18,117.22,17,117.23,09:45:38.442112476
11,117.22,17,117.23,09:45:38.442112476
11,117.22,21,117.23,09:45:38.442112476
11,117.22,24,117.23,09:45:38.442112476
11,117.22,27,117.23,09:45:38.442895353
11,117.22,29,117.23,09:45:38.443071039
10,117.22,29,117.23,09:45:38.446236256
6,117.22,29,117.23,09:45:38.446236256
2,117.22,29,117.23,09:45:38.446483465
2,117.22,30,117.23,09:45:38.446602254
1,117.22,30,117.23,09:45:38.446649496
2,117.22,30,117.23,09:45:38.446904178
3,117.22,30,117.23,09:45:38.446904178
3,117.22,31,117.23,09:45:38.447502024
4,117.22,31,117.23,09:45:38.447502024
12,117.22,31,117.23,09:45:38.447502817
13,117.22,31,117.23,09:45:38.447502817
12,117.22,31,117.23,09:45:38.450488770
4,117.22,31,117.23,09:45:38.452393463
3,117.22,31,117.23,09:45:38.453277944
2,117.22,31,117.23,09:45:38.453883691
1,117.22,31,117.23,09:45:38.454393340
1,117.22,35,117.23,09:45:38.454550609
35,117.21,35,117.23,09:45:38.455577990
1,117.22,35,117.23,09:45:38.455577990
35,117.21,35,117.23,09:45:38.456392766
36,117.21,35,117.23,09:45:38.456415973
36,117.21,36,117.23,09:45:38.456415973
37,117.21,36,117.23,09:45:38.456933169
34,117.21,36,117.23,09:45:38.457651953
1,117.22,36,117.23,09:45:38.459892547
2,117.22,36,117.23,09:45:38.460000754
3,117.22,36,117.23,09:45:38.460075789
3,117.22,35,117.23,09:45:38.460413219
2,117.22,35,117.23,09:45:38.460715541
3,117.22,35,117.23,09:45:38.461031208
4,117.22,35,117.23,09:45:38.461443497
3,117.22,35,117.23,09:45:38.465149794
2,117.22,35,117.23,09:45:38.465335606
3,117.22,35,117.23,09:45:38.466218015
2,117.22,35,117.23,09:45:38.466374391
3,117.22,35,117.23,09:45:38.466590869
4,117.22,35,117.23,09:45:38.466893386
4,117.22,36,117.23,09:45:38.466992660
4,117.22,37,117.23,09:45:38.466992660
3,117.22,37,117.23,09:45:38.467124337
4,117.22,37,117.23,09:45:38.468236989
5,117.22,37,117.23,09:45:38.468607952
4,117.22,37,117.23,09:45:38.470051080
5,117.22,37,117.23,09:45:38.470957044
4,117.22,37,117.23,09:45:38.471514907
5,117.22,37,117.23,09:45:38.471658638
6,117.22,37,117.23,09:45:38.472063312
7,117.22,37,117.23,09:45:38.474828498
6,117.22,37,117.23,09:45:38.476725863
10,117.22,37,117.23,09:45:38.477091166
11,117.22,37,117.23,09:45:38.477199575
11,117.22,36,117.23,09:45:38.477577911
11,117.22,33,117.23,09:45:38.478005578
11,117.22,29,117.23,09:45:38.478005578
12,117.22,29,117.23,09:45:38.478420848
14,117.22,29,117.23,09:45:38.478736110
14,117.22,27,117.23,09:45:38.479707463
14,117.22,24,117.23,09:45:38.479707463
18,117.22,24,117.23,09:45:38.486650321
20,117.22,24,117.23,09:45:38.486798993
18,117.22,24,117.23,09:45:38.505200298
14,117.22,24,117.23,09:45:38.505200298
14,117.22,20,117.23,09:45:38.557841127
18,117.22,20,117.23,09:45:38.557922503
19,117.22,20,117.23,09:45:38.558227248
23,117.22,20,117.23,09:45:38.618837753
25,117.22,20,117.23,09:45:38.618963040
24,117.22,20,117.23,09:45:39.221360332
25,117.22,20,117.23,09:45:39.305271772
33,117.22,20,117.23,09:45:39.305507724
33,117.22,12,117.23,09:45:39.305507724
34,117.22,12,117.23,09:45:39.305578316
34,117.22,11,117.23,09:45:39.305578316
34,117.22,10,117.23,09:45:39.305810629
34,117.22,6,117.23,09:45:39.305911400
34,117.22,4,117.23,09:45:39.306179468
34,117.22,3,117.23,09:45:39.306355512
33,117.22,3,117.23,09:45:39.309808019
36,117.22,3,117.23,09:45:39.312745981
37,117.22,3,117.23,09:45:39.312851114
37,117.22,2,117.23,09:45:39.315348469
37,117.22,1,117.23,09:45:39.315663058
37,117.22,44,117.24,09:45:39.315761028
1,117.23,44,117.24,09:45:39.315867464
1,117.23,43,117.24,09:45:39.316263381
40,117.22,43,117.24,09:45:39.316434389
1,117.23,43,117.24,09:45:39.316684714
3,117.23,43,117.24,09:45:39.317259134
2,117.23,43,117.24,09:45:39.320136744
3,117.23,43,117.24,09:45:39.324433832
4,117.23,43,117.24,09:45:39.325457083
4,117.23,42,117.24,09:45:39.326645425
4,117.23,43,117.24,09:45:39.326941846
3,117.23,43,117.24,09:45:39.329103545
2,117.23,43,117.24,09:45:39.329269308
3,117.23,43,117.24,09:45:39.343704289
4,117.23,43,117.24,09:45:39.343854280
3,117.23,43,117.24,09:45:39.347364336
2,117.23,43,117.24,09:45:39.352927102
3,117.23,43,117.24,09:45:39.370584386
4,117.23,43,117.24,09:45:39.370650649
3,117.23,43,117.24,09:45:39.377917083
2,117.23,43,117.24,09:45:39.378225335
3,117.23,43,117.24,09:45:39.383742586
4,117.23,43,117.24,09:45:39.383920706
5,117.23,43,117.24,09:45:39.384257357
4,117.23,43,117.24,09:45:39.384842757
5,117.23,43,117.24,09:45:39.413684719
6,117.23,43,117.24,09:45:39.426060535
7,117.23,43,117.24,09:45:39.426079011
15,117.23,43,117.24,09:45:39.426161408
16,117.23,43,117.24,09:45:39.426320877
15,117.23,43,117.24,09:45:39.426320877
14,117.23,43,117.24,09:45:39.426556182
13,117.23,43,117.24,09:45:39.466364773
5,117.23,43,117.24,09:45:39.472779431
4,117.23,43,117.24,09:45:39.638860366
3,117.23,43,117.24,09:45:39.638993723
4,117.23,43,117.24,09:45:39.659318562
5,117.23,43,117.24,09:45:39.659560893
4,117.23,43,117.24,09:45:39.693061792
3,117.23,43,117.24,09:45:39.698463689
2,117.23,43,117.24,09:45:39.698792498
3,117.23,43,117.24,09:45:39.710663418
4,117.23,43,117.24,09:45:39.714094859
5,117.23,43,117.24,09:45:39.714226091
6,117.23,43,117.24,09:45:39.714450449
10,117.23,43,117.24,09:45:39.714537024
10,117.23,39,117.24,09:45:39.749355372
14,117.23,39,117.24,09:45:39.749829157
14,117.23,38,117.24,09:45:39.750027375
15,117.23,38,117.24,09:45:39.750113028
15,117.23,37,117.24,09:45:39.750244684
15,117.23,35,117.24,09:45:39.750594571
15,117.23,33,117.24,09:45:39.750682347
19,117.23,33,117.24,09:45:39.750682347
21,117.23,33,117.24,09:45:39.750781470
21,117.23,29,117.24,09:45:39.750781470
21,117.23,24,117.24,09:45:39.750797349
24,117.23,24,117.24,09:45:39.750797349
25,117.23,24,117.24,09:45:39.750959624
24,117.23,24,117.24,09:45:39.751277048
25,117.23,24,117.24,09:45:39.752395168
24,117.23,24,117.24,09:45:39.752655808
25,117.23,24,117.24,09:45:39.753625734
24,117.23,24,117.24,09:45:39.753862405
25,117.23,24,117.24,09:45:39.755509431
33,117.23,24,117.24,09:45:39.755509431
33,117.23,23,117.24,09:45:39.755584893
33,117.23,15,117.24,09:45:39.755584893
38,117.23,15,117.24,09:45:39.755651166
39,117.23,15,117.24,09:45:39.755885262
39,117.23,11,117.24,09:45:39.755962273
39,117.23,12,117.24,09:45:39.756259015
39,117.23,11,117.24,09:45:39.756467591
34,117.23,11,117.24,09:45:39.757259482
34,117.23,12,117.24,09:45:39.757339219
26,117.23,12,117.24,09:45:39.757547930
25,117.23,12,117.24,09:45:39.757699312
26,117.23,12,117.24,09:45:39.758243378
25,117.23,12,117.24,09:45:39.758504508
26,117.23,12,117.24,09:45:39.759879982
25,117.23,12,117.24,09:45:39.760242929
25,117.23,16,117.24,09:45:39.760516619
22,117.23,16,117.24,09:45:39.760673428
18,117.23,16,117.24,09:45:39.760673428
18,117.23,24,117.24,09:45:39.760987185
18,117.23,20,117.24,09:45:39.761402946
19,117.23,20,117.24,09:45:39.819765836
22,117.23,20,117.24,09:45:39.819964610
21,117.23,20,117.24,09:45:39.836660205
18,117.23,20,117.24,09:45:39.843581692
18,117.23,25,117.24,09:45:39.851445299
18,117.23,27,117.24,09:45:39.851592083
18,117.23,29,117.24,09:45:40.097361291
18,117.23,28,117.24,09:45:40.480362724
16,117.23,28,117.24,09:45:40.674194704
15,117.23,28,117.24,09:45:40.674209424
14,117.23,28,117.24,09:45:40.674301690
13,117.23,28,117.24,09:45:40.674316301
12,117.23,28,117.24,09:45:40.674316301
8,117.23,28,117.24,09:45:40.674316301
4,117.23,28,117.24,09:45:40.674339290
3,117.23,28,117.24,09:45:40.674339290
1,117.23,28,117.24,09:45:40.674339290
39,117.22,28,117.24,09:45:40.674339290
39,117.22,22,117.23,09:45:40.674339290
39,117.22,23,117.23,09:45:40.674698909
39,117.22,24,117.23,09:45:40.674715361
39,117.22,26,117.23,09:45:40.674796433
31,117.22,26,117.23,09:45:40.674815607
31,117.22,25,117.23,09:45:40.675127074
29,117.22,25,117.23,09:45:40.675229751
25,117.22,25,117.23,09:45:40.675229751
22,117.22,25,117.23,09:45:40.675229751
22,117.22,27,117.23,09:45:40.675243194
22,117.22,26,117.23,09:45:40.675298103
22,117.22,27,117.23,09:45:40.675298103
28,117.22,27,117.23,09:45:40.686577980
30,117.22,27,117.23,09:45:40.686804492
30,117.22,26,117.23,09:45:40.688661889
30,117.22,24,117.23,09:45:40.688661889
31,117.22,24,117.23,09:45:41.973689618
32,117.22,24,117.23,09:45:42.024213031
33,117.22,24,117.23,09:45:42.028720404
33,117.22,27,117.23,09:45:42.157497581
27,117.22,27,117.23,09:45:42.157576877
26,117.22,27,117.23,09:45:42.157712476
26,117.22,28,117.23,09:45:42.157960060
26,117.22,29,117.23,09:45:42.157960060
26,117.22,28,117.23,09:45:42.158239929
26,117.22,29,117.23,09:45:42.478805961
27,117.22,29,117.23,09:45:42.607988077
33,117.22,29,117.23,09:45:43.070680107
34,117.22,29,117.23,09:45:43.070737697
32,117.22,29,117.23,09:45:43.070877749
32,117.22,28,117.23,09:45:43.070957899
31,117.22,28,117.23,09:45:43.071031889
31,117.22,25,117.23,09:45:43.074850549
32,117.22,25,117.23,09:45:43.075148219
36,117.22,25,117.23,09:45:43.084149967
38,117.22,25,117.23,09:45:43.084149967
38,117.22,12,117.23,09:45:43.084448852
38,117.22,3,117.23,09:45:43.084874821
38,117.22,1,117.23,09:45:43.084982545
38,117.22,32,117.24,09:45:43.085080244
2,117.23,32,117.24,09:45:43.085418481
5,117.23,32,117.24,09:45:43.085546113
6,117.23,32,117.24,09:45:43.085546113
7,117.23,32,117.24,09:45:43.085546113
8,117.23,32,117.24,09:45:43.085546113
8,117.23,31,117.24,09:45:43.085565329
10,117.23,31,117.24,09:45:43.085670586
11,117.23,31,117.24,09:45:43.085670586
12,117.23,31,117.24,09:45:43.085670586
12,117.23,35,117.24,09:45:43.085690173
12,117.23,33,117.24,09:45:43.085971895
12,117.23,28,117.24,09:45:43.085971895
11,117.23,28,117.24,09:45:43.085987671
10,117.23,28,117.24,09:45:43.086114394
10,117.23,27,117.24,09:45:43.086114394
9,117.23,27,117.24,09:45:43.086185917
8,117.23,27,117.24,09:45:43.086662583
6,117.23,27,117.24,09:45:43.088517612
5,117.23,27,117.24,09:45:43.090217624
5,117.23,28,117.24,09:45:43.095033195
5,117.23,31,117.24,09:45:43.095288711
5,117.23,30,117.24,09:45:43.097067296
2,117.23,30,117.24,09:45:43.097526419
2,117.23,31,117.24,09:45:43.097775494
2,117.23,32,117.24,09:45:43.104564912
2,117.23,33,117.24,09:45:43.104738987
2,117.23,32,117.24,09:45:43.110558256
3,117.23,32,117.24,09:45:43.161367591
3,117.23,38,117.24,09:45:43.185831946
4,117.23,38,117.24,09:45:43.215091811
4,117.23,37,117.24,09:45:43.216167439
4,117.23,34,117.24,09:45:43.216605170
3,117.23,34,117.24,09:45:43.218619501
4,117.23,34,117.24,09:45:43.218894801
8,117.23,34,117.24,09:45:43.219101370
4,117.23,34,117.24,09:45:43.219571853
3,117.23,34,117.24,09:45:43.227106280
4,117.23,34,117.24,09:45:43.284581979
7,117.23,34,117.24,09:45:43.284779809
7,117.23,35,117.24,09:45:44.060257294
4,117.23,35,117.24,09:45:44.060651169
4,117.23,36,117.24,09:45:44.074591896
4,117.23,37,117.24,09:45:44.074930011
4,117.23,36,117.24,09:45:44.084295185
4,117.23,35,117.24,09:45:44.101097888
5,117.23,35,117.24,09:45:44.129028019
6,117.23,35,117.24,09:45:44.129264886
5,117.23,35,117.24,09:45:44.296413480
5,117.23,38,117.24,09:45:44.362078017
4,117.23,38,117.24,09:45:44.391690958
5,117.23,38,117.24,09:45:45.029980310
5,117.23,39,117.24,09:45:45.164476402
5,117.23,38,117.24,09:45:45.265050410
7,117.23,38,117.24,09:45:45.265692237
8,117.23,38,117.24,09:45:45.265763104
7,117.23,38,117.24,09:45:45.265896875
7,117.23,32,117.24,09:45:45.266000902
8,117.23,32,117.24,09:45:45.266228662
9,117.23,32,117.24,09:45:45.266310761
13,117.23,32,117.24,09:45:45.266390451
17,117.23,32,117.24,09:45:45.266473958
18,117.23,32,117.24,09:45:45.266473958
18,117.23,31,117.24,09:45:45.266661198
14,117.23,31,117.24,09:45:45.266661198
19,117.23,31,117.24,09:45:45.266732872
21,117.23,31,117.24,09:45:45.266847801
20,117.23,31,117.24,09:45:45.267026130
19,117.23,31,117.24,09:45:45.267344533
19,117.23,28,117.24,09:45:45.267430366
18,117.23,28,117.24,09:45:45.267430366
18,117.23,27,117.24,09:45:45.267430366
13,117.23,27,117.24,09:45:45.267765038
11,117.23,27,117.24,09:45:45.267844840
7,117.23,27,117.24,09:45:45.268001589
8,117.23,27,117.24,09:45:45.268462531
7,117.23,27,117.24,09:45:45.269052305
8,117.23,27,117.24,09:45:45.269313151
9,117.23,27,117.24,09:45:45.269523191
8,117.23,27,117.24,09:45:45.270228479
9,117.23,27,117.24,09:45:45.270648168
10,117.23,27,117.24,09:45:45.270814531
16,117.23,27,117.24,09:45:45.270886159
15,117.23,27,117.24,09:45:45.270969791
14,117.23,27,117.24,09:45:45.271038769
8,117.23,27,117.24,09:45:45.275369071
7,117.23,27,117.24,09:45:45.278078314
5,117.23,27,117.24,09:45:45.279081021
5,117.23,28,117.24,09:45:45.279449011
6,117.23,28,117.24,09:45:45.281540274
8,117.23,28,117.24,09:45:45.281711080
7,117.23,28,117.24,09:45:45.292262497
8,117.23,28,117.24,09:45:45.328178651
7,117.23,28,117.24,09:45:45.348867587
7,117.23,32,117.24,09:45:45.368168815
5,117.23,32,117.24,09:45:45.404607094
5,117.23,38,117.24,09:45:45.410321679
5,117.23,39,117.24,09:45:45.655219373
3,117.23,39,117.24,09:45:45.659634495
2,117.23,39,117.24,09:45:45.659634495
1,117.23,39,117.24,09:45:45.659723002
42,117.22,39,117.24,09:45:45.659723002
42,117.22,40,117.24,09:45:45.794584101
42,117.22,41,117.24,09:45:45.794773848
1,117.23,41,117.24,09:45:45.856689045
1,117.23,40,117.24,09:45:45.856868750
3,117.23,40,117.24,09:45:45.856943588
4,117.23,40,117.24,09:45:45.857020814
3,117.23,40,117.24,09:45:45.860649247
4,117.23,40,117.24,09:45:45.862264417
4,117.23,34,117.24,09:45:45.862396841
4,117.23,33,117.24,09:45:45.862636803
3,117.23,33,117.24,09:45:45.862781485
4,117.23,33,117.24,09:45:45.953965858
5,117.23,33,117.24,09:45:45.954033542
6,117.23,33,117.24,09:45:45.954165980
5,117.23,33,117.24,09:45:45.954243491
4,117.23,33,117.24,09:45:45.957134033
5,117.23,33,117.24,09:45:45.958827756
4,117.23,33,117.24,09:45:45.960286383
5,117.23,33,117.24,09:45:45.962824464
6,117.23,33,117.24,09:45:45.962979949
7,117.23,33,117.24,09:45:45.963151980
6,117.23,33,117.24,09:45:45.963510588
5,117.23,33,117.24,09:45:45.963657417
4,117.23,33,117.24,09:45:45.966244551
5,117.23,33,117.24,09:45:45.968505987
6,117.23,33,117.24,09:45:45.968694316
5,117.23,33,117.24,09:45:45.970484555
6,117.23,33,117.24,09:45:45.972234387
5,117.23,33,117.24,09:45:45.975919226
6,117.23,33,117.24,09:45:45.981049988
5,117.23,33,117.24,09:45:45.985047963
6,117.23,33,117.24,09:45:45.990395463
5,117.23,33,117.24,09:45:46.000495018
4,117.23,33,117.24,09:45:46.044819103
4,117.23,39,117.24,09:45:46.091391840
3,117.23,39,117.24,09:45:46.091941862
2,117.23,39,117.24,09:45:46.092884884
42,117.22,39,117.24,09:45:46.237329873
42,117.22,40,117.24,09:45:46.238602835
42,117.22,39,117.24,09:45:46.259719784
42,117.22,40,117.24,09:45:46.272178419
42,117.22,39,117.24,09:45:46.542772237
1,117.23,39,117.24,09:45:46.543286342
2,117.23,39,117.24,09:45:46.543613154
3,117.23,39,117.24,09:45:46.543613154
6,117.23,39,117.24,09:45:46.543731228
6,117.23,33,117.24,09:45:46.544576639
7,117.23,33,117.24,09:45:46.544728510
8,117.23,33,117.24,09:45:46.544728510
14,117.23,33,117.24,09:45:46.544863682
15,117.23,33,117.24,09:45:46.544960555
15,117.23,29,117.24,09:45:46.545129252
15,117.23,28,117.24,09:45:46.545231675
14,117.23,28,117.24,09:45:46.545719166
13,117.23,28,117.24,09:45:46.545879549
7,117.23,28,117.24,09:45:46.550460606
7,117.23,29,117.24,09:45:46.558452107
4,117.23,29,117.24,09:45:46.558526012
4,117.23,30,117.24,09:45:46.558666613
5,117.23,30,117.24,09:45:46.560127591
5,117.23,29,117.24,09:45:46.560295051
6,117.23,29,117.24,09:45:46.570155213
7,117.23,29,117.24,09:45:46.603661959
7,117.23,28,117.24,09:45:46.603817217
13,117.23,28,117.24,09:45:46.604144409
14,117.23,28,117.24,09:45:46.692719545
15,117.23,28,117.24,09:45:46.692877826
14,117.23,28,117.24,09:45:46.711606278
14,117.23,29,117.24,09:45:46.835158832
8,117.23,29,117.24,09:45:46.835381472
8,117.23,33,117.24,09:45:46.835626502
7,117.23,33,117.24,09:45:46.835718997
6,117.23,33,117.24,09:45:46.835926012
6,117.23,39,117.24,09:45:46.835926012
5,117.23,39,117.24,09:45:46.836063113
4,117.23,39,117.24,09:45:46.900550791
4,117.23,40,117.24,09:45:46.900717306
3,117.23,40,117.24,09:45:46.900823287
2,117.23,40,117.24,09:45:46.964126707
3,117.23,40,117.24,09:45:47.007113757
2,117.23,40,117.24,09:45:47.007311008
3,117.23,40,117.24,09:45:47.007386569
4,117.23,40,117.24,09:45:47.007386569
5,117.23,40,117.24,09:45:47.009046990
6,117.23,40,117.24,09:45:47.016316783
7,117.23,40,117.24,09:45:47.016388867
9,117.23,40,117.24,09:45:47.016484375
9,117.23,39,117.24,09:45:47.016552410
9,117.23,35,117.24,09:45:47.016670090
9,117.23,29,117.24,09:45:47.017472066
8,117.23,29,117.24,09:45:47.018921048
7,117.23,29,117.24,09:45:47.039274295
8,117.23,29,117.24,09:45:47.106193083
14,117.23,29,117.24,09:45:47.106343902
15,117.23,29,117.24,09:45:47.142040355
15,117.23,25,117.24,09:45:47.648516952
22,117.23,25,117.24,09:45:47.650436451
26,117.23,25,117.24,09:45:47.650436451
27,117.23,25,117.24,09:45:47.650436451
26,117.23,25,117.24,09:45:47.651041454
27,117.23,25,117.24,09:45:47.652353263
26,117.23,25,117.24,09:45:47.653508018
27,117.23,25,117.24,09:45:47.653728434
28,117.23,25,117.24,09:45:47.653728434
28,117.23,17,117.24,09:45:47.658098255
29,117.23,17,117.24,09:45:47.658284681
28,117.23,17,117.24,09:45:47.658880895
27,117.23,17,117.24,09:45:47.659944769
26,117.23,17,117.24,09:45:47.660135031
27,117.23,17,117.24,09:45:47.662641523
27,117.23,13,117.24,09:45:47.666173431
28,117.23,13,117.24,09:45:47.666173431
32,117.23,13,117.24,09:45:47.666173431
32,117.23,12,117.24,09:45:47.666255299
33,117.23,12,117.24,09:45:47.666568957
34,117.23,12,117.24,09:45:47.666880818
33,117.23,12,117.24,09:45:47.667719746
32,117.23,12,117.24,09:45:47.669304088
33,117.23,12,117.24,09:45:47.669720918
34,117.23,12,117.24,09:45:47.670498658
33,117.23,12,117.24,09:45:47.672317890
34,117.23,12,117.24,09:45:47.674244394
34,117.23,9,117.24,09:45:47.953615407
34,117.23,8,117.24,09:45:47.953685192
35,117.23,8,117.24,09:45:47.953754037
35,117.23,7,117.24,09:45:48.043445012
35,117.23,6,117.24,09:45:48.043445012
40,117.23,6,117.24,09:45:48.043622984
40,117.23,5,117.24,09:45:48.043736366
40,117.23,2,117.24,09:45:48.043736366
40,117.23,1,117.24,09:45:48.043842503
40,117.23,48,117.25,09:45:48.043842503
40,117.23,46,117.25,09:45:48.043857301
40,117.23,43,117.25,09:45:48.043857301
1,117.24,43,117.25,09:45:48.044264395
2,117.24,43,117.25,09:45:48.044376592
3,117.24,43,117.25,09:45:48.044376592
3,117.24,39,117.25,09:45:48.044376592
2,117.24,39,117.25,09:45:48.044528136
1,117.24,39,117.25,09:45:48.044793879
42,117.23,39,117.25,09:45:48.045063249
42,117.23,40,117.25,09:45:48.045063249
42,117.23,41,117.25,09:45:48.045183383
42,117.23,44,117.25,09:45:48.045257446
42,117.23,1,117.24,09:45:48.066305625
42,117.23,2,117.24,09:45:48.066578191
37,117.23,2,117.24,09:45:48.070113149
37,117.23,3,117.24,09:45:48.070273491
37,117.23,4,117.24,09:45:48.070501712
37,117.23,3,117.24,09:45:48.070877725
36,117.23,3,117.24,09:45:48.070877725
36,117.23,4,117.24,09:45:48.070988031
36,117.23,8,117.24,09:45:48.070988031
35,117.23,8,117.24,09:45:48.071054102
35,117.23,9,117.24,09:45:48.071194297
35,117.23,10,117.24,09:45:48.071194297
35,117.23,9,117.24,09:45:48.071415411
35,117.23,8,117.24,09:45:48.071559890
36,117.23,8,117.24,09:45:48.073936270
35,117.23,8,117.24,09:45:48.074638308
35,117.23,7,117.24,09:45:48.076731806
35,117.23,6,117.24,09:45:48.076821797
35,117.23,5,117.24,09:45:48.076838651
35,117.23,4,117.24,09:45:48.076838651
35,117.23,40,117.25,09:45:48.076838651
36,117.23,40,117.25,09:45:48.077129243
35,117.23,40,117.25,09:45:48.081640153
34,117.23,40,117.25,09:45:48.082383285
35,117.23,40,117.25,09:45:48.086893826
35,117.23,41,117.25,09:45:48.097511063
35,117.23,42,117.25,09:45:48.097743658
36,117.23,42,117.25,09:45:48.131850928
36,117.23,41,117.25,09:45:48.707346990
36,117.23,40,117.25,09:45:48.714979506
36,117.23,41,117.25,09:45:48.727998851
37,117.23,41,117.25,09:45:48.750822599
37,117.23,40,117.25,09:45:49.981853510
37,117.23,39,117.25,09:45:50.007533051
41,117.23,39,117.25,09:45:50.008316423
42,117.23,39,117.25,09:45:50.008519860
4,117.24,39,117.25,09:45:50.008733904
8,117.24,39,117.25,09:45:50.008810775
10,117.24,39,117.25,09:45:50.009069488
11,117.24,39,117.25,09:45:50.009160368
9,117.24,39,117.25,09:45:50.009376592
8,117.24,39,117.25,09:45:50.009466237
4,117.24,39,117.25,09:45:50.028106067
5,117.24,39,117.25,09:45:50.140185967
5,117.24,38,117.25,09:45:50.140246681
11,117.24,38,117.25,09:45:50.140316617
9,117.24,38,117.25,09:45:50.527448511
9,117.24,39,117.25,09:45:50.527674518
8,117.24,39,117.25,09:45:50.527753651
2,117.24,39,117.25,09:45:50.527753651
2,117.24,40,117.25,09:45:50.527981981
2,117.24,41,117.25,09:45:50.528079721
41,117.23,41,117.25,09:45:50.528079721
41,117.23,40,117.25,09:45:50.528333944
41,117.23,39,117.25,09:45:50.528709779
41,117.23,40,117.25,09:45:50.528796694
41,117.23,39,117.25,09:45:50.529571240
41,117.23,38,117.25,09:45:50.529817263
41,117.23,39,117.25,09:45:50.529935323
41,117.23,40,117.25,09:45:50.530145069
4,117.24,40,117.25,09:45:50.530965859
8,117.24,40,117.25,09:45:50.531036393
8,117.24,39,117.25,09:45:50.531146017
10,117.24,39,117.25,09:45:50.531228346
6,117.24,39,117.25,09:45:50.532305904
2,117.24,39,117.25,09:45:50.532382399
8,117.24,39,117.25,09:45:50.533960620
9,117.24,39,117.25,09:45:50.534030808
8,117.24,39,117.25,09:45:50.534190021
8,117.24,38,117.25,09:45:50.534259154
8,117.24,39,117.25,09:45:50.534883544
8,117.24,40,117.25,09:45:50.535147156
2,117.24,40,117.25,09:45:50.536457066
2,117.24,41,117.25,09:45:50.536973014
2,117.24,40,117.25,09:45:50.537762166
2,117.24,39,117.25,09:45:50.537762166
2,117.24,40,117.25,09:45:50.537991377
2,117.24,41,117.25,09:45:50.539405915
36,117.23,41,117.25,09:45:50.544248976
37,117.23,41,117.25,09:45:50.567141320
37,117.23,40,117.25,09:45:50.567278884
36,117.23,40,117.25,09:45:50.597320873
36,117.23,41,117.25,09:45:50.597471023
36,117.23,40,117.25,09:45:50.631535944
36,117.23,41,117.25,09:45:50.635831000
37,117.23,41,117.25,09:45:50.645304731
36,117.23,41,117.25,09:45:50.650111829
36,117.23,1,117.24,09:45:50.658855557
36,117.23,2,117.24,09:45:50.659110906
37,117.23,2,117.24,09:45:50.659189901
37,117.23,3,117.24,09:45:50.659413473
36,117.23,3,117.24,09:45:50.659512189
35,117.23,3,117.24,09:45:50.659659844
36,117.23,3,117.24,09:45:50.660017914
35,117.23,3,117.24,09:45:50.660189054
34,117.23,3,117.24,09:45:50.660521521
35,117.23,3,117.24,09:45:50.660730340
35,117.23,2,117.24,09:45:50.661395961
35,117.23,3,117.24,09:45:50.667652920
35,117.23,4,117.24,09:45:50.667924132
34,117.23,4,117.24,09:45:50.668169867
34,117.23,3,117.24,09:45:50.671850969
34,117.23,2,117.24,09:45:50.672003957
35,117.23,2,117.24,09:45:50.682166101
35,117.23,3,117.24,09:45:50.717871900
34,117.23,3,117.24,09:45:50.717998614
34,117.23,9,117.24,09:45:50.718077228
33,117.23,9,117.24,09:45:50.718328101
32,117.23,9,117.24,09:45:50.718416629
32,117.23,12,117.24,09:45:50.718509826
32,117.23,13,117.24,09:45:50.718592296
32,117.23,12,117.24,09:45:50.718733180
32,117.23,16,117.24,09:45:50.730709158
25,117.23,16,117.24,09:45:50.730874490
25,117.23,23,117.24,09:45:50.838495273
25,117.23,24,117.24,09:45:50.885403154
25,117.23,23,117.24,09:45:50.885679544
25,117.23,16,117.24,09:45:50.885845701
25,117.23,17,117.24,09:45:50.886012990
25,117.23,16,117.24,09:45:50.906560902
25,117.23,17,117.24,09:45:50.928275924
27,117.23,17,117.24,09:45:51.137484057
27,117.23,18,117.24,09:45:51.332181291
27,117.23,25,117.24,09:45:51.332723167
26,117.23,25,117.24,09:45:51.332877189
25,117.23,25,117.24,09:45:51.333070085
25,117.23,29,117.24,09:45:51.334341166
19,117.23,29,117.24,09:45:51.334497271
15,117.23,29,117.24,09:45:51.334754409
11,117.23,29,117.24,09:45:51.337070751
10,117.23,29,117.24,09:45:51.347665755
10,117.23,33,117.24,09:45:51.348268772
9,117.23,33,117.24,09:45:51.348575386
7,117.23,33,117.24,09:45:51.348575386
6,117.23,33,117.24,09:45:51.355311401
5,117.23,33,117.24,09:45:51.355584495
5,117.23,34,117.24,09:45:51.355813164
5,117.23,35,117.24,09:45:51.356668440
4,117.23,35,117.24,09:45:51.356916983
3,117.23,35,117.24,09:45:51.356916983
2,117.23,35,117.24,09:45:51.357012820
3,117.23,35,117.24,09:45:51.371113364
4,117.23,35,117.24,09:45:51.372232444
5,117.23,35,117.24,09:45:51.372497616
4,117.23,35,117.24,09:45:51.374731352
5,117.23,35,117.24,09:45:51.374858999
6,117.23,35,117.24,09:45:51.374926733
5,117.23,35,117.24,09:45:51.374997666
9,117.23,35,117.24,09:45:51.375075630
8,117.23,35,117.24,09:45:51.375229694
9,117.23,35,117.24,09:45:51.375983370
8,117.23,35,117.24,09:45:51.376337581
10,117.23,35,117.24,09:45:51.376337581
10,117.23,34,117.24,09:45:51.377137564
10,117.23,33,117.24,09:45:51.377281344
16,117.23,33,117.24,09:45:51.379635304
12,117.23,33,117.24,09:45:51.408836416
6,117.23,33,117.24,09:45:51.414258470
5,117.23,33,117.24,09:45:51.414411411
5,117.23,34,117.24,09:45:51.414572957
4,117.23,34,117.24,09:45:51.415139049
5,117.23,34,117.24,09:45:51.445052619
6,117.23,34,117.24,09:45:51.445237307
7,117.23,34,117.24,09:45:51.456191577
8,117.23,34,117.24,09:45:51.456257817
8,117.23,33,117.24,09:45:51.456366620
9,117.23,33,117.24,09:45:51.460574198
8,117.23,33,117.24,09:45:51.473831101
7,117.23,33,117.24,09:45:51.473975485
6,117.23,33,117.24,09:45:51.475924079
7,117.23,33,117.24,09:45:51.666673692
11,117.23,33,117.24,09:45:51.666869682
12,117.23,33,117.24,09:45:51.666948315
13,117.23,33,117.24,09:45:51.666948315
13,117.23,26,117.24,09:45:51.667955895
13,117.23,22,117.24,09:45:51.669537446
19,117.23,22,117.24,09:45:51.669612384
25,117.23,22,117.24,09:45:51.669846277
26,117.23,22,117.24,09:45:51.669846277
26,117.23,21,117.24,09:45:51.676899741
26,117.23,17,117.24,09:45:51.699598434
27,117.23,17,117.24,09:45:51.734177309
27,117.23,18,117.24,09:45:51.769832401
28,117.23,18,117.24,09:45:52.005078742
27,117.23,18,117.24,09:45:52.394424962
27,117.23,19,117.24,09:45:52.394509378
27,117.23,23,117.24,09:45:52.394509378
21,117.23,23,117.24,09:45:52.394583676
21,117.23,30,117.24,09:45:52.394583676
21,117.23,31,117.24,09:45:52.394583676
20,117.23,31,117.24,09:45:52.394692886
20,117.23,35,117.24,09:45:52.394765437
14,117.23,35,117.24,09:45:52.394852093
13,117.23,35,117.24,09:45:52.394852093
12,117.23,35,117.24,09:45:52.395083756
8,117.23,35,117.24,09:45:52.395153193
7,117.23,35,117.24,09:45:52.395304895
6,117.23,35,117.24,09:45:52.395518143
11,117.23,35,117.24,09:45:52.395593135
12,117.23,35,117.24,09:45:52.395840322
12,117.23,36,117.24,09:45:52.395840322
12,117.23,35,117.24,09:45:52.395918629
11,117.23,35,117.24,09:45:52.396321972
11,117.23,36,117.24,09:45:52.396448594
9,117.23,36,117.24,09:45:52.397428020
10,117.23,36,117.24,09:45:52.403474140
10,117.23,35,117.24,09:45:52.403650266
9,117.23,35,117.24,09:45:52.403741824
9,117.23,36,117.24,09:45:52.403945104
9,117.23,37,117.24,09:45:52.404218876
9,117.23,36,117.24,09:45:52.404725779
9,117.23,37,117.24,09:45:52.405373240
9,117.23,36,117.24,09:45:52.405494824
9,117.23,37,117.24,09:45:52.405959887
9,117.23,36,117.24,09:45:52.406136480
10,117.23,36,117.24,09:45:52.408655766
10,117.23,37,117.24,09:45:52.408717187
9,117.23,37,117.24,09:45:52.408816633
9,117.23,36,117.24,09:45:52.410656497
9,117.23,35,117.24,09:45:52.413103712
8,117.23,35,117.24,09:45:52.439639389
8,117.23,36,117.24,09:45:52.439784241
8,117.23,35,117.24,09:45:53.017217368
9,117.23,35,117.24,09:45:53.022495778
10,117.23,35,117.24,09:45:53.025417239
9,117.23,35,117.24,09:45:53.025833114
8,117.23,35,117.24,09:45:53.026071165
8,117.23,34,117.24,09:45:53.030719325
8,117.23,35,117.24,09:45:53.036797318
8,117.23,34,117.24,09:45:53.039890092
8,117.23,35,117.24,09:45:53.046119250
8,117.23,34,117.24,09:45:53.398861510
9,117.23,34,117.24,09:45:53.457559696
10,117.23,34,117.24,09:45:53.457802289
9,117.23,34,117.24,09:45:53.468897414
7,117.23,34,117.24,09:45:53.556784191
6,117.23,34,117.24,09:45:53.556784191
1,117.23,34,117.24,09:45:53.556851347
1,117.23,35,117.24,09:45:53.556950928
41,117.22,35,117.24,09:45:53.556967184
41,117.22,4,117.23,09:45:53.557051943
41,117.22,5,117.23,09:45:53.557321920
41,117.22,6,117.23,09:45:53.557416070
39,117.22,6,117.23,09:45:53.557530478
39,117.22,2,117.23,09:45:53.557604581
39,117.22,1,117.23,09:45:53.557785465
39,117.22,36,117.24,09:45:53.557801772
37,117.22,36,117.24,09:45:53.557954409
37,117.22,4,117.23,09:45:53.558788713
37,117.22,36,117.24,09:45:53.561411786
37,117.22,4,117.23,09:45:53.562243859
37,117.22,36,117.24,09:45:53.562912075
37,117.22,4,117.23,09:45:53.568430081
37,117.22,5,117.23,09:45:53.568832437
37,117.22,4,117.23,09:45:53.569445230
37,117.22,5,117.23,09:45:53.585546307
37,117.22,4,117.23,09:45:53.588722115
37,117.22,7,117.23,09:45:53.588759334
37,117.22,13,117.23,09:45:53.595021776
37,117.22,14,117.23,09:45:53.761178130
37,117.22,18,117.23,09:45:53.857795576
36,117.22,18,117.23,09:45:53.857947785
30,117.22,18,117.23,09:45:53.858180636
27,117.22,18,117.23,09:45:53.904551564
25,117.22,18,117.23,09:45:53.904622637
21,117.22,18,117.23,09:45:53.904622637
23,117.22,18,117.23,09:45:53.917365258
22,117.22,18,117.23,09:45:54.268633850
28,117.22,18,117.23,09:45:54.410213126
28,117.22,12,117.23,09:45:54.410411647
29,117.22,12,117.23,09:45:54.410540191
28,117.22,12,117.23,09:45:54.410687343
29,117.22,12,117.23,09:45:54.534832570
28,117.22,12,117.23,09:45:54.660923620
34,117.22,12,117.23,09:45:54.743348859
34,117.22,8,117.23,09:45:54.744007784
35,117.22,8,117.23,09:45:54.744300577
35,117.22,5,117.23,09:45:54.744373524
35,117.22,4,117.23,09:45:54.744521069
35,117.22,37,117.24,09:45:54.744521069
35,117.22,1,117.23,09:45:54.766634453
35,117.22,37,117.24,09:45:54.802101916
35,117.22,1,117.23,09:45:54.822944373
35,117.22,2,117.23,09:45:54.832317573
35,117.22,1,117.23,09:45:55.026473180
35,117.22,37,117.24,09:45:55.026786959
36,117.22,37,117.24,09:45:55.026862561
1,117.23,37,117.24,09:45:55.036110057
2,117.23,37,117.24,09:45:55.036596953
4,117.23,37,117.24,09:45:55.109028446
5,117.23,37,117.24,09:45:55.627237345
6,117.23,37,117.24,09:45:55.627237345
10,117.23,37,117.24,09:45:55.627301333
9,117.23,37,117.24,09:45:55.627905462
10,117.23,37,117.24,09:45:55.628161578
10,117.23,36,117.24,09:45:55.629975452
11,117.23,36,117.24,09:45:55.631298184
12,117.23,36,117.24,09:45:55.631544519
12,117.23,35,117.24,09:45:55.631665051
12,117.23,28,117.24,09:45:55.635424127
11,117.23,28,117.24,09:45:55.635498101
11,117.23,24,117.24,09:45:55.635563061
12,117.23,24,117.24,09:45:55.635635240
13,117.23,24,117.24,09:45:55.635702562
12,117.23,24,117.24,09:45:55.635837068
18,117.23,24,117.24,09:45:55.635985430
17,117.23,24,117.24,09:45:55.636142907
11,117.23,24,117.24,09:45:55.636347531
17,117.23,24,117.24,09:45:55.636347531
11,117.23,24,117.24,09:45:55.639001021
11,117.23,25,117.24,09:45:55.670899280
12,117.23,25,117.24,09:45:55.704678813
13,117.23,25,117.24,09:45:55.975165610
13,117.23,24,117.24,09:45:55.975389057
13,117.23,20,117.24,09:45:55.975600842
17,117.23,20,117.24,09:45:55.975600842
23,117.23,20,117.24,09:45:55.975676010
22,117.23,20,117.24,09:45:55.983407531
16,117.23,20,117.24,09:45:55.988150702
16,117.23,21,117.24,09:45:55.988335195
16,117.23,20,117.24,09:45:56.009815900
15,117.23,20,117.24,09:45:56.038423167
15,117.23,21,117.24,09:45:56.049200641
15,117.23,22,117.24,09:45:56.049374337
15,117.23,29,117.24,09:45:56.049535518
16,117.23,29,117.24,09:45:56.137655880
16,117.23,28,117.24,09:45:56.776101646
16,117.23,27,117.24,09:45:56.776257384
16,117.23,20,117.24,09:45:56.776411201
16,117.23,21,117.24,09:45:56.782273997
12,117.23,21,117.24,09:45:56.782340685
12,117.23,25,117.24,09:45:56.782467949
11,117.23,25,117.24,09:45:56.787514087
12,117.23,25,117.24,09:45:56.838340084
11,117.23,25,117.24,09:45:56.838876132
12,117.23,25,117.24,09:45:56.866301066
13,117.23,25,117.24,09:45:56.866454218
12,117.23,25,117.24,09:45:56.866615860
11,117.23,25,117.24,09:45:56.866765969
11,117.23,32,117.24,09:45:56.877467360
11,117.23,31,117.24,09:45:57.044066183
11,117.23,27,117.24,09:45:57.044333758
11,117.23,20,117.24,09:45:57.044418333
15,117.23,20,117.24,09:45:57.044418333
16,117.23,20,117.24,09:45:57.044506183
22,117.23,20,117.24,09:45:57.044520644
22,117.23,19,117.24,09:45:57.044619129
23,117.23,19,117.24,09:45:57.044715169
22,117.23,19,117.24,09:45:57.044715169
16,117.23,19,117.24,09:45:57.044792618
18,117.23,19,117.24,09:45:57.044889168
17,117.23,19,117.24,09:45:57.044974246
17,117.23,20,117.24,09:45:57.044974246
17,117.23,19,117.24,09:45:57.045162874
17,117.23,20,117.24,09:45:57.246037722
13,117.23,20,117.24,09:45:57.274091821
13,117.23,24,117.24,09:45:57.274156807
13,117.23,27,117.24,09:45:57.274227459
13,117.23,31,117.24,09:45:57.274297782
13,117.23,34,117.24,09:45:57.274384780
11,117.23,34,117.24,09:45:57.274384780
11,117.23,35,117.24,09:45:57.274384780
11,117.23,36,117.24,09:45:57.274535519
11,117.23,35,117.24,09:45:57.767922901
11,117.23,34,117.24,09:45:57.861556217
17,117.23,34,117.24,09:45:57.865087299
18,117.23,34,117.24,09:45:57.865149318
18,117.23,33,117.24,09:45:57.865250208
18,117.23,32,117.24,09:45:57.865321299
18,117.23,29,117.24,09:45:57.865321299
18,117.23,26,117.24,09:45:57.865424201
18,117.23,22,117.24,09:45:57.865497488
17,117.23,22,117.24,09:45:57.985170210
17,117.23,23,117.24,09:45:58.580333129
17,117.23,22,117.24,09:45:59.084920611
17,117.23,23,117.24,09:45:59.685572209
16,117.23,23,117.24,09:45:59.690018084
14,117.23,23,117.24,09:45:59.690018084
13,117.23,23,117.24,09:45:59.690127774
9,117.23,23,117.24,09:45:59.690127774
8,117.23,23,117.24,09:45:59.690151381
7,117.23,23,117.24,09:45:59.690151381
6,117.23,23,117.24,09:45:59.690151381
35,117.22,23,117.24,09:45:59.690151381
35,117.22,26,117.24,09:45:59.690373733
35,117.22,30,117.24,09:45:59.690373733
35,117.22,31,117.24,09:45:59.690491723
35,117.22,34,117.24,09:45:59.690491723
35,117.22,35,117.24,09:45:59.690606184
35,117.22,38,117.24,09:45:59.690731649
2,117.23,38,117.24,09:45:59.700679752
35,117.22,38,117.24,09:45:59.718504894
35,117.22,9,117.23,09:45:59.718504894
33,117.22,9,117.23,09:45:59.718844008
32,117.22,9,117.23,09:45:59.779218367
32,117.22,10,117.23,09:45:59.802890514
33,117.22,10,117.23,09:45:59.915610470
34,117.22,10,117.23,09:45:59.915793305
33,117.22,10,117.23,09:46:00.016711675
32,117.22,10,117.23,09:46:00.116840404
35,117.22,10,117.23,09:46:00.201731243
34,117.22,10,117.23,09:46:00.338531870
33,117.22,10,117.23,09:46:00.338546987
32,117.22,10,117.23,09:46:00.338615147
31,117.22,10,117.23,09:46:00.338629874
30,117.22,10,117.23,09:46:00.338629874
24,117.22,10,117.23,09:46:00.338770910
24,117.22,14,117.23,09:46:00.338865394
24,117.22,15,117.23,09:46:00.338865394
24,117.22,19,117.23,09:46:00.338945278
24,117.22,20,117.23,09:46:00.338945278
20,117.22,20,117.23,09:46:00.339086854
20,117.22,21,117.23,09:46:00.339086854
20,117.22,27,117.23,09:46:00.339106608
14,117.22,27,117.23,09:46:00.339106608
14,117.22,30,117.23,09:46:00.339106608
15,117.22,30,117.23,09:46:00.339171841
15,117.22,31,117.23,09:46:00.339171841
15,117.22,25,117.23,09:46:00.339513908
14,117.22,25,117.23,09:46:00.339600836
14,117.22,26,117.23,09:46:00.339600836
20,117.22,26,117.23,09:46:00.339749454
21,117.22,26,117.23,09:46:00.339824587
21,117.22,31,117.23,09:46:00.339919693
21,117.22,30,117.23,09:46:00.340091315
20,117.22,30,117.23,09:46:00.340091315
20,117.22,31,117.23,09:46:00.359625913
20,117.22,32,117.23,09:46:00.359802147
14,117.22,32,117.23,09:46:00.359970026
17,117.22,32,117.23,09:46:00.370438194
17,117.22,31,117.23,09:46:00.370750278
18,117.22,31,117.23,09:46:00.370832194
18,117.22,30,117.23,09:46:00.797641817
18,117.22,25,117.23,09:46:00.854400304
19,117.22,25,117.23,09:46:00.854597001
19,117.22,21,117.23,09:46:00.854597001
25,117.22,21,117.23,09:46:00.854661337
25,117.22,20,117.23,09:46:00.854737625
29,117.22,20,117.23,09:46:00.854737625
29,117.22,21,117.23,09:46:00.858660124
29,117.22,22,117.23,09:46:00.858842810
29,117.22,21,117.23,09:46:00.864304345
28,117.22,21,117.23,09:46:00.871471652
29,117.22,21,117.23,09:46:00.885280037
28,117.22,21,117.23,09:46:00.911890214
29,117.22,21,117.23,09:46:01.005455681
30,117.22,21,117.23,09:46:01.037406472
29,117.22,21,117.23,09:46:01.136804744
29,117.22,26,117.23,09:46:01.279555116
28,117.22,26,117.23,09:46:01.279663308
29,117.22,26,117.23,09:46:01.343399322
30,117.22,26,117.23,09:46:01.528774336
30,117.22,22,117.23,09:46:01.579490914
30,117.22,17,117.23,09:46:01.800256876
30,117.22,16,117.23,09:46:01.800429612
30,117.22,27,117.23,09:46:01.912483117
29,117.22,27,117.23,09:46:01.912695677
30,117.22,27,117.23,09:46:02.017907033
29,117.22,27,117.23,09:46:02.035633424
29,117.22,28,117.23,09:46:02.145076495
23,117.22,28,117.23,09:46:02.929076611
22,117.22,28,117.23,09:46:02.929406698
22,117.22,32,117.23,09:46:03.093465328
21,117.22,32,117.23,09:46:03.093717386
21,117.22,33,117.23,09:46:03.093814624
19,117.22,33,117.23,09:46:03.094855836
19,117.22,41,117.23,09:46:03.095181221
15,117.22,41,117.23,09:46:03.095181221
15,117.22,42,117.23,09:46:03.095415093
14,117.22,42,117.23,09:46:03.095415093
14,117.22,43,117.23,09:46:03.095540834
14,117.22,42,117.23,09:46:03.114898322
14,117.22,45,117.23,09:46:03.352580310
14,117.22,47,117.23,09:46:03.352684425
10,117.22,47,117.23,09:46:03.356981158
20,117.22,47,117.23,09:46:03.566409254
20,117.22,46,117.23,09:46:03.566620137
36,117.22,46,117.23,09:46:03.571311110
36,117.22,38,117.23,09:46:03.572206927
37,117.22,38,117.23,09:46:03.572571051
37,117.22,46,117.23,09:46:03.582868091
36,117.22,46,117.23,09:46:03.583011534
36,117.22,49,117.23,09:46:03.583120801
36,117.22,46,117.23,09:46:03.583482246
36,117.22,47,117.23,09:46:03.701847086
35,117.22,47,117.23,09:46:03.702084090
35,117.22,49,117.23,09:46:03.702175732
34,117.22,49,117.23,09:46:03.702175732
33,117.22,49,117.23,09:46:03.702262765
30,117.22,49,117.23,09:46:03.702421655
28,117.22,49,117.23,09:46:03.702530896
27,117.22,49,117.23,09:46:03.702556256
26,117.22,49,117.23,09:46:03.702556256
16,117.22,49,117.23,09:46:03.702556256
10,117.22,49,117.23,09:46:03.702556256
33,117.21,49,117.23,09:46:03.702848237
33,117.21,1,117.22,09:46:03.702943981
33,117.21,2,117.22,09:46:03.702964294
33,117.21,3,117.22,09:46:03.703339482
33,117.21,11,117.22,09:46:03.703358252
33,117.21,12,117.22,09:46:03.703484716
34,117.21,12,117.22,09:46:03.703484716
34,117.21,13,117.22,09:46:03.703484716
34,117.21,15,117.22,09:46:03.703501514
34,117.21,16,117.22,09:46:03.703501514
34,117.21,15,117.22,09:46:03.703575327
34,117.21,16,117.22,09:46:03.703593549
33,117.21,16,117.22,09:46:03.703593549
33,117.21,15,117.22,09:46:03.703731350
33,117.21,7,117.22,09:46:03.703865138
33,117.21,15,117.22,09:46:03.703865138
33,117.21,14,117.22,09:46:03.703865138
33,117.21,13,117.22,09:46:03.703968610
33,117.21,14,117.22,09:46:03.704141596
33,117.21,15,117.22,09:46:03.706141905
33,117.21,14,117.22,09:46:03.706376072
33,117.21,15,117.22,09:46:03.707889008
33,117.21,14,117.22,09:46:03.709063686
32,117.21,14,117.22,09:46:03.715656933
29,117.21,14,117.22,09:46:03.715840452
28,117.21,14,117.22,09:46:03.716078878
26,117.21,14,117.22,09:46:03.716743076
26,117.21,18,117.22,09:46:03.717054324
26,117.21,19,117.22,09:46:03.717155722
27,117.21,19,117.22,09:46:03.717155722
27,117.21,20,117.22,09:46:03.717171136
27,117.21,22,117.22,09:46:03.717171136
27,117.21,24,117.22,09:46:03.717426822
27,117.21,23,117.22,09:46:03.717426822
20,117.21,23,117.22,09:46:03.718365929
18,117.21,23,117.22,09:46:03.718365929
18,117.21,27,117.22,09:46:03.718545484
18,117.21,28,117.22,09:46:03.718617209
18,117.21,30,117.22,09:46:03.718697951
18,117.21,29,117.22,09:46:03.718961087
18,117.21,30,117.22,09:46:03.719645045
17,117.21,30,117.22,09:46:03.721558484
18,117.21,30,117.22,09:46:03.722768377
18,117.21,29,117.22,09:46:03.722861218
18,117.21,30,117.22,09:46:03.723332793
17,117.21,30,117.22,09:46:03.723547583
17,117.21,32,117.22,09:46:03.723617078
13,117.21,32,117.22,09:46:03.726092644
13,117.21,35,117.22,09:46:03.727769942
13,117.21,36,117.22,09:46:03.727834864
5,117.21,36,117.22,09:46:03.728638393
5,117.21,37,117.22,09:46:03.728775407
1,117.21,37,117.22,09:46:03.729085071
7,117.21,37,117.22,09:46:03.729393938
7,117.21,36,117.22,09:46:03.729633972
8,117.21,36,117.22,09:46:03.732681289
7,117.21,36,117.22,09:46:03.733063449
7,117.21,35,117.22,09:46:03.734690097
7,117.21,32,117.22,09:46:03.734690097
7,117.21,31,117.22,09:46:03.734939345
7,117.21,29,117.22,09:46:03.736214279
8,117.21,29,117.22,09:46:03.739799531
9,117.21,29,117.22,09:46:03.739868219
10,117.21,29,117.22,09:46:03.739940183
10,117.21,30,117.22,09:46:03.740008219
10,117.21,28,117.22,09:46:03.743845141
10,117.21,24,117.22,09:46:03.743919554
10,117.21,23,117.22,09:46:03.743980485
14,117.21,23,117.22,09:46:03.744147019
16,117.21,23,117.22,09:46:03.744147019
20,117.21,23,117.22,09:46:03.744147019
21,117.21,23,117.22,09:46:03.744300539
22,117.21,23,117.22,09:46:03.744300539
22,117.21,19,117.22,09:46:03.744300539
22,117.21,17,117.22,09:46:03.744373150
22,117.21,15,117.22,09:46:03.745325144
22,117.21,7,117.22,09:46:03.745503200
22,117.21,8,117.22,09:46:03.745571729
22,117.21,10,117.22,09:46:03.745887933
22,117.21,14,117.22,09:46:03.746109087
22,117.21,13,117.22,09:46:03.751075011
22,117.21,12,117.22,09:46:03.751274400
23,117.21,12,117.22,09:46:03.751353625
23,117.21,13,117.22,09:46:03.751353625
23,117.21,17,117.22,09:46:03.778556378
23,117.21,18,117.22,09:46:03.783078525
23,117.21,19,117.22,09:46:03.783208324
22,117.21,19,117.22,09:46:03.783604474
21,117.21,19,117.22,09:46:03.785823708
19,117.21,19,117.22,09:46:03.786072239
19,117.21,20,117.22,09:46:03.786072239
19,117.21,19,117.22,09:46:03.786311826
19,117.21,20,117.22,09:46:03.786311826
19,117.21,19,117.22,09:46:03.787586807
19,117.21,21,117.22,09:46:03.796481886
21,117.21,21,117.22,09:46:03.797148734
21,117.21,22,117.22,09:46:03.859377917
21,117.21,23,117.22,09:46:03.884075011
21,117.21,33,117.22,09:46:03.932011014
22,117.21,33,117.22,09:46:03.963228653
18,117.21,33,117.22,09:46:04.038729287
14,117.21,33,117.22,09:46:04.038842559
14,117.21,34,117.22,09:46:04.040251063
14,117.21,33,117.22,09:46:04.040865034
13,117.21,33,117.22,09:46:04.683172230
12,117.21,33,117.22,09:46:04.683330672
12,117.21,36,117.22,09:46:04.698597382
12,117.21,37,117.22,09:46:04.698690607
6,117.21,37,117.22,09:46:04.698789212
6,117.21,41,117.22,09:46:04.699038101
6,117.21,42,117.22,09:46:04.699129938
6,117.21,43,117.22,09:46:04.699223445
5,117.21,43,117.22,09:46:04.699223445
5,117.21,45,117.22,09:46:04.699223445
5,117.21,44,117.22,09:46:04.699481303
4,117.21,44,117.22,09:46:04.774531369
4,117.21,43,117.22,09:46:04.925662645
4,117.21,44,117.22,09:46:04.932369428
3,117.21,44,117.22,09:46:04.932520381
1,117.21,44,117.22,09:46:05.009525715
35,117.2,44,117.22,09:46:05.009525715
36,117.2,44,117.22,09:46:05.009808023
37,117.2,44,117.22,09:46:05.009888433
37,117.2,53,117.22,09:46:05.009994650
35,117.2,53,117.22,09:46:05.010016851
33,117.2,53,117.22,09:46:05.010016851
33,117.2,7,117.21,09:46:05.012281663
33,117.2,8,117.21,09:46:05.099740197
33,117.2,9,117.21,09:46:05.184794248
33,117.2,13,117.21,09:46:05.447573810
33,117.2,15,117.21,09:46:05.447830519
33,117.2,16,117.21,09:46:05.447896605
33,117.2,17,117.21,09:46:05.451944251
33,117.2,16,117.21,09:46:05.452107045
33,117.2,18,117.21,09:46:05.452316161
32,117.2,18,117.21,09:46:05.453281028
29,117.2,18,117.21,09:46:05.453724513
30,117.2,18,117.21,09:46:05.453830561
30,117.2,19,117.21,09:46:05.453936268
29,117.2,19,117.21,09:46:05.454919916
30,117.2,19,117.21,09:46:05.455525196
29,117.2,19,117.21,09:46:05.455695256
30,117.2,19,117.21,09:46:05.456008201
29,117.2,19,117.21,09:46:05.456694236
30,117.2,19,117.21,09:46:05.457400653
30,117.2,20,117.21,09:46:05.457508468
30,117.2,19,117.21,09:46:05.457712574
29,117.2,19,117.21,09:46:05.457942062
29,117.2,20,117.21,09:46:05.458137031
29,117.2,19,117.21,09:46:05.458254788
29,117.2,20,117.21,09:46:05.458321523
28,117.2,20,117.21,09:46:05.458396531
20,117.2,20,117.21,09:46:05.458598391
20,117.2,21,117.21,09:46:05.458675261
20,117.2,27,117.21,09:46:05.458856052
18,117.2,27,117.21,09:46:05.458936893
19,117.2,27,117.21,09:46:05.458936893
19,117.2,26,117.21,09:46:05.459037955
18,117.2,26,117.21,09:46:05.459119949
18,117.2,27,117.21,09:46:05.459119949
11,117.2,27,117.21,09:46:05.459214921
11,117.2,21,117.21,09:46:05.459308576
11,117.2,22,117.21,09:46:05.459449763
11,117.2,28,117.21,09:46:05.459532653
12,117.2,28,117.21,09:46:05.459532653
11,117.2,28,117.21,09:46:05.459683155
17,117.2,28,117.21,09:46:05.460282124
17,117.2,22,117.21,09:46:05.460282124
18,117.2,22,117.21,09:46:05.460526822
18,117.2,21,117.21,09:46:05.460771298
17,117.2,21,117.21,09:46:05.461203487
17,117.2,20,117.21,09:46:05.469019693
17,117.2,21,117.21,09:46:05.474971988
19,117.2,21,117.21,09:46:05.479484547
18,117.2,21,117.21,09:46:05.535776237
18,117.2,22,117.21,09:46:05.535844726
14,117.2,22,117.21,09:46:05.537598348
10,117.2,22,117.21,09:46:05.537666613
10,117.2,28,117.21,09:46:05.537756204
10,117.2,29,117.21,09:46:05.539254391
4,117.2,29,117.21,09:46:05.539327079
4,117.2,32,117.21,09:46:05.539584262
4,117.2,34,117.21,09:46:05.539752490
4,117.2,38,117.21,09:46:05.540263626
4,117.2,41,117.21,09:46:05.540455513
4,117.2,50,117.21,09:46:05.540668592
4,117.2,49,117.21,09:46:05.540721309
4,117.2,50,117.21,09:46:05.544182458
4,117.2,49,117.21,09:46:05.551549442
4,117.2,50,117.21,09:46:05.554797354
4,117.2,49,117.21,09:46:05.554944320
3,117.2,49,117.21,09:46:05.555177087
2,117.2,49,117.21,09:46:05.555734412
49,117.19,49,117.21,09:46:05.555752408
49,117.19,50,117.21,09:46:05.555974140
50,117.19,50,117.21,09:46:05.556195259
51,117.19,50,117.21,09:46:05.556195259
50,117.19,50,117.21,09:46:05.556211085
49,117.19,50,117.21,09:46:05.556211085
49,117.19,51,117.21,09:46:05.556342741
49,117.19,52,117.21,09:46:05.567008424
49,117.19,53,117.21,09:46:05.567090837
41,117.19,53,117.21,09:46:05.615016084
41,117.19,4,117.2,09:46:05.619850843
38,117.19,4,117.2,09:46:05.620575566
38,117.19,5,117.2,09:46:05.621546077
38,117.19,11,117.2,09:46:05.621776315
36,117.19,11,117.2,09:46:05.622426287
36,117.19,20,117.2,09:46:05.622426287
29,117.19,20,117.2,09:46:05.622426287
29,117.19,22,117.2,09:46:05.622426287
29,117.19,23,117.2,09:46:05.622901970
29,117.19,27,117.2,09:46:05.623124181
29,117.19,29,117.2,09:46:05.623124181
29,117.19,32,117.2,09:46:05.623124181
13,117.19,32,117.2,09:46:05.623251496
13,117.19,33,117.2,09:46:05.623251496
12,117.19,33,117.2,09:46:05.623251496
11,117.19,33,117.2,09:46:05.623800533
11,117.19,34,117.2,09:46:05.623941038
11,117.19,36,117.2,09:46:05.624698026
11,117.19,37,117.2,09:46:05.625294243
11,117.19,34,117.2,09:46:05.630386157
11,117.19,33,117.2,09:46:05.630450548
17,117.19,33,117.2,09:46:05.631028058
17,117.19,34,117.2,09:46:05.641358950
16,117.19,34,117.2,09:46:05.641430064
16,117.19,35,117.2,09:46:05.641589142
16,117.19,34,117.2,09:46:05.642116082
16,117.19,32,117.2,09:46:05.644708580
16,117.19,28,117.2,09:46:05.644778842
17,117.19,28,117.2,09:46:05.644850068
17,117.19,27,117.2,09:46:05.648595240
18,117.19,27,117.2,09:46:05.648940698
18,117.19,25,117.2,09:46:05.649093857
17,117.19,25,117.2,09:46:05.649178289
17,117.19,24,117.2,09:46:05.649543683
17,117.19,15,117.2,09:46:05.649685852
18,117.19,15,117.2,09:46:05.649869625
19,117.19,15,117.2,09:46:05.649957242
20,117.19,15,117.2,09:46:05.650055936
21,117.19,15,117.2,09:46:05.654258285
21,117.19,16,117.2,09:46:05.656806058
21,117.19,15,117.2,09:46:05.664524413
21,117.19,11,117.2,09:46:05.667581329
21,117.19,9,117.2,09:46:05.667766564
21,117.19,8,117.2,09:46:05.667836929
21,117.19,2,117.2,09:46:05.672525767
21,117.19,3,117.2,09:46:05.672701687
21,117.19,4,117.2,09:46:05.672884202
22,117.19,4,117.2,09:46:05.678581471
22,117.19,5,117.2,09:46:05.678952218
22,117.19,6,117.2,09:46:05.694941576
22,117.19,12,117.2,09:46:05.698077878
21,117.19,12,117.2,09:46:05.699860770
22,117.19,12,117.2,09:46:05.712724368
22,117.19,6,117.2,09:46:05.712912393
23,117.19,6,117.2,09:46:05.712972089
23,117.19,5,117.2,09:46:05.713084863
29,117.19,5,117.2,09:46:05.723763029
29,117.19,4,117.2,09:46:05.731024474
