price,volume,timestamp
117.26,3,09:45:01.329432419
117.26,1,09:45:01.329432419
117.26,1,09:45:01.329536127
117.26,1,09:45:03.265582138
117.26,1,09:45:03.265685268
117.26,2,09:45:03.265711966
117.26,5,09:45:03.265711966
117.26,2,09:45:03.302475893
117.27,3,09:45:13.586170385
117.26,7,09:45:14.558956974
117.26,1,09:45:14.558956974
117.26,12,09:45:14.558956974
117.26,3,09:45:14.558956974
117.26,1,09:45:14.559051808
117.26,5,09:45:14.559051808
117.26,1,09:45:14.657612859
117.26,1,09:45:16.025589961
117.27,2,09:45:16.169409979
117.27,1,09:45:16.169819288
117.27,1,09:45:16.169849591
117.27,2,09:45:16.169849591
117.27,3,09:45:16.169849591
117.27,1,09:45:16.189698631
117.27,1,09:45:16.194123952
117.27,2,09:45:16.195760006
117.27,3,09:45:16.197057784
117.26,1,09:45:16.237221904
117.26,1,09:45:16.237792088
117.27,1,09:45:16.296288628
117.27,1,09:45:17.518499005
117.27,1,09:45:18.848517272
117.27,3,09:45:18.848576869
117.26,2,09:45:19.440033287
117.26,1,09:45:19.440144419
117.26,1,09:45:19.440169702
117.26,4,09:45:19.440169702
117.26,8,09:45:19.440169702
117.25,4,09:45:19.440872508
117.25,1,09:45:19.440872508
117.25,1,09:45:19.440888185
117.25,2,09:45:19.440888185
117.25,3,09:45:19.441724569
117.25,1,09:45:19.441748719
117.25,1,09:45:19.441765948
117.25,3,09:45:19.441787567
117.25,4,09:45:19.441787567
117.25,1,09:45:19.441819909
117.25,4,09:45:19.463495375
117.25,2,09:45:20.871302465
117.25,9,09:45:20.871384154
117.25,11,09:45:20.871768173
117.25,1,09:45:20.871768173
117.25,6,09:45:20.871768173
117.25,1,09:45:21.055795216
117.25,2,09:45:21.055795216
117.25,1,09:45:21.056479638
117.25,2,09:45:22.368181488
117.25,8,09:45:22.368181488
117.26,1,09:45:23.034853922
117.26,1,09:45:23.298404641
117.26,2,09:45:23.298404641
117.26,5,09:45:23.299135696
117.26,1,09:45:23.333057188
117.26,1,09:45:26.067398718
117.26,7,09:45:26.273107301
117.26,2,09:45:26.273286347
117.26,4,09:45:26.273303829
117.26,1,09:45:26.273322546
117.26,5,09:45:26.273341355
117.26,2,09:45:26.273356939
117.27,1,09:45:26.273375973
117.27,4,09:45:26.273396635
117.27,4,09:45:26.273415957
117.27,4,09:45:26.273431010
117.27,1,09:45:26.273431010
117.27,1,09:45:26.273446529
117.27,8,09:45:26.273469957
117.27,5,09:45:26.273490331
117.27,2,09:45:26.273504849
117.27,2,09:45:26.273521893
117.27,4,09:45:26.273575486
117.27,2,09:45:26.273594497
117.27,1,09:45:26.273608478
117.27,5,09:45:26.273628933
117.27,4,09:45:26.273643185
117.27,1,09:45:26.273661544
117.27,1,09:45:26.273675086
117.27,5,09:45:26.273690625
117.27,1,09:45:26.273714823
117.27,7,09:45:26.274016097
117.27,5,09:45:26.274428615
117.27,8,09:45:26.274443304
117.27,3,09:45:26.274527044
117.27,9,09:45:26.274559802
117.27,10,09:45:26.274595201
117.27,1,09:45:26.274737147
117.27,11,09:45:26.274753975
117.27,4,09:45:26.274789175
117.27,11,09:45:26.275112084
117.27,1,09:45:26.275165300
117.27,4,09:45:26.275482848
117.27,4,09:45:26.276413618
117.27,2,09:45:26.277295563
117.27,1,09:45:26.447794938
117.27,4,09:45:26.447887207
117.27,3,09:45:26.448208590
117.27,1,09:45:26.530159107
117.26,1,09:45:27.111612133
117.26,1,09:45:27.112048805
117.26,8,09:45:27.152342123
117.26,1,09:45:27.307468679
117.25,1,09:45:30.642626225
117.24,1,09:45:30.866223126
117.24,4,09:45:30.866223126
117.24,3,09:45:30.866319219
117.24,2,09:45:30.866679418
117.24,2,09:45:30.866774749
117.24,1,09:45:30.866803088
117.24,9,09:45:30.874088174
117.24,3,09:45:31.489694985
117.24,3,09:45:32.551081430
117.24,4,09:45:32.774871254
117.25,1,09:45:34.528228713
117.25,1,09:45:34.648751072
117.25,2,09:45:34.648980515
117.25,1,09:45:34.648980515
117.24,1,09:45:35.908477006
117.24,1,09:45:35.908562493
117.24,1,09:45:35.946029419
117.24,1,09:45:35.995179220
117.24,1,09:45:35.995454042
117.23,1,09:45:36.986280997
117.23,2,09:45:36.986298931
117.23,1,09:45:36.986900809
117.23,1,09:45:36.987785359
117.23,3,09:45:36.988520843
117.23,1,09:45:37.166635236
117.23,3,09:45:37.166713886
117.23,1,09:45:37.274156349
117.23,2,09:45:37.274491049
117.22,1,09:45:38.455577990
117.23,1,09:45:39.315348469
117.23,1,09:45:39.315663058
117.23,1,09:45:39.315761028
117.23,2,09:45:40.674194704
117.23,1,09:45:40.674209424
117.23,1,09:45:40.674301690
117.23,4,09:45:40.674316301
117.23,1,09:45:40.674316301
117.23,2,09:45:40.674339290
117.23,1,09:45:40.674339290
117.23,4,09:45:40.674339290
117.23,13,09:45:43.084448852
117.23,9,09:45:43.084874821
117.23,2,09:45:43.084982545
117.23,1,09:45:43.085080244
117.23,1,09:45:45.659634495
117.23,2,09:45:45.659634495
117.23,1,09:45:45.659723002
117.24,1,09:45:48.043445012
117.24,3,09:45:48.043736366
117.24,1,09:45:48.043736366
117.24,1,09:45:48.043842503
117.24,1,09:45:48.044528136
117.24,1,09:45:48.045063249
117.24,1,09:45:48.076731806
117.24,1,09:45:48.076821797
117.24,1,09:45:48.076838651
117.24,4,09:45:48.076838651
117.24,2,09:45:50.527448511
117.24,2,09:45:50.544248976
117.23,1,09:45:51.355584495
117.23,1,09:45:51.356916983
117.23,1,09:45:51.357012820
117.23,1,09:45:53.556784191
117.23,2,09:45:53.556784191
117.23,5,09:45:53.556851347
117.23,1,09:45:53.556967184
117.23,4,09:45:54.744521069
117.23,1,09:45:54.744521069
117.23,1,09:45:54.802101916
117.23,1,09:45:55.026473180
117.23,1,09:45:55.026786959
117.24,1,09:45:57.044066183
117.23,1,09:45:59.690018084
117.23,2,09:45:59.690018084
117.23,1,09:45:59.690127774
117.23,4,09:45:59.690127774
117.23,1,09:45:59.690151381
117.23,6,09:45:59.690151381
117.23,2,09:45:59.718504894
117.22,1,09:46:00.338531870
117.22,1,09:46:00.338546987
117.22,1,09:46:00.338615147
117.22,1,09:46:00.338629874
117.22,1,09:46:03.702084090
117.22,1,09:46:03.702175732
117.22,1,09:46:03.702262765
117.22,3,09:46:03.702421655
117.22,2,09:46:03.702530896
117.22,1,09:46:03.702556256
117.22,10,09:46:03.702556256
117.22,6,09:46:03.702556256
117.22,10,09:46:03.702848237
117.22,1,09:46:03.751075011
117.21,1,09:46:05.009525715
117.21,2,09:46:05.009525715
117.2,1,09:46:05.555734412
117.2,2,09:46:05.555752408
117.2,1,09:46:05.733057553
117.2,1,09:46:05.733165403
117.2,1,09:46:05.827012656
117.2,2,09:46:06.201194395
117.2,1,09:46:08.031737783
117.19,4,09:46:12.059002840
117.19,1,09:46:12.059002840
117.19,1,09:46:12.059104065
117.19,1,09:46:12.059123058
117.19,1,09:46:12.059422936
117.19,1,09:46:12.059583523
117.19,4,09:46:12.059725444
117.19,1,09:46:12.059725444
117.19,4,09:46:12.060337655
117.19,3,09:46:12.284600853
117.19,4,09:46:12.285035454
117.19,1,09:46:12.304434052
117.19,4,09:46:13.139031925
117.19,1,09:46:13.139031925
117.2,1,09:46:13.621631791
117.2,4,09:46:13.621816200
117.2,2,09:46:13.621831256
117.2,4,09:46:13.621845010
117.2,1,09:46:13.621845010
117.2,1,09:46:13.621861448
117.2,4,09:46:13.621861448
117.2,4,09:46:13.621875128
117.2,2,09:46:13.621888639
117.2,1,09:46:13.621888639
117.2,2,09:46:13.621904089
117.2,1,09:46:13.621904089
117.2,1,09:46:13.621917816
117.2,1,09:46:13.621932629
117.2,3,09:46:13.621932629
117.2,1,09:46:13.621946610
117.2,1,09:46:13.621964913
117.2,1,09:46:13.632990619
117.2,1,09:46:13.633325745
117.2,1,09:46:13.705505779
117.21,1,09:46:14.039556921
117.21,3,09:46:14.230348857
117.21,2,09:46:14.230433031
117.2,12,09:46:14.907444525
117.2,11,09:46:14.907524039
117.2,1,09:46:14.907955968
117.2,13,09:46:14.909407051
117.2,25,09:46:15.517599316
117.2,2,09:46:15.518024740
117.2,7,09:46:15.518024740
117.2,13,09:46:15.518259398
117.2,1,09:46:15.518259398
117.2,2,09:46:15.518380413
117.2,13,09:46:15.518492023
117.2,4,09:46:15.519074888
117.2,1,09:46:15.519097632
117.2,1,09:46:15.519715939
117.2,1,09:46:15.519987349
117.2,3,09:46:15.520028370
117.2,4,09:46:15.520242329
117.2,1,09:46:15.520737686
117.2,1,09:46:15.520994145
117.2,2,09:46:15.560459188
117.2,1,09:46:15.564914299
117.2,3,09:46:15.606854030
117.2,1,09:46:15.606867229
117.2,2,09:46:15.606947415
117.21,1,09:46:15.606965754
117.21,2,09:46:15.606965754
117.2,1,09:46:15.606965754
117.2,1,09:46:15.611227207
117.2,4,09:46:15.611227207
117.2,1,09:46:15.838421890
117.2,1,09:46:17.190311462
117.2,1,09:46:17.261768490
117.2,1,09:46:17.344199780
117.2,3,09:46:18.120270026
117.2,1,09:46:18.354256904
117.2,3,09:46:20.144692932
117.21,1,09:46:22.129441857
117.21,1,09:46:22.129456136
117.21,1,09:46:22.129587624
117.21,1,09:46:22.129628076
117.21,2,09:46:22.129628076
117.21,6,09:46:22.129628076
117.21,1,09:46:22.129988590
117.21,3,09:46:22.130292205
117.21,2,09:46:22.130292205
117.21,18,09:46:22.130292205
117.21,1,09:46:22.131632890
117.21,1,09:46:22.140841755
117.21,1,09:46:22.225304786
117.21,1,09:46:22.225736600
117.21,1,09:46:22.225760332
117.21,2,09:46:22.225760332
117.21,1,09:46:22.238019161
117.22,1,09:46:27.008596997
117.22,2,09:46:27.008672545
117.22,3,09:46:27.008994024
117.22,1,09:46:27.009591396
117.22,1,09:46:27.009874651
117.22,1,09:46:27.387448971
117.23,7,09:46:34.480540945
117.23,1,09:46:34.480540945
117.23,3,09:46:34.480793048
117.23,1,09:46:34.480793048
117.23,1,09:46:34.480948969
117.23,2,09:46:34.480948969
117.23,3,09:46:34.480948969
117.23,1,09:46:34.480973126
117.23,1,09:46:34.481143487
117.23,1,09:46:34.481157474
117.23,1,09:46:34.481334891
117.23,2,09:46:34.481682517
117.23,4,09:46:34.483755661
117.23,3,09:46:34.483928886
117.23,1,09:46:34.484188054
117.23,1,09:46:34.484251789
117.23,1,09:46:34.485393971
117.22,2,09:46:34.561176664
117.22,1,09:46:34.561176664
117.22,6,09:46:34.561176664
117.22,5,09:46:34.561176664
117.22,2,09:46:34.561527899
117.22,1,09:46:34.561608228
117.22,9,09:46:34.561783069
117.22,2,09:46:34.561783069
117.22,1,09:46:34.561895157
117.22,2,09:46:34.561895157
117.22,2,09:46:34.561909528
117.22,1,09:46:34.561909528
117.22,1,09:46:34.566088074
117.22,1,09:46:34.566645745
117.23,1,09:46:34.683648577
117.22,1,09:46:34.721946433
117.22,1,09:46:34.861425976
117.21,2,09:46:38.424921432
117.21,4,09:46:43.772597215
117.21,1,09:46:43.772597215
117.21,2,09:46:43.772677551
117.21,1,09:46:43.772697989
117.21,1,09:46:43.984159749
117.21,1,09:46:44.106746596
117.2,1,09:46:48.477644888
117.2,1,09:46:48.477718440
117.2,1,09:46:48.477805633
117.2,2,09:46:48.477931117
117.2,2,09:46:48.478088894
117.2,1,09:46:48.478205043
117.2,1,09:46:50.656385081
117.2,1,09:46:54.045250348
117.2,1,09:46:55.552792832
117.2,1,09:46:55.552878586
117.2,12,09:46:55.553250405
117.2,1,09:46:55.553510323
117.2,2,09:46:55.553510323
117.2,1,09:46:55.597002486
117.2,1,09:46:55.597265084
117.21,1,09:46:56.330253547
117.21,1,09:46:58.336359562
117.21,1,09:46:58.336526089
117.21,1,09:46:58.336542345
117.21,4,09:46:58.336542345
117.21,6,09:46:58.336557123
117.21,1,09:46:58.336557123
117.21,1,09:46:58.336571394
117.21,1,09:46:58.336586454
117.21,1,09:46:58.336600429
117.21,4,09:46:58.336600429
117.21,1,09:46:58.336619433
117.21,1,09:46:58.337273999
117.21,1,09:46:58.566798574
117.21,1,09:47:00.016719413
117.21,1,09:47:00.016735713
117.21,1,09:47:00.028818060
117.22,1,09:47:00.170741998
117.22,1,09:47:00.171342368
117.22,3,09:47:00.666016275
117.22,1,09:47:02.684368238
117.22,1,09:47:02.684469386
117.22,5,09:47:02.684485217
117.22,1,09:47:02.684872708
117.22,1,09:47:02.688912459
117.22,1,09:47:02.700412614
117.22,1,09:47:04.132697662
117.22,1,09:47:04.209072376
117.22,2,09:47:07.640542798
117.22,1,09:47:07.640623786
117.22,3,09:47:07.640641332
117.22,1,09:47:07.643256149
117.22,1,09:47:07.643326127
117.22,1,09:47:07.643635748
117.22,1,09:47:11.850132296
117.22,3,09:47:12.681819249
117.22,1,09:47:12.681819249
117.23,1,09:47:14.964223221
117.23,1,09:47:14.964305243
117.23,1,09:47:14.964323320
117.22,1,09:47:15.521528044
117.22,1,09:47:15.521618940
117.22,5,09:47:15.521663250
117.22,1,09:47:15.522156687
117.22,1,09:47:15.522843883
117.22,3,09:47:15.524113293
117.22,1,09:47:15.524113293
117.22,1,09:47:15.524184317
117.22,1,09:47:15.524204080
117.22,1,09:47:15.525096006
117.22,2,09:47:15.525211690
117.22,1,09:47:15.545235609
117.22,1,09:47:19.002808895
117.22,1,09:47:21.979422631
117.23,11,09:47:25.373532383
117.23,8,09:47:25.373532383
117.23,1,09:47:25.373662812
117.23,3,09:47:25.373692300
117.23,2,09:47:25.373692300
117.23,1,09:47:25.373692300
117.23,1,09:47:25.445419827
117.22,1,09:47:25.524883772
117.22,6,09:47:25.525335473
117.22,1,09:47:25.525335473
117.22,1,09:47:25.525496283
117.22,1,09:47:25.525535774
117.22,2,09:47:25.525535774
117.22,1,09:47:25.677524465
117.22,1,09:47:25.915734328
117.22,1,09:47:25.916233220
117.23,1,09:47:32.553176995
117.23,5,09:47:32.553176995
117.23,3,09:47:32.553607789
117.23,1,09:47:32.553788157
117.23,2,09:47:32.553788157
117.23,1,09:47:32.553900210
117.23,1,09:47:32.554031243
117.23,2,09:47:32.574875803
117.23,1,09:47:32.574875803
117.23,3,09:47:32.575452382
117.23,1,09:47:32.659036106
117.23,4,09:47:32.803610171
117.23,1,09:47:32.803610171
117.23,1,09:47:32.803696410
117.23,4,09:47:32.803712567
117.23,1,09:47:32.803712567
117.23,1,09:47:33.050204339
117.23,1,09:47:34.351803136
117.23,1,09:47:34.351877729
117.23,1,09:47:34.351997111
117.23,2,09:47:34.352136413
117.23,3,09:47:34.352256039
117.22,1,09:47:37.577016738
117.22,1,09:47:37.577101298
117.22,1,09:47:37.577117212
117.22,2,09:47:37.577117212
117.22,3,09:47:37.577489557
117.22,2,09:47:37.577514434
117.22,3,09:47:37.577784526
117.22,1,09:47:37.601219464
117.22,1,09:47:37.624981888
117.22,2,09:47:37.624981888
117.22,1,09:47:37.625068487
117.22,3,09:47:37.674976668
117.23,1,09:47:40.049009444
117.23,1,09:47:42.595403572
117.23,1,09:47:42.595653978
117.23,2,09:47:42.595653978
117.23,4,09:47:42.595767690
117.23,1,09:47:42.595788679
117.23,1,09:47:42.597539699
117.23,1,09:47:43.129034056
117.23,1,09:47:43.129133771
117.23,7,09:47:43.129159663
117.23,1,09:47:43.129159663
117.23,2,09:47:43.129159663
117.23,9,09:47:43.129908695
117.23,2,09:47:43.130182744
117.23,4,09:47:43.132841650
117.22,1,09:47:44.428998277
117.22,1,09:47:44.429014664
117.23,1,09:47:46.519946895
117.23,3,09:47:46.520212241
117.23,1,09:47:46.520212241
117.23,10,09:47:46.520212241
117.23,9,09:47:46.520578974
117.23,21,09:47:46.520578974
117.23,9,09:47:46.520591617
117.23,1,09:47:46.520948501
117.23,2,09:47:46.521055395
117.22,1,09:47:50.118882804
117.22,1,09:47:50.205943240
117.22,1,09:47:50.744775791
117.22,1,09:47:50.745478611
117.22,1,09:47:52.929279912
117.22,1,09:47:54.244451591
117.22,1,09:47:55.154576864
117.22,2,09:47:55.392580696
117.22,1,09:47:56.188987392
117.23,1,09:47:56.686312045
117.22,1,09:47:57.808965473
117.22,1,09:47:57.809252215
117.22,1,09:47:57.809333715
117.23,1,09:48:04.754376557
117.23,1,09:48:05.166582750
117.23,1,09:48:08.600622189
117.23,1,09:48:19.491461668
117.23,8,09:48:20.876245227
117.22,1,09:48:22.305375084
117.23,1,09:48:24.053277733
117.22,3,09:48:24.064441034
117.23,1,09:48:26.044915684
117.23,8,09:48:28.351027423
117.23,2,09:48:28.351545617
117.23,1,09:48:28.351660741
117.23,6,09:48:28.351703557
117.23,1,09:48:28.351703557
117.23,18,09:48:28.351853553
117.23,1,09:48:28.351853553
117.23,2,09:48:28.351853553
117.23,1,09:48:28.355054977
117.23,4,09:48:28.383187779
117.23,1,09:48:28.383214185
117.23,2,09:48:28.383214185
117.23,3,09:48:28.383214185
117.23,5,09:48:28.383214185
117.23,5,09:48:28.383491414
117.23,1,09:48:28.431344434
117.23,1,09:48:28.433471079
117.23,3,09:48:28.433471079
117.24,1,09:48:30.309683989
117.24,1,09:48:30.592402399
117.24,5,09:48:30.612359279
117.23,1,09:48:31.718760901
117.23,5,09:48:34.363474062
117.23,1,09:48:34.363474062
117.23,3,09:48:34.364381514
117.23,1,09:48:34.364381514
117.23,1,09:48:34.364475181
117.23,2,09:48:34.364475181
117.23,1,09:48:34.364590314
117.23,7,09:48:34.364604955
117.23,7,09:48:34.364749988
117.23,3,09:48:34.364770503
117.23,1,09:48:34.364784449
117.23,1,09:48:34.364799882
117.23,3,09:48:34.364813242
117.23,2,09:48:34.364833328
117.23,1,09:48:34.365436816
117.23,1,09:48:34.365906693
117.23,3,09:48:34.365906693
117.23,1,09:48:34.386526030
117.23,1,09:48:34.407176593
117.24,1,09:48:41.590987016
117.24,1,09:48:41.611121304
117.24,5,09:48:48.017253443
117.24,1,09:48:48.017789305
117.24,3,09:48:49.316800283
117.24,2,09:48:49.317162589
117.24,3,09:48:49.317162589
117.24,1,09:48:49.317162589
117.24,4,09:48:49.324208667
117.24,1,09:48:49.324598662
117.24,1,09:48:49.344394661
117.25,1,09:48:52.592838786
117.25,1,09:48:52.613651297
117.25,1,09:48:57.463267669
117.24,1,09:48:57.907822337
117.24,1,09:48:57.908337949
117.24,5,09:48:57.908337949
117.24,3,09:48:57.958412908
117.23,3,09:49:00.106469825
117.24,1,09:49:00.284839420
117.24,3,09:49:00.284944005
117.24,1,09:49:00.284944005
117.24,1,09:49:00.284970687
117.24,22,09:49:00.285811198
117.24,7,09:49:00.286146027
117.23,1,09:49:01.743784207
117.23,1,09:49:01.743802431
117.23,3,09:49:01.744141544
117.23,1,09:49:01.744141544
117.23,1,09:49:01.744284571
117.23,4,09:49:01.744894040
117.23,1,09:49:01.745227322
117.23,1,09:49:01.769414327
117.24,7,09:49:03.469728629
117.24,4,09:49:03.469728629
117.24,5,09:49:03.469807238
117.24,2,09:49:03.470383049
117.24,1,09:49:03.470383049
117.24,1,09:49:03.470415978
117.24,1,09:49:03.480919126
117.24,1,09:49:03.494968022
117.24,1,09:49:03.495444741
117.25,1,09:49:03.592618236
117.25,2,09:49:03.592694969
117.25,1,09:49:03.592694969
117.25,6,09:49:08.588630008
117.25,10,09:49:08.589245634
117.25,3,09:49:08.589385340
117.25,3,09:49:08.589411081
117.25,1,09:49:08.589411081
117.25,2,09:49:08.755522168
117.24,2,09:49:11.790442254
117.24,1,09:49:11.790442254
117.24,3,09:49:11.790513608
117.24,3,09:49:11.790928363
117.24,1,09:49:11.790943429
117.24,1,09:49:11.791123269
117.24,5,09:49:11.791137863
117.24,3,09:49:11.792094582
117.24,1,09:49:11.792269321
117.24,1,09:49:11.793477513
117.24,1,09:49:11.829364416
117.24,2,09:49:11.829364416
117.24,2,09:49:11.951843972
117.24,6,09:49:11.987364051
117.24,1,09:49:11.987452659
117.24,1,09:49:12.037594148
117.24,1,09:49:12.087005669
117.24,4,09:49:13.135857741
117.24,1,09:49:13.135857741
117.24,1,09:49:13.135961844
117.24,2,09:49:13.135983368
117.24,3,09:49:13.135983368
117.24,3,09:49:13.136294177
117.24,1,09:49:13.136394286
117.24,1,09:49:13.136783083
117.24,1,09:49:17.775862928
117.24,1,09:49:17.775886307
117.24,3,09:49:17.775886307
117.24,4,09:49:17.775886307
117.24,3,09:49:17.776653091
117.24,1,09:49:17.787017445
117.24,1,09:49:17.799887142
117.24,1,09:49:17.800020557
117.24,1,09:49:17.800805542
117.25,1,09:49:20.443429938
117.25,1,09:49:20.443749170
117.25,2,09:49:20.443749170
117.25,1,09:49:20.444723371
117.25,1,09:49:20.447923882
117.25,1,09:49:20.472672600
117.25,1,09:49:20.473117630
117.25,1,09:49:20.489754979
117.25,1,09:49:20.502338054
117.25,1,09:49:20.519729189
117.25,1,09:49:22.888347155
117.25,1,09:49:22.888435753
117.25,6,09:49:22.888639261
117.25,1,09:49:22.888639261
117.25,7,09:49:22.888639261
117.25,3,09:49:22.888767668
117.25,1,09:49:22.888785380
117.25,3,09:49:22.889451382
117.25,1,09:49:22.889451382
117.25,9,09:49:22.889723516
117.25,1,09:49:22.889959811
117.25,4,09:49:22.890063343
117.25,4,09:49:22.890176123
117.25,4,09:49:23.637017424
117.25,3,09:49:23.637120950
117.25,1,09:49:23.637150643
117.25,2,09:49:23.637150643
117.25,5,09:49:23.637150643
117.24,2,09:49:24.115306747
117.24,1,09:49:24.115306747
117.24,1,09:49:24.115641740
117.24,4,09:49:24.115675733
117.24,6,09:49:24.115675733
117.24,1,09:49:24.115675733
117.24,3,09:49:24.115675733
117.24,2,09:49:24.115675733
117.25,1,09:49:29.058997184
117.24,2,09:49:35.007394416
117.24,1,09:49:35.007671654
117.24,5,09:49:35.007671654
117.24,1,09:49:35.007775715
117.24,5,09:49:35.007810556
117.24,2,09:49:35.007810556
117.24,1,09:49:35.008008845
117.24,1,09:49:35.008228969
117.23,6,09:49:37.538086321
117.23,2,09:49:37.538086321
117.23,1,09:49:37.538086321
117.23,3,09:49:39.893252880
117.23,1,09:49:39.893370435
117.23,1,09:49:39.893400896
117.23,2,09:49:39.893400896
117.23,6,09:49:39.893400896
117.23,3,09:49:39.893400896
117.23,5,09:49:39.893400896
117.24,5,09:49:47.591530711
117.24,1,09:49:47.591530711
117.23,3,09:49:48.563426144
117.23,2,09:49:48.563493490
117.23,4,09:49:48.563730718
117.23,3,09:49:48.563744619
117.23,1,09:49:48.563831342
117.23,3,09:49:48.563831342
117.23,1,09:49:48.563954579
117.23,2,09:49:48.563954579
117.23,3,09:49:48.564517381
117.23,1,09:49:48.569388297
117.23,3,09:49:48.570662597
117.24,1,09:49:50.959848608
117.24,1,09:49:56.109149727
117.24,5,09:49:57.015488032
117.24,1,09:49:57.392498621
117.24,1,09:49:58.048780305
117.24,1,09:49:59.263712203
117.24,3,09:49:59.467830604
117.24,11,09:49:59.467830604
117.24,1,09:50:04.040590022
117.24,1,09:50:07.015516102
117.24,2,09:50:07.015619547
117.24,1,09:50:07.015637448
117.23,2,09:50:09.134256365
117.23,1,09:50:11.369581663
117.23,1,09:50:12.822490084
117.23,1,09:50:12.853391381
117.23,2,09:50:12.853697327
117.23,1,09:50:12.853697327
117.23,3,09:50:12.853799366
117.23,2,09:50:12.853942114
117.23,2,09:50:12.853968284
117.23,4,09:50:12.853968284
117.23,1,09:50:12.853968284
117.23,5,09:50:12.853968284
117.23,1,09:50:12.853980578
117.23,1,09:50:12.854097527
117.23,5,09:50:12.854188623
117.22,2,09:50:12.892666482
117.22,1,09:50:12.892682476
117.22,2,09:50:12.892682476
117.22,1,09:50:12.893373080
117.22,2,09:50:12.919623835
117.22,1,09:50:12.994719331
117.22,2,09:50:13.122979358
117.22,2,09:50:13.195598696
117.21,1,09:50:14.190068939
117.21,1,09:50:14.190084532
117.21,3,09:50:14.210349018
117.21,1,09:50:14.210364217
117.21,1,09:50:14.210381475
117.21,1,09:50:15.015764467
117.21,1,09:50:15.026697340
117.21,3,09:50:15.720733313
117.21,1,09:50:15.747993404
117.2,3,09:50:18.665646816
117.2,1,09:50:18.665962920
117.2,1,09:50:18.666057554
117.2,1,09:50:18.666078927
117.2,1,09:50:18.690513302
117.2,2,09:50:18.709438356
117.19,1,09:50:20.877177760
117.19,1,09:50:20.877281328
117.19,1,09:50:20.877297174
117.19,5,09:50:20.877297174
117.19,18,09:50:20.877649001
117.19,1,09:50:20.888417465
117.19,5,09:50:20.888707928
117.19,1,09:50:20.888707928
117.19,1,09:50:20.889009445
117.19,1,09:50:20.889556286
117.19,1,09:50:20.890520244
117.19,1,09:50:20.938459122
117.18,2,09:50:21.417748977
117.18,1,09:50:21.417748977
117.18,14,09:50:21.417748977
117.17,1,09:50:21.909373463
117.17,1,09:50:23.056648879
117.17,1,09:50:23.056959883
117.17,1,09:50:23.189226839
117.17,3,09:50:23.285096332
117.16,1,09:50:24.027421107
117.16,7,09:50:30.770123033
117.16,1,09:50:30.770123033
117.16,5,09:50:30.770204041
117.16,1,09:50:30.771936936
117.16,1,09:50:30.772401019
117.16,1,09:50:30.772500439
117.16,1,09:50:30.793536001
117.16,1,09:50:31.045400323
117.16,3,09:50:31.045400323
117.16,2,09:50:32.015649160
117.16,3,09:50:32.015899928
117.16,3,09:50:32.016006718
117.16,1,09:50:32.016120151
117.16,1,09:50:32.016142648
117.16,1,09:50:32.039299167
117.16,2,09:50:33.228048128
117.16,1,09:50:33.228048128
117.16,1,09:50:33.235532712
117.16,3,09:50:33.235548952
117.16,1,09:50:33.235609317
117.16,3,09:50:37.923820994
117.16,1,09:50:40.842550368
117.16,1,09:50:40.842737386
117.16,1,09:50:40.842753053
117.16,1,09:50:40.842767780
117.16,1,09:50:40.842780602
117.16,4,09:50:40.842795549
117.16,1,09:50:40.842810813
117.16,1,09:50:40.842822330
117.16,2,09:50:40.842839687
117.16,2,09:50:40.842860135
117.16,3,09:50:40.842860135
117.16,1,09:50:40.842880740
117.16,1,09:50:40.842901207
117.16,1,09:50:40.842914829
117.16,1,09:50:40.842938163
117.16,1,09:50:40.842951245
117.16,1,09:50:40.842968227
117.16,3,09:50:40.842998487
117.16,1,09:50:40.843014269
117.16,1,09:50:40.843029162
117.16,1,09:50:40.843041725
117.16,1,09:50:40.843055879
117.16,1,09:50:40.843069978
117.16,9,09:50:40.843084583
117.16,6,09:50:40.843097367
117.16,2,09:50:40.843111792
117.16,6,09:50:40.843129491
117.16,1,09:50:40.862348104
117.16,2,09:50:42.519807742
117.17,4,09:50:45.935004228
117.17,2,09:50:45.935031873
117.17,1,09:50:45.935031873
117.17,3,09:50:45.935031873
117.17,1,09:50:45.935384884
117.17,1,09:50:45.935517425
117.17,3,09:50:45.935517425
117.17,2,09:50:45.935517425
117.17,1,09:50:45.935868131
117.17,1,09:50:45.936000906
117.17,1,09:50:45.936014755
117.17,3,09:50:45.936031945
117.17,5,09:50:45.936031945
117.17,1,09:50:45.936047740
117.17,1,09:50:45.946366739
117.17,1,09:50:45.947066215
117.17,1,09:50:45.947080893
117.17,5,09:50:45.961414097
117.17,7,09:50:45.961514666
117.17,1,09:50:45.961540093
117.17,2,09:50:45.961540093
117.17,4,09:50:46.000588132
117.17,1,09:50:46.000588132
117.17,2,09:50:46.000657848
117.17,1,09:50:46.031842053
117.18,1,09:50:56.405351839
117.18,2,09:50:57.015549640
117.18,3,09:50:57.015549640
117.18,1,09:50:59.891963181
117.18,1,09:50:59.892073325
117.18,3,09:50:59.892479795
117.18,5,09:50:59.892479795
117.18,3,09:50:59.892633568
117.18,2,09:50:59.892736608
117.18,1,09:50:59.892750813
117.18,1,09:50:59.892814867
117.18,1,09:50:59.903504803
117.18,3,09:51:01.754117339
117.18,1,09:51:01.754117339
117.18,3,09:51:01.754363141
117.18,3,09:51:01.754615569
117.18,1,09:51:01.754615569
117.18,3,09:51:01.754769557
117.18,5,09:51:01.754783963
117.18,2,09:51:01.754783963
117.18,1,09:51:01.754797832
117.18,1,09:51:01.754813663
117.18,1,09:51:02.028666355
117.18,1,09:51:04.018476749
117.18,1,09:51:04.018573763
117.18,1,09:51:04.018594343
117.18,2,09:51:04.018594343
117.18,13,09:51:04.018594343
117.18,1,09:51:04.034012954
117.18,1,09:51:04.491608881
117.18,1,09:51:07.041265729
117.18,1,09:51:17.015690865
117.18,2,09:51:17.015707780
117.18,1,09:51:17.015707780
117.17,1,09:51:19.733674401
117.17,4,09:51:19.733674401
117.17,1,09:51:19.733808069
117.17,3,09:51:19.733808069
117.17,1,09:51:19.733844011
117.17,6,09:51:19.733844011
117.17,8,09:51:19.733844011
117.17,4,09:51:19.733844011
117.17,1,09:51:23.706178840
117.17,2,09:51:23.851336361
117.17,1,09:51:26.145997532
117.17,1,09:51:26.146089398
117.18,1,09:51:27.015684879
117.18,4,09:51:27.015684879
117.17,1,09:51:27.036505437
117.17,2,09:51:27.036597854
117.17,1,09:51:27.036613694
117.17,4,09:51:27.036613694
117.17,1,09:51:27.036833723
117.17,1,09:51:27.080459304
117.17,2,09:51:27.080747464
117.16,3,09:51:27.896891053
117.16,6,09:51:27.897081161
117.16,1,09:51:27.897095395
117.16,3,09:51:27.897110883
117.16,4,09:51:27.897110883
117.16,2,09:51:27.897125222
117.16,1,09:51:27.897125222
117.16,1,09:51:27.897139094
117.16,4,09:51:27.897155878
117.16,5,09:51:27.897155878
117.16,1,09:51:27.897155878
117.16,2,09:51:27.897170284
117.16,2,09:51:27.897183104
117.16,3,09:51:27.897197984
117.16,1,09:51:27.897212553
117.16,3,09:51:27.897228412
117.17,1,09:51:30.273029940
117.17,1,09:51:31.176228642
117.17,1,09:51:31.176675935
117.17,1,09:51:31.176946919
117.17,1,09:51:31.177038882
117.18,1,09:51:31.180364697
117.17,1,09:51:31.189082429
117.17,2,09:51:31.196546807
117.17,1,09:51:31.198358377
117.17,3,09:51:31.209379123
117.17,1,09:51:31.280686675
117.17,1,09:51:32.371652309
117.17,3,09:51:32.371667813
117.17,2,09:51:32.371667813
117.18,1,09:51:34.487581193
117.18,6,09:51:34.487581193
117.18,1,09:51:34.487654317
117.18,3,09:51:34.487654317
117.18,5,09:51:37.015923323
117.18,3,09:51:39.652034138
117.18,1,09:51:39.652118721
117.18,1,09:51:39.652133748
117.18,3,09:51:39.652133748
117.18,4,09:51:39.652133748
117.18,1,09:51:39.652478375
117.18,2,09:51:39.652478375
117.18,4,09:51:40.032744224
117.18,4,09:51:40.032832640
117.18,3,09:51:40.033270878
117.18,6,09:51:40.033270878
117.18,1,09:51:40.033377023
117.18,3,09:51:40.033403548
117.18,1,09:51:40.033403548
117.18,2,09:51:40.180154118
117.18,4,09:51:40.180255801
117.18,5,09:51:40.180271414
117.18,1,09:51:40.180271414
117.19,1,09:51:42.903292830
117.18,2,09:51:46.623898736
117.18,1,09:51:46.623898736
117.18,1,09:51:46.624145421
117.18,4,09:51:46.624257094
117.18,1,09:51:46.624274771
117.18,2,09:51:46.624274771
117.18,1,09:51:46.624381642
117.18,4,09:51:46.624504245
117.18,1,09:51:48.014211692
117.18,3,09:51:48.014673730
117.19,1,09:51:49.097340963
117.18,1,09:51:50.650355805
117.18,1,09:51:50.650457440
117.18,1,09:51:50.859653903
117.18,1,09:51:56.091157483
117.18,1,09:51:56.101872301
117.19,1,09:51:56.594558698
117.18,1,09:52:09.709922193
117.18,4,09:52:09.709922193
117.18,2,09:52:09.710080120
117.18,1,09:52:09.710096087
117.18,3,09:52:09.710110122
117.18,1,09:52:09.710110122
117.18,1,09:52:09.710126558
117.18,4,09:52:09.710126558
117.18,1,09:52:09.710142164
117.18,4,09:52:09.710142164
117.18,2,09:52:09.710712395
117.18,1,09:52:09.724949115
117.18,1,09:52:13.055525191
117.18,1,09:52:17.026149845
117.18,16,09:52:24.970072080
117.18,8,09:52:24.970506876
117.18,6,09:52:24.970524447
117.18,3,09:52:24.970848780
117.18,1,09:52:24.970848780
117.18,33,09:52:24.970848780
117.18,1,09:52:24.970862776
117.18,2,09:52:24.971116783
117.18,1,09:52:24.971161318
117.18,1,09:52:24.992511971
117.18,3,09:52:24.992606222
117.18,1,09:52:24.993434880
117.18,3,09:52:25.010904005
117.18,4,09:52:25.010904005
117.18,1,09:52:25.010904005
117.18,2,09:52:29.582480800
117.18,1,09:52:29.582547939
117.18,4,09:52:29.582910928
117.18,1,09:52:29.583110460
117.18,5,09:52:29.583276349
117.18,4,09:52:29.583291514
117.18,3,09:52:29.583291514
117.18,2,09:52:29.583307276
117.18,1,09:52:29.583322618
117.18,1,09:52:29.583351459
117.18,1,09:52:29.583365171
117.18,2,09:52:29.583378828
117.18,5,09:52:29.583392297
117.18,2,09:52:29.583412271
117.18,2,09:52:29.593816214
117.18,2,09:52:29.597318810
117.18,5,09:52:37.183583334
117.18,1,09:52:37.183583334
117.18,1,09:52:37.183679513
117.18,6,09:52:37.183697545
117.18,11,09:52:37.183697545
117.18,1,09:52:37.183697545
117.18,3,09:52:37.203221270
117.18,1,09:52:37.203221270
117.18,3,09:52:37.222827158
117.18,1,09:52:37.222827158
117.18,7,09:52:39.790900998
117.18,1,09:52:39.791413397
117.18,3,09:52:39.791413397
117.18,1,09:52:42.006496744
117.18,1,09:52:42.034332125
117.18,3,09:52:46.341013166
117.18,1,09:52:46.341139893
117.18,2,09:52:46.341139893
117.18,1,09:52:46.425205984
117.18,2,09:52:46.499810776
117.18,1,09:52:46.499810776
117.17,10,09:52:50.489419545
117.17,1,09:52:50.489889581
117.17,5,09:52:50.489889581
117.17,1,09:52:50.490218309
117.17,3,09:52:50.490232680
117.17,1,09:52:50.490247567
117.17,1,09:52:50.490268894
117.17,4,09:52:50.490268894
117.16,1,09:52:56.699624181
117.16,4,09:52:56.699638402
117.17,1,09:52:57.699540986
117.16,1,09:52:58.034463167
117.16,1,09:52:58.042125159
117.17,2,09:53:10.818060552
117.17,5,09:53:10.818060552
117.17,1,09:53:10.818060552
117.17,4,09:53:10.818157563
117.17,3,09:53:10.818177249
117.17,1,09:53:10.818177249
117.17,9,09:53:10.818177249
117.17,1,09:53:10.818609703
117.17,1,09:53:10.818761559
117.17,1,09:53:10.818776250
117.17,1,09:53:10.818793624
117.17,3,09:53:10.818809738
117.17,1,09:53:10.818809738
117.17,1,09:53:10.819077805
117.17,2,09:53:10.819096129
117.17,6,09:53:10.820409744
117.17,3,09:53:10.820409744
117.17,8,09:53:10.820409744
117.17,1,09:53:10.845143375
117.17,1,09:53:10.915498850
117.17,7,09:53:11.571445752
117.17,2,09:53:11.571477405
117.17,5,09:53:11.571477405
117.17,1,09:53:11.571477405
117.17,4,09:53:13.380223059
117.17,1,09:53:13.380223059
117.17,1,09:53:13.380301162
117.17,3,09:53:15.387445005
117.17,1,09:53:15.387445005
117.17,6,09:53:15.387542231
117.17,1,09:53:15.387561517
117.17,1,09:53:15.435697840
117.17,1,09:53:17.574517289
117.17,15,09:53:19.091008503
117.17,10,09:53:19.091008503
117.17,1,09:53:19.091008503
117.17,1,09:53:19.091105270
117.17,4,09:53:19.091156281
117.17,1,09:53:19.101747420
117.17,4,09:53:21.213940583
117.17,2,09:53:21.213940583
117.17,6,09:53:21.213940583
117.17,1,09:53:22.003150903
117.16,3,09:53:22.486650785
117.16,1,09:53:22.486650785
117.16,1,09:53:22.486741688
117.16,3,09:53:22.486766251
117.16,1,09:53:22.486766251
117.16,1,09:53:22.487293682
117.16,1,09:53:22.584233763
117.16,1,09:53:23.794912280
117.17,1,09:53:28.029733308
117.16,1,09:53:30.120239416
117.16,1,09:53:30.120646398
117.15,5,09:53:35.787702329
117.15,1,09:53:36.937745445
117.15,9,09:53:41.429817733
117.15,2,09:53:41.429817733
117.15,1,09:53:41.430090892
117.16,1,09:53:49.923254376
117.16,10,09:53:49.923283385
117.16,1,09:53:49.923283385
117.16,2,09:53:49.923283385
117.16,3,09:53:49.923283385
117.16,1,09:53:49.934082894
117.16,2,09:53:49.934185207
117.16,1,09:53:50.018260762
117.16,1,09:53:51.743271816
117.16,1,09:53:51.743286972
117.16,1,09:53:51.791911687
117.16,1,09:53:52.073526100
117.16,3,09:53:52.360624224
117.16,1,09:53:56.505211078
117.16,1,09:53:57.349638242
117.16,1,09:53:57.349702118
117.16,1,09:54:00.270162405
117.16,1,09:54:00.440117760
117.16,1,09:54:02.460114376
117.16,1,09:54:04.323965346
117.16,1,09:54:04.573041925
117.16,1,09:54:04.573451310
117.16,1,09:54:04.574035211
117.16,4,09:54:04.870193433
117.16,1,09:54:09.370972526
117.16,1,09:54:09.371079536
117.16,7,09:54:09.371617616
117.16,1,09:54:09.849260541
117.16,7,09:54:12.609664954
117.16,1,09:54:12.648988772
117.16,1,09:54:12.649082923
117.16,2,09:54:12.649098485
117.16,1,09:54:12.732402128
117.16,1,09:54:13.974900497
117.16,4,09:54:13.974900497
117.16,1,09:54:13.974991301
117.16,1,09:54:13.975011569
117.16,1,09:54:16.471090674
117.16,1,09:54:16.528772944
117.16,1,09:54:17.783173270
117.15,3,09:54:19.906852133
117.15,10,09:54:19.906852133
117.15,1,09:54:19.907028914
117.15,15,09:54:19.907028914
117.15,3,09:54:19.907055470
117.15,1,09:54:19.907055470
117.15,1,09:54:19.946928709
117.14,1,09:54:19.996513369
117.14,2,09:54:19.996897493
117.14,1,09:54:19.996897493
117.14,1,09:54:20.145093113
117.14,2,09:54:20.145093113
117.14,3,09:54:20.145220102
117.14,4,09:54:20.145220102
117.14,4,09:54:20.145235468
117.14,2,09:54:20.145948332
117.14,1,09:54:20.145948332
117.14,1,09:54:20.145970719
117.14,1,09:54:20.146472873
117.14,3,09:54:20.146472873
117.14,4,09:54:23.901078063
117.14,2,09:54:23.901488073
117.14,1,09:54:23.945276669
117.13,1,09:54:26.773368009
117.13,4,09:54:26.773368009
117.14,1,09:54:27.068456525
117.14,1,09:54:27.068540797
117.14,6,09:54:27.334304642
117.14,1,09:54:27.566420871
117.14,2,09:54:27.607235557
117.14,1,09:54:28.852346029
117.14,1,09:54:28.852419501
117.14,1,09:54:28.863096348
117.14,1,09:54:28.882173852
117.14,1,09:54:28.882419973
117.15,1,09:54:36.514068029
117.15,9,09:54:36.514178883
117.15,1,09:54:36.514201222
117.15,2,09:54:36.514220467
117.15,1,09:54:36.514524893
117.15,1,09:54:36.514916819
117.15,1,09:54:36.828199719
117.15,1,09:54:38.051013978
117.15,1,09:54:38.924500519
117.15,2,09:54:38.925041480
117.15,1,09:54:38.925168065
117.15,1,09:54:38.927837163
117.15,1,09:54:38.927947925
117.15,1,09:54:38.927987714
117.15,1,09:54:38.931130150
117.16,3,09:54:39.452992125
117.16,2,09:54:39.452992125
117.16,1,09:54:39.453116128
117.16,1,09:54:39.453141101
117.16,1,09:54:39.568769717
117.16,2,09:54:39.670280626
117.16,1,09:54:39.670887686
117.16,2,09:54:41.409246407
117.16,2,09:54:41.409538603
117.16,8,09:54:41.409538603
117.16,1,09:54:41.409728004
117.16,2,09:54:41.409945706
117.16,1,09:54:41.410516339
117.16,1,09:54:41.434397978
117.17,1,09:54:44.137860965
117.17,2,09:54:44.685932575
117.17,1,09:54:44.686002217
117.17,1,09:54:44.686315826
117.17,2,09:54:44.686334312
117.17,2,09:54:44.686459282
117.17,1,09:54:44.686459282
117.17,1,09:54:46.558451466
117.17,1,09:54:46.558536061
117.17,1,09:54:46.558657737
117.17,1,09:54:46.558987748
117.17,4,09:54:46.559269792
117.17,2,09:54:47.335553602
117.17,1,09:54:47.335696559
117.17,2,09:54:47.335771587
117.17,3,09:54:47.335771587
117.17,1,09:54:47.336115497
117.17,2,09:54:47.336115497
117.17,7,09:54:47.336115497
117.17,1,09:54:47.336239592
117.17,1,09:54:47.336271544
117.17,7,09:54:47.336815007
117.17,1,09:54:47.337174900
117.17,1,09:54:47.346317120
117.17,1,09:54:47.365782416
117.17,1,09:54:47.365869353
117.17,2,09:54:47.365888548
117.17,1,09:54:47.365888548
117.17,6,09:54:48.533002332
117.17,3,09:54:48.533094156
117.17,2,09:54:48.533197599
117.17,1,09:54:48.543806471
117.17,4,09:54:48.543806471
117.17,1,09:54:48.543898698
117.17,2,09:54:48.543914298
117.17,1,09:54:48.568024297
117.17,1,09:54:48.639154893
117.17,1,09:54:49.923746443
117.17,3,09:54:49.923746443
117.17,2,09:54:49.923906295
117.17,1,09:54:49.923920484
117.17,4,09:54:49.923934417
117.17,3,09:54:49.923950980
117.17,1,09:54:49.923964414
117.17,2,09:54:49.923982689
117.17,2,09:54:50.351011261
117.17,1,09:54:50.351011261
117.17,1,09:54:50.351103008
117.17,1,09:54:53.799436378
117.17,10,09:54:56.142136379
117.17,1,09:54:56.142235586
117.17,3,09:54:56.142235586
117.17,1,09:54:56.717388684
117.17,1,09:54:56.717412134
117.17,1,09:54:56.753917564
117.17,1,09:54:57.000563716
117.17,6,09:54:57.000563716
117.17,1,09:54:57.000664630
117.17,1,09:54:57.033451102
117.17,1,09:54:57.327605845
117.17,1,09:54:58.337677302
117.18,1,09:55:09.079304595
117.18,2,09:55:09.079614843
117.18,1,09:55:09.079614843
117.18,1,09:55:09.079871753
117.18,1,09:55:09.080001717
117.18,1,09:55:09.080016402
117.18,2,09:55:09.080031557
117.18,2,09:55:09.080045305
117.18,3,09:55:09.080059439
117.18,1,09:55:09.080073896
117.18,1,09:55:09.080087483
117.18,3,09:55:09.080102133
117.18,5,09:55:09.080305160
117.18,3,09:55:09.080305160
117.18,2,09:55:09.080330293
117.18,1,09:55:09.080330293
117.18,1,09:55:09.080388642
117.18,1,09:55:09.080403356
117.18,3,09:55:09.080403356
117.18,1,09:55:09.090716462
117.18,1,09:55:09.098843454
117.19,1,09:55:09.123052400
117.19,3,09:55:09.123349728
117.19,1,09:55:09.123664427
117.19,1,09:55:09.123692505
117.19,2,09:55:09.123692505
117.19,3,09:55:09.173132265
117.19,2,09:55:09.173132265
117.19,1,09:55:09.185885293
117.18,1,09:55:11.209820677
117.18,1,09:55:11.209932127
117.18,2,09:55:11.209959759
117.18,1,09:55:11.209959759
117.18,1,09:55:11.282757625
117.19,1,09:55:17.110568222
117.19,4,09:55:17.110582106
117.19,1,09:55:17.110796364
117.19,1,09:55:17.110809955
117.19,1,09:55:17.110823420
117.19,4,09:55:17.110837388
117.19,2,09:55:17.110852550
117.19,1,09:55:17.110852550
117.19,1,09:55:17.110867123
117.19,1,09:55:17.110880870
117.19,1,09:55:17.110894404
117.19,4,09:55:17.110894404
117.19,2,09:55:17.110908676
117.19,1,09:55:17.110922442
117.19,4,09:55:17.110936109
117.19,3,09:55:17.110949626
117.19,1,09:55:17.110963044
117.19,1,09:55:17.110979347
117.19,3,09:55:17.110998813
117.19,9,09:55:17.111015530
117.19,10,09:55:17.111033623
117.19,2,09:55:17.111049779
117.19,1,09:55:17.241094334
117.19,1,09:55:17.291616879
117.19,1,09:55:19.106380884
117.19,2,09:55:19.106723843
117.19,1,09:55:19.106738646
117.19,1,09:55:21.753906165
117.19,1,09:55:21.753927908
117.19,1,09:55:21.766234957
117.19,3,09:55:22.964509333
117.19,14,09:55:22.964509333
117.19,1,09:55:22.964600709
117.19,6,09:55:23.223876307
117.19,1,09:55:25.702449496
117.19,1,09:55:26.734561224
117.19,1,09:55:26.734657767
117.19,1,09:55:32.033720695
117.19,1,09:55:32.034221824
117.2,1,09:55:33.107450947
117.2,1,09:55:33.107541395
117.2,1,09:55:33.107557072
117.2,2,09:55:33.107876736
117.2,1,09:55:33.107876736
117.2,1,09:55:33.108002358
117.2,3,09:55:33.108716728
117.2,1,09:55:33.109172962
117.2,1,09:55:33.131959241
117.2,3,09:55:34.006280279
117.2,2,09:55:34.006280279
117.2,1,09:55:34.006379725
117.2,2,09:55:34.006397994
117.2,1,09:55:34.007355699
117.2,1,09:55:34.007763795
117.2,1,09:55:41.861499165
117.19,1,09:55:44.297552504
117.19,3,09:55:44.297665269
117.19,2,09:55:44.297780149
117.19,3,09:55:44.308397197
117.19,1,09:55:44.331030282
117.2,1,09:55:46.042037671
117.2,1,09:55:51.676403577
117.2,1,09:55:51.676473721
117.2,1,09:55:51.689302246
117.2,1,09:55:54.509720527
117.2,1,09:55:54.509821221
117.2,1,09:55:54.509928565
117.2,1,09:55:54.521762989
117.2,1,09:55:54.623512668
117.21,1,09:55:54.691203876
117.21,3,09:55:54.691203876
117.21,1,09:55:54.691310081
117.21,1,09:55:54.691328846
117.21,4,09:55:54.691328846
117.21,3,09:55:54.691328846
117.21,1,09:55:57.257301751
117.2,1,09:56:04.073464062
117.2,3,09:56:04.073870568
117.2,1,09:56:04.073896577
117.2,3,09:56:04.073896577
117.2,1,09:56:08.570090199
117.2,2,09:56:08.570090199
117.2,2,09:56:08.570461186
117.2,1,09:56:08.570475247
117.2,1,09:56:08.580929344
117.2,1,09:56:08.837983841
117.2,1,09:56:08.969922007
117.2,1,09:56:09.941130240
117.2,3,09:56:09.941130240
117.2,1,09:56:09.941220801
117.2,2,09:56:09.941238749
117.21,1,09:56:11.053813635
117.2,3,09:56:11.726371489
117.2,2,09:56:11.726371489
117.2,1,09:56:11.726751378
117.2,9,09:56:11.726751378
117.2,1,09:56:13.343779830
117.2,3,09:56:13.343779830
117.2,9,09:56:13.343779830
117.2,4,09:56:13.377124976
117.2,1,09:56:13.689572282
117.2,4,09:56:16.648194626
117.2,3,09:56:16.648194626
117.2,1,09:56:16.648275980
117.2,1,09:56:16.741626902
117.2,1,09:56:17.968485422
117.2,1,09:56:19.730703874
117.2,2,09:56:19.731096281
117.2,1,09:56:21.565845795
117.2,1,09:56:21.565920080
117.2,2,09:56:21.566270144
117.2,2,09:56:23.846913552
117.2,1,09:56:23.846913552
117.2,1,09:56:25.037081375
117.2,1,09:56:27.736136628
117.2,1,09:56:27.736415585
117.2,1,09:56:27.736508096
117.2,1,09:56:27.736531937
117.21,1,09:56:33.492865693
117.21,1,09:56:33.571074831
117.21,2,09:56:33.571074831
117.21,1,09:56:33.571156405
117.21,1,09:56:36.997994790
117.21,1,09:56:36.998090019
117.22,1,09:56:41.256230581
117.22,2,09:56:43.192181907
117.22,1,09:56:43.192181907
117.22,2,09:56:44.491902381
117.22,4,09:56:44.492104382
117.22,4,09:56:45.755568916
117.22,1,09:56:45.755590823
117.22,2,09:56:45.755590823
117.22,4,09:56:45.755590823
117.22,2,09:56:45.803238305
117.22,1,09:56:45.818683497
117.22,1,09:56:49.543107325
117.22,4,09:56:49.543107325
117.22,4,09:56:49.554837726
117.22,1,09:56:51.137716367
117.22,4,09:56:52.122820938
117.22,1,09:56:52.122897847
117.23,1,09:56:53.031736382
117.22,2,09:56:54.135296410
117.22,1,09:56:54.135296410
117.22,1,09:56:54.135608711
117.22,1,09:56:54.135704938
117.23,3,09:56:55.126397379
117.22,1,09:56:55.440435423
117.22,1,09:56:55.440496069
117.23,1,09:56:56.458381961
117.23,2,09:56:56.809349715
117.23,1,09:57:13.296250787
117.23,3,09:57:13.296250787
117.23,1,09:57:13.296361408
117.23,1,09:57:13.296389722
117.23,9,09:57:13.296389722
117.23,2,09:57:13.296389722
117.23,2,09:57:13.296643849
117.23,1,09:57:13.314827610
117.24,1,09:57:14.602452608
117.24,1,09:57:14.680033289
117.24,1,09:57:14.680049347
117.24,1,09:57:18.641552811
117.24,1,09:57:18.641643782
117.24,4,09:57:18.641671671
117.24,2,09:57:18.641671671
117.24,19,09:57:18.642329380
117.24,8,09:57:18.642344465
117.24,13,09:57:18.642586857
117.24,2,09:57:18.642603596
117.24,1,09:57:18.663262400
117.24,3,09:57:18.666178953
117.24,1,09:57:18.666178953
117.24,2,09:57:18.666343198
117.24,1,09:57:18.666356909
117.24,1,09:57:18.666434711
117.24,1,09:57:18.880473596
117.24,1,09:57:20.263906397
117.23,1,09:57:21.400276327
117.23,7,09:57:21.400276327
117.23,1,09:57:21.400408033
117.23,4,09:57:21.400434517
117.23,1,09:57:21.400434517
117.23,20,09:57:21.400434517
117.23,2,09:57:21.400434517
117.23,2,09:57:21.400448718
117.23,4,09:57:22.382159219
117.23,2,09:57:22.382253866
117.23,1,09:57:22.382273537
117.23,2,09:57:22.382273537
117.23,1,09:57:22.520513887
117.23,3,09:57:22.520513887
117.23,6,09:57:26.081419967
117.23,2,09:57:26.081419967
117.23,3,09:57:26.081507254
117.23,3,09:57:26.081531462
117.23,1,09:57:26.081531462
117.23,10,09:57:26.081531462
117.23,2,09:57:26.082133747
117.23,1,09:57:26.082169749
117.24,1,09:57:26.129307890
117.24,2,09:57:31.020138236
117.24,4,09:57:31.020138236
117.24,3,09:57:31.020410310
117.24,10,09:57:31.020424416
117.24,5,09:57:31.020424416
117.24,1,09:57:31.020440470
117.24,2,09:57:31.020440470
117.24,1,09:57:31.020454396
117.24,3,09:57:31.020454396
117.24,9,09:57:31.020468217
117.24,3,09:57:31.020484345
117.24,7,09:57:31.020484345
117.24,6,09:57:31.020484345
117.24,4,09:57:31.021176566
117.24,2,09:57:31.021411217
117.24,5,09:57:31.022039726
117.24,3,09:57:31.022145032
117.24,2,09:57:31.022145032
117.24,1,09:57:31.046245152
117.24,3,09:57:31.046482855
117.24,2,09:57:36.539738579
117.24,1,09:57:36.540008805
117.24,1,09:57:42.165329441
117.24,5,09:57:43.233677891
117.24,1,09:57:48.494900792
117.24,1,09:57:56.680629645
117.24,1,09:57:56.865313642
117.24,1,09:57:59.036731334
117.23,11,09:57:59.142355330
117.23,2,09:57:59.142389192
117.23,1,09:57:59.142389192
117.23,4,09:57:59.142389192
117.23,4,09:58:00.182291878
117.23,3,09:58:00.182646476
117.23,4,09:58:00.182646476
117.23,1,09:58:00.344663044
117.22,1,09:58:06.027918757
117.22,2,09:58:06.828265767
117.23,3,09:58:07.518012849
117.23,1,09:58:07.518012849
117.22,3,09:58:11.251043613
117.22,1,09:58:11.251043613
117.23,1,09:58:19.450764759
117.23,1,09:58:21.733166734
117.22,1,09:58:26.282520394
117.22,7,09:58:26.282520394
117.22,1,09:58:26.282688888
117.22,2,09:58:26.282702657
117.22,1,09:58:26.282717902
117.22,1,09:58:26.282732408
117.22,4,09:58:26.282747199
117.22,1,09:58:26.282747199
117.22,1,09:58:26.282762225
117.22,1,09:58:26.282776971
117.22,2,09:58:26.282790193
117.22,1,09:58:26.283350288
117.22,1,09:58:26.314507795
117.22,1,09:58:26.331576755
117.22,2,09:58:34.694392464
117.22,1,09:58:34.694460147
117.22,4,09:58:34.694588980
117.22,1,09:58:34.724133939
117.22,1,09:58:34.741349140
117.22,2,09:58:42.477595275
117.22,1,09:58:42.477882743
117.22,2,09:58:46.135722500
117.23,1,09:58:51.406431837
117.22,1,09:58:52.032116241
117.23,7,09:58:52.975676704
117.23,1,09:58:52.975691219
117.23,3,09:58:52.975691219
117.23,3,09:58:52.975775529
117.23,1,09:58:52.975775529
117.23,1,09:58:56.580153024
117.22,1,09:59:00.253429699
117.22,3,09:59:00.253429699
117.22,2,09:59:00.253536694
117.22,1,09:59:00.253562809
117.22,2,09:59:00.253562809
117.22,1,09:59:00.254127391
117.22,2,09:59:00.254248594
117.23,1,09:59:00.631085442
117.23,3,09:59:00.631085442
117.23,1,09:59:00.631181794
117.23,2,09:59:00.631199126
117.23,3,09:59:00.631199126
117.23,10,09:59:00.631199126
117.22,1,09:59:00.657697469
117.22,4,09:59:03.145765414
117.23,1,09:59:06.039021105
117.23,1,09:59:12.873126081
117.23,2,09:59:12.873223626
117.23,1,09:59:12.873239648
117.23,2,09:59:12.873239648
117.23,2,09:59:12.873734099
117.23,7,09:59:12.873906522
117.23,1,09:59:12.873920285
117.23,1,09:59:12.873934106
117.23,1,09:59:12.873949963
117.23,3,09:59:12.873949963
117.23,1,09:59:12.873968736
117.23,7,09:59:12.873968736
117.23,2,09:59:12.873968736
117.23,2,09:59:12.874732570
117.23,1,09:59:12.895606785
117.23,1,09:59:12.972422433
117.23,1,09:59:12.972660852
117.24,1,09:59:13.984373901
117.24,7,09:59:14.041891533
117.24,1,09:59:14.042395027
117.24,3,09:59:14.042527257
117.24,1,09:59:14.042549651
117.24,3,09:59:14.042549651
117.24,1,09:59:14.084707021
117.24,1,09:59:14.084784486
117.24,1,09:59:14.188209143
117.24,4,09:59:20.268208605
117.24,2,09:59:20.271118776
117.24,1,09:59:20.271210676
117.24,2,09:59:20.271229867
117.24,1,09:59:20.271229867
117.24,2,09:59:20.271500446
117.24,6,09:59:20.403163318
117.24,3,09:59:20.426192043
117.24,4,09:59:21.163484222
117.24,8,09:59:21.197421788
117.24,1,09:59:23.243635374
117.24,1,09:59:23.333609504
117.24,1,09:59:25.149346978
117.24,1,09:59:25.149546201
117.24,1,09:59:25.149937061
117.24,1,09:59:26.855400350
117.24,8,09:59:26.855748609
117.24,12,09:59:26.855854177
117.24,1,09:59:26.866421209
117.23,1,09:59:27.410151091
117.23,2,09:59:27.410242364
117.23,5,09:59:27.410268262
117.23,1,09:59:27.410268262
117.23,7,09:59:27.410268262
117.24,3,09:59:30.356204163
117.24,1,09:59:33.562383224
117.23,11,09:59:42.030184781
117.23,2,09:59:42.030184781
117.23,2,09:59:42.030278292
117.23,1,09:59:42.030304019
117.23,25,09:59:42.030304019
117.23,10,09:59:42.040987229
117.23,1,09:59:42.041002162
117.23,1,09:59:42.041228876
117.22,1,09:59:48.324849975
117.22,2,09:59:50.413279937
117.22,1,09:59:50.413415220
117.22,2,09:59:50.413442772
117.22,3,09:59:50.413442772
117.22,1,09:59:50.413442772
117.22,1,09:59:53.247126577
117.22,2,09:59:53.247126577
117.22,1,09:59:53.247208609
117.22,2,09:59:53.247208609
117.23,1,09:59:56.498609870
117.23,5,09:59:59.233770566
117.23,1,10:00:00.311492596
117.22,1,10:00:02.453462958
117.22,1,10:00:02.453856007
117.22,1,10:00:02.454337614
117.22,2,10:00:02.454337614
117.22,2,10:00:02.454426826
117.22,2,10:00:02.454452161
117.22,1,10:00:02.454452161
117.22,2,10:00:02.538738205
117.22,2,10:00:05.247102370
117.23,1,10:00:05.303499781
117.23,1,10:00:05.303646407
117.23,1,10:00:05.303659726
117.23,1,10:00:05.303674795
117.23,3,10:00:05.303674795
117.23,5,10:00:05.303690206
117.23,1,10:00:05.303690206
117.23,1,10:00:05.303703925
117.23,2,10:00:05.303703925
117.23,1,10:00:05.303719662
117.23,1,10:00:05.303733918
117.23,3,10:00:05.304174734
117.23,7,10:00:05.304174734
117.23,4,10:00:05.304192093
117.23,3,10:00:05.304307406
117.23,2,10:00:05.304322017
117.23,2,10:00:05.304354772
117.23,1,10:00:05.398575865
117.24,1,10:00:07.969779732
117.24,26,10:00:07.969779732
117.24,1,10:00:07.969886190
117.24,2,10:00:07.969929031
117.24,1,10:00:07.969929031
117.24,3,10:00:07.969929031
117.24,7,10:00:07.969929031
117.24,1,10:00:07.993866297
117.24,2,10:00:09.135713458
117.24,5,10:00:09.135797140
117.24,2,10:00:09.135816577
117.24,4,10:00:09.135816577
117.24,3,10:00:09.135816577
117.24,2,10:00:09.136224356
117.25,1,10:00:10.045996836
117.25,20,10:00:10.512800082
117.25,12,10:00:10.512986286
117.25,5,10:00:10.513096107
117.25,2,10:00:10.513374472
117.25,1,10:00:10.513374472
117.25,13,10:00:10.513374472
117.26,1,10:00:10.515410739
117.26,2,10:00:10.515410739
117.26,1,10:00:10.515426710
117.26,2,10:00:10.515426710
117.26,2,10:00:10.516061526
117.26,1,10:00:10.534923577
117.27,1,10:00:10.581921383
117.27,8,10:00:11.088286601
117.27,2,10:00:11.102667241
117.27,2,10:00:11.487782862
117.26,1,10:00:11.771423834
117.26,2,10:00:11.771440100
117.26,3,10:00:11.771440100
117.25,2,10:00:11.889855781
117.25,1,10:00:11.889952296
117.25,1,10:00:11.889977362
117.25,3,10:00:11.889977362
117.25,1,10:00:11.901158500
117.25,1,10:00:11.901256813
117.25,6,10:00:11.902110653
117.25,2,10:00:12.106168412
117.24,3,10:00:12.813300922
117.26,1,10:00:13.359158177
117.26,2,10:00:13.359158177
117.26,1,10:00:13.359352584
117.26,3,10:00:13.359366331
117.26,5,10:00:13.359381237
117.26,2,10:00:13.359381237
117.26,6,10:00:13.359381237
117.26,4,10:00:13.359396488
117.26,1,10:00:13.359396488
117.26,2,10:00:13.359396488
117.26,3,10:00:13.359396488
117.26,2,10:00:13.359410536
117.26,1,10:00:13.359410536
117.27,2,10:00:13.359425214
117.27,3,10:00:13.359425214
117.26,8,10:00:13.359425214
117.27,5,10:00:13.359443477
117.27,3,10:00:13.359459729
117.26,2,10:00:13.360771888
117.26,1,10:00:13.362361546
117.27,5,10:00:13.362409462
117.27,1,10:00:13.362409462
117.27,2,10:00:13.362409462
117.27,3,10:00:13.362409462
117.27,4,10:00:13.362409462
117.27,1,10:00:13.363248348
117.27,3,10:00:13.363248348
117.27,2,10:00:13.364957828
117.27,11,10:00:13.364957828
117.27,2,10:00:13.367743986
117.27,2,10:00:13.369377448
117.28,2,10:00:13.370536778
117.28,6,10:00:13.370536778
117.28,4,10:00:13.370536778
117.28,3,10:00:13.370536778
117.28,11,10:00:13.370536778
117.28,1,10:00:13.370536778
117.27,4,10:00:13.370737898
117.27,1,10:00:13.370737898
117.27,1,10:00:13.370774077
117.28,2,10:00:13.370847469
117.28,40,10:00:13.371681037
117.27,4,10:00:13.372081789
117.28,2,10:00:13.373692818
117.28,2,10:00:13.374781358
117.28,2,10:00:13.376021888
117.28,1,10:00:13.376021888
117.27,1,10:00:13.388743797
117.27,3,10:00:13.391955510
117.27,6,10:00:13.392064295
117.27,1,10:00:13.392124769
117.27,1,10:00:13.404677180
117.27,1,10:00:13.487533201
117.27,2,10:00:13.487637099
117.27,1,10:00:13.488050245
117.27,1,10:00:13.488070340
117.28,3,10:00:13.652214850
117.28,1,10:00:13.652437260
117.28,1,10:00:13.652701919
117.28,3,10:00:13.652732623
117.28,2,10:00:13.652804015
117.28,1,10:00:13.653142129
117.28,4,10:00:13.663959757
117.28,7,10:00:13.663959757
117.28,5,10:00:13.675067405
117.28,2,10:00:13.675067405
117.28,1,10:00:13.675509259
117.28,2,10:00:13.754595552
117.28,3,10:00:13.754800903
117.28,6,10:00:14.200435251
117.28,1,10:00:14.200534352
117.28,1,10:00:14.200557629
117.28,3,10:00:14.200557629
117.29,1,10:00:14.202448231
117.28,9,10:00:14.211406220
117.28,2,10:00:14.211486703
117.28,4,10:00:14.224175485
117.28,2,10:00:14.224279091
117.28,2,10:00:14.224299222
117.28,1,10:00:14.224299222
117.29,1,10:00:14.226582495
117.29,3,10:00:14.235683025
117.29,1,10:00:14.235683025
117.29,2,10:00:14.235784437
117.29,5,10:00:14.235784437
117.29,9,10:00:14.236091262
117.29,5,10:00:14.247550650
117.29,4,10:00:14.247550650
117.29,2,10:00:14.247550650
117.29,1,10:00:14.258736207
117.3,1,10:00:14.297814128
117.3,2,10:00:14.297814128
117.3,1,10:00:14.297919073
117.3,7,10:00:14.298392670
117.3,2,10:00:14.340153701
117.29,1,10:00:14.440582323
117.29,3,10:00:14.440582323
117.29,2,10:00:14.442701820
117.28,7,10:00:14.512611168
117.28,1,10:00:14.512642045
117.28,2,10:00:14.512642045
117.28,1,10:00:14.913408058
117.29,2,10:00:15.048751160
117.29,1,10:00:15.048817883
117.3,2,10:00:15.248797674
117.3,1,10:00:15.330149744
117.3,1,10:00:15.330242941
117.3,2,10:00:16.378819383
117.29,1,10:00:16.506746342
117.29,1,10:00:16.506910293
117.29,1,10:00:17.946667937
117.29,2,10:00:19.501732130
117.29,1,10:00:19.501827636
117.29,1,10:00:20.061881485
117.28,2,10:00:20.923426154
117.28,1,10:00:20.923426154
117.28,1,10:00:20.923527334
117.28,3,10:00:20.923542430
117.28,9,10:00:20.923542430
117.28,2,10:00:20.923645451
117.28,23,10:00:20.923645451
117.28,1,10:00:20.923645451
117.28,1,10:00:21.460293231
117.27,1,10:00:21.855528959
117.28,2,10:00:22.624951657
117.28,1,10:00:22.624951657
117.28,5,10:00:23.572159184
117.28,1,10:00:23.572159184
117.28,1,10:00:24.417432051
117.27,1,10:00:25.714511827
117.27,1,10:00:25.714576796
117.28,1,10:00:25.918512575
117.28,2,10:00:25.918512575
117.28,1,10:00:25.918675269
117.28,1,10:00:25.918690748
117.29,2,10:00:25.918705913
117.29,1,10:00:25.918705913
117.29,4,10:00:25.918720540
117.29,1,10:00:25.918720540
117.29,1,10:00:25.918735772
117.29,5,10:00:25.918735772
117.29,7,10:00:25.918749257
117.29,4,10:00:25.918770748
117.28,1,10:00:26.350696303
117.27,1,10:00:27.556329359
117.27,1,10:00:27.556528552
117.27,3,10:00:27.585673163
117.28,1,10:00:27.994203430
117.28,2,10:00:27.994203430
117.28,3,10:00:27.994337181
117.28,1,10:00:27.994359536
117.28,12,10:00:27.994359536
117.28,2,10:00:27.994359536
117.28,6,10:00:27.994359536
117.28,1,10:00:27.994381853
117.28,1,10:00:28.068148692
117.27,1,10:00:28.640197002
117.26,1,10:00:29.604732106
117.26,1,10:00:29.605169578
117.26,1,10:00:29.606776441
117.26,1,10:00:29.607312270
117.26,1,10:00:29.608650440
117.26,1,10:00:29.609245371
117.26,1,10:00:29.745131447
117.25,1,10:00:31.015283736
117.25,1,10:00:31.015374072
117.25,1,10:00:31.159388169
117.25,1,10:00:31.246154290
117.25,1,10:00:31.548782267
117.25,2,10:00:31.548859958
117.25,1,10:00:31.548879187
117.25,1,10:00:32.177201975
117.26,1,10:00:32.960929533
117.26,1,10:00:32.961240420
117.26,1,10:00:32.961349032
117.26,1,10:00:32.961366260
117.26,1,10:00:32.961565799
117.26,1,10:00:32.964699756
117.26,1,10:00:32.964983899
117.26,2,10:00:32.965070514
117.26,1,10:00:32.986685427
117.26,1,10:00:33.031091681
117.26,2,10:00:33.441610991
117.26,1,10:00:33.467264414
117.26,1,10:00:33.546553966
117.25,2,10:00:35.010590204
117.25,1,10:00:35.010590204
117.25,10,10:00:35.010764005
117.25,2,10:00:35.010778134
117.25,1,10:00:35.010794108
117.25,2,10:00:35.010794108
117.25,1,10:00:35.010807580
117.25,1,10:00:35.010823769
117.25,2,10:00:35.010823769
117.25,1,10:00:35.010837609
117.25,2,10:00:35.010855750
117.25,1,10:00:35.021898530
117.24,1,10:00:40.021427475
117.24,2,10:00:43.780456643
117.24,1,10:00:43.780481906
117.24,1,10:00:43.780610731
117.24,1,10:00:43.833115471
117.24,1,10:00:43.983607196
117.25,2,10:00:45.701998375
117.25,5,10:00:45.702390041
117.25,2,10:00:45.702493071
117.25,2,10:00:45.702655612
117.25,1,10:00:45.702655612
117.25,1,10:00:45.702670810
117.25,11,10:00:45.702670810
117.25,3,10:00:45.702778176
117.25,1,10:00:45.702793504
117.25,1,10:00:45.702943078
117.25,1,10:00:45.702957034
117.25,1,10:00:45.726710521
117.24,1,10:00:46.364598141
117.24,1,10:00:46.364688880
117.23,1,10:00:48.472073021
117.23,1,10:00:48.472176288
117.23,1,10:00:48.472207494
117.22,1,10:00:49.826184881
117.21,1,10:00:50.048477106
117.21,1,10:00:50.048576041
117.21,1,10:00:50.049554110
117.21,1,10:00:50.072795311
117.21,1,10:00:50.881695341
117.2,1,10:00:50.945411914
117.2,1,10:00:51.844116782
117.2,1,10:00:51.866300038
117.2,1,10:00:51.866561420
117.2,1,10:00:51.910973560
117.2,1,10:00:51.962687402
117.2,2,10:00:51.962687402
117.2,1,10:00:53.140736856
117.21,2,10:00:54.257058409
117.21,1,10:00:55.589759843
117.21,6,10:00:55.589882316
117.21,1,10:00:55.590763582
117.21,2,10:00:55.591216172
117.21,1,10:00:55.601407255
117.21,2,10:00:55.601717745
117.22,1,10:00:56.278418190
117.22,1,10:00:56.786084890
117.22,2,10:00:57.336309338
117.22,1,10:00:57.336309338
117.22,2,10:00:57.336719171
117.22,1,10:00:57.336830954
117.22,1,10:00:57.337043738
117.22,1,10:00:57.345560650
117.21,1,10:00:59.367971059
117.21,1,10:01:00.970994339
117.21,1,10:01:00.971082979
117.21,1,10:01:00.998019428
117.21,1,10:01:01.029634605
117.21,1,10:01:01.031075274
117.21,1,10:01:01.058267178
117.2,1,10:01:01.755663543
117.2,2,10:01:01.755748321
117.2,1,10:01:01.756144874
117.2,2,10:01:01.756144874
117.2,2,10:01:01.876493104
117.2,2,10:01:01.876587335
117.21,1,10:01:04.223235259
117.21,3,10:01:04.223235259
117.21,1,10:01:04.223611964
117.21,1,10:01:04.223718364
117.21,1,10:01:04.223739906
117.21,2,10:01:04.223739906
117.21,1,10:01:04.225064132
117.21,1,10:01:04.225331781
117.21,1,10:01:04.225449095
117.21,5,10:01:04.227175501
117.21,1,10:01:04.246486765
117.21,1,10:01:04.404204292
117.21,2,10:01:04.412562590
117.21,1,10:01:04.412660808
117.2,2,10:01:05.460656687
117.2,2,10:01:05.460784517
117.2,1,10:01:05.460813736
117.2,2,10:01:05.461359687
117.2,1,10:01:07.103797071
117.2,1,10:01:07.144080154
117.21,1,10:01:11.313506925
117.21,2,10:01:11.313862743
117.21,1,10:01:11.313862743
117.21,1,10:01:11.313967854
117.21,28,10:01:11.313984286
117.21,9,10:01:11.313984286
117.21,9,10:01:11.314107236
117.21,7,10:01:11.314107236
117.21,6,10:01:11.314107236
117.21,5,10:01:11.314233713
117.21,9,10:01:11.314233713
117.21,1,10:01:11.314531918
117.21,26,10:01:11.314531918
117.21,1,10:01:12.681221337
117.21,3,10:01:12.681221337
117.21,2,10:01:12.681317279
117.21,1,10:01:12.681317279
117.21,6,10:01:12.681723279
117.21,1,10:01:12.681945202
117.21,1,10:01:12.682070687
117.21,1,10:01:12.682085859
117.21,1,10:01:12.682105036
117.21,1,10:01:12.682118648
117.21,8,10:01:12.699784606
117.21,1,10:01:12.699784606
117.22,1,10:01:14.095558137
117.22,1,10:01:14.096145289
117.22,1,10:01:14.344043459
117.22,1,10:01:14.344141196
117.23,1,10:01:16.136350192
117.23,4,10:01:16.136350192
117.23,1,10:01:16.136435139
117.23,1,10:01:16.988424704
117.23,1,10:01:21.163908451
117.23,1,10:01:21.164455435
117.24,1,10:01:23.671978502
117.24,1,10:01:23.672801132
117.24,1,10:01:23.674516770
117.24,1,10:01:23.674851361
117.24,1,10:01:23.718655908
117.24,1,10:01:23.740729727
117.24,1,10:01:23.740971381
117.24,2,10:01:23.788610277
117.24,3,10:01:23.788610277
117.25,1,10:01:24.040787833
117.25,1,10:01:24.041578943
117.25,1,10:01:24.943344034
117.25,1,10:01:24.983372426
117.25,2,10:01:24.983372426
117.25,2,10:01:24.983457365
117.25,2,10:01:24.983697241
117.25,12,10:01:25.275136069
117.25,2,10:01:25.275151387
117.25,1,10:01:25.275151387
117.25,1,10:01:25.275247615
117.24,1,10:01:30.445229587
117.24,1,10:01:30.445545596
117.24,3,10:01:30.445545596
117.23,1,10:01:31.490464814
117.23,1,10:01:31.490601243
117.23,1,10:01:31.490888582
117.23,1,10:01:31.490983466
117.23,1,10:01:31.500710596
117.23,1,10:01:31.542029927
117.23,2,10:01:32.896590310
117.23,1,10:01:32.896590310
117.23,1,10:01:33.045513273
117.23,1,10:01:33.063201306
117.23,1,10:01:36.946200632
117.23,1,10:01:41.200686879
117.23,1,10:01:41.211556583
117.23,1,10:01:42.004790916
117.23,1,10:01:42.004899409
117.23,1,10:01:42.004925045
117.23,2,10:01:42.004925045
117.23,1,10:01:42.005204494
117.23,1,10:01:42.005343892
117.23,1,10:01:42.186356733
117.24,1,10:01:51.065148905
117.24,1,10:01:51.065417087
117.24,1,10:01:51.065673510
117.24,1,10:01:51.065814519
117.24,1,10:01:51.065853839
117.24,2,10:01:51.065853839
117.24,3,10:01:51.065853839
117.24,1,10:01:51.093620048
117.24,1,10:01:51.093633839
117.24,2,10:01:51.093720687
117.24,1,10:01:51.093736562
117.24,3,10:01:51.093736562
117.24,1,10:01:51.094403388
117.24,2,10:01:52.758325825
117.24,1,10:01:52.758325825
117.24,1,10:01:52.758415812
117.24,1,10:01:52.758436181
117.24,1,10:01:52.899807378
117.24,1,10:01:53.039190523
117.24,1,10:01:53.866627440
117.24,1,10:01:53.877304822
117.24,1,10:01:54.799851588
117.24,2,10:01:54.799867665
117.25,1,10:01:54.988401674
117.25,1,10:01:56.713474590
117.24,1,10:01:56.714304913
117.24,1,10:01:56.714322465
117.24,1,10:01:56.725339985
117.24,1,10:02:00.110368053
117.24,4,10:02:00.164003272
117.24,1,10:02:01.845785769
117.24,1,10:02:01.856505201
117.24,1,10:02:01.856855576
117.24,1,10:02:02.126284701
117.24,1,10:02:02.126352540
117.24,1,10:02:05.607735754
117.24,1,10:02:05.618384611
117.24,1,10:02:05.618632422
117.24,1,10:02:05.710681771
117.23,1,10:02:08.539852521
117.23,1,10:02:08.539958723
117.23,1,10:02:08.539979895
117.23,2,10:02:08.539979895
117.23,1,10:02:09.130205379
117.23,1,10:02:09.654356222
117.23,1,10:02:17.048771356
117.23,2,10:02:17.049571951
117.23,1,10:02:17.049571951
117.23,1,10:02:17.049593186
117.23,2,10:02:17.052905167
117.23,1,10:02:17.056124720
117.23,1,10:02:17.056142490
117.23,1,10:02:17.073112188
117.23,1,10:02:18.627151840
117.23,1,10:02:18.627528470
117.23,3,10:02:18.628008300
117.23,1,10:02:18.653435863
117.23,1,10:02:27.444694370
117.23,17,10:02:27.444778510
117.23,2,10:02:27.444815330
117.23,1,10:02:27.444815330
117.23,1,10:02:27.495016116
117.22,1,10:02:27.550975585
117.22,1,10:02:27.551400334
117.22,1,10:02:27.551604814
117.22,1,10:02:27.552430593
117.22,1,10:02:27.559611781
117.22,1,10:02:27.566701736
117.22,3,10:02:27.710237605
117.22,1,10:02:27.999615137
117.22,1,10:02:28.115537761
117.22,2,10:02:28.175336145
117.23,3,10:02:29.920647429
117.23,6,10:02:29.920647429
117.23,1,10:02:29.920647429
117.23,1,10:02:29.925245774
117.23,1,10:02:29.951397764
117.23,1,10:02:29.996984106
117.24,1,10:02:32.592410326
117.24,2,10:02:32.592410326
117.24,1,10:02:32.592827148
117.24,2,10:02:32.592827148
117.24,1,10:02:32.627211042
117.24,2,10:02:33.471707071
117.24,1,10:02:33.471707071
117.24,1,10:02:44.038005454
117.24,1,10:02:44.038462263
117.24,1,10:02:44.038477760
117.24,1,10:02:44.706810426
117.24,1,10:02:44.706905176
117.24,2,10:02:44.706924281
117.24,2,10:02:44.707299957
117.24,1,10:02:44.707890910
117.24,1,10:02:44.717889284
117.24,1,10:02:44.724226634
117.24,2,10:02:45.238627373
117.24,1,10:02:45.238627373
117.24,1,10:02:45.238714042
117.24,1,10:02:45.238731837
117.24,1,10:02:46.180589588
117.24,1,10:02:48.005287484
117.24,1,10:02:50.288163858
117.24,1,10:02:50.288530203
117.25,1,10:02:50.772049493
117.24,2,10:02:52.388566328
117.25,1,10:02:56.158830624
117.25,1,10:02:56.158918289
117.25,6,10:02:56.159914585
117.25,4,10:02:56.160830873
117.25,2,10:02:56.182157003
117.25,1,10:02:56.466060708
117.25,1,10:02:57.023390791
117.24,1,10:03:09.558394969
117.24,3,10:03:09.558394969
117.24,1,10:03:09.558553568
117.24,1,10:03:09.559089131
117.24,2,10:03:09.559125327
117.24,3,10:03:09.559125327
117.24,1,10:03:09.559125327
117.24,3,10:03:09.564336991
117.24,1,10:03:09.564336991
117.24,1,10:03:09.588219197
117.24,1,10:03:09.588462355
117.25,1,10:03:09.697206799
117.25,2,10:03:09.697206799
117.25,2,10:03:09.697290345
117.25,1,10:03:09.697308966
117.25,1,10:03:09.697846674
117.25,2,10:03:09.697877033
117.25,1,10:03:09.697890204
117.25,3,10:03:09.697906249
117.25,2,10:03:09.697921327
117.25,3,10:03:09.697921327
117.25,1,10:03:09.697935730
117.25,1,10:03:09.697950217
117.25,2,10:03:09.697965324
117.25,1,10:03:09.698047459
117.25,2,10:03:09.698062617
117.25,1,10:03:09.698247023
117.25,2,10:03:09.763502415
117.25,2,10:03:10.080095324
117.24,1,10:03:11.409414665
117.25,1,10:03:12.587274934
117.25,2,10:03:12.600803389
117.25,1,10:03:12.600892137
117.25,2,10:03:12.600910813
117.25,1,10:03:12.600910813
117.25,1,10:03:14.038239061
117.25,1,10:03:14.038476030
117.25,2,10:03:14.038476030
117.25,1,10:03:14.038770187
117.25,2,10:03:15.834060910
117.25,3,10:03:23.738345289
117.25,1,10:03:23.738438895
117.25,1,10:03:23.738455919
117.25,2,10:03:23.738455919
117.25,2,10:03:24.281739439
117.24,1,10:03:30.524552238
117.24,1,10:03:30.524661675
117.24,1,10:03:30.524687672
117.24,2,10:03:30.524687672
117.24,1,10:03:30.535639714
117.24,1,10:03:31.609631570
117.24,1,10:03:31.609716966
117.24,1,10:03:31.609844093
117.24,2,10:03:31.609844093
117.24,1,10:03:31.656620650
117.23,1,10:03:31.742272987
117.23,1,10:03:31.742287652
117.23,1,10:03:31.742421277
117.23,1,10:03:31.742435879
117.23,4,10:03:31.742449828
117.23,1,10:03:31.742465722
117.23,1,10:03:31.742488068
117.22,2,10:03:33.170993103
117.21,4,10:03:33.610255762
117.21,2,10:03:33.610621747
117.21,1,10:03:33.610817688
117.21,1,10:03:33.610841672
117.2,1,10:03:34.232422155
117.2,1,10:03:34.232509874
117.2,1,10:03:34.232530124
117.2,1,10:03:36.047994517
117.2,1,10:03:37.107550819
117.2,1,10:03:37.186021147
117.2,1,10:03:37.186540231
117.2,2,10:03:37.186540231
117.2,3,10:03:37.186540231
117.2,1,10:03:37.186555786
117.2,1,10:03:37.187440452
117.2,1,10:03:37.296983209
117.2,2,10:03:37.296983209
117.2,1,10:03:37.819686177
117.2,2,10:03:37.820086784
117.2,2,10:03:37.820102890
117.2,1,10:03:37.820102890
117.2,1,10:03:38.512960051
117.2,1,10:03:38.532670113
117.2,1,10:03:39.907874968
117.2,1,10:03:40.287143430
117.2,1,10:03:40.287569776
117.2,3,10:03:40.287569776
117.2,1,10:03:40.885144680
117.2,1,10:03:40.885874375
117.2,1,10:03:40.947189980
117.2,1,10:03:41.408420033
117.2,1,10:03:42.384764207
117.2,1,10:03:42.389647868
117.2,2,10:03:42.389647868
117.2,3,10:03:42.389647868
117.2,1,10:03:42.389745411
117.2,1,10:03:43.904538200
117.2,2,10:03:43.904538200
117.2,5,10:03:49.435058913
117.2,1,10:03:49.435457611
117.2,1,10:03:49.446283620
117.2,1,10:03:49.446428289
117.2,1,10:03:49.449422108
117.2,1,10:03:49.921405093
117.2,1,10:03:49.921986847
117.2,1,10:03:49.932624846
117.2,1,10:03:52.165432988
117.2,1,10:03:52.165819640
117.2,1,10:03:52.184686076
117.2,1,10:03:56.432480244
117.2,1,10:03:56.433259257
117.2,1,10:03:56.502387498
117.2,1,10:03:56.525584887
117.21,1,10:03:56.927407147
117.21,1,10:03:56.928005003
117.21,1,10:03:56.930290322
117.21,1,10:03:56.953503107
117.21,1,10:03:57.077532068
117.22,1,10:03:57.350994740
117.22,1,10:03:58.845540448
117.22,1,10:03:58.846000675
117.22,1,10:03:58.846029395
117.22,4,10:03:59.465834017
117.22,1,10:03:59.465834017
117.22,1,10:03:59.521878946
117.22,1,10:04:00.438394030
117.22,1,10:04:00.438485370
117.23,1,10:04:01.089387525
117.23,1,10:04:01.089936749
117.23,1,10:04:01.090064935
117.24,3,10:04:02.633459433
117.24,1,10:04:02.633548296
117.24,1,10:04:02.633625279
117.24,1,10:04:03.201407055
117.25,1,10:04:04.969947289
117.25,1,10:04:04.970052140
117.26,1,10:04:05.109233669
117.25,1,10:04:06.452320314
117.25,1,10:04:06.452677194
117.25,1,10:04:06.452774659
117.25,1,10:04:06.452862712
117.25,1,10:04:06.453191711
117.25,1,10:04:08.998804647
117.25,1,10:04:09.009534065
117.25,1,10:04:12.670922583
117.25,2,10:04:12.670922583
117.26,1,10:04:18.566640587
117.25,1,10:04:21.053719797
117.25,1,10:04:21.054052331
117.25,1,10:04:21.054157066
117.25,1,10:04:21.054176878
117.25,1,10:04:21.064461470
117.25,1,10:04:22.940264958
117.25,1,10:04:22.940338686
117.25,1,10:04:22.951109835
117.25,1,10:04:22.951415729
117.25,1,10:04:24.296677162
117.25,1,10:04:24.296695607
117.25,1,10:04:27.031870464
117.25,2,10:04:27.032088784
117.25,1,10:04:33.239588338
117.25,1,10:04:35.751733421
117.25,1,10:04:36.622987997
117.25,1,10:04:37.595667407
117.25,1,10:04:37.595684312
117.24,1,10:04:40.728965063
117.24,1,10:04:40.729067888
117.24,1,10:04:40.729090569
117.24,2,10:04:40.729090569
117.24,1,10:04:40.729570602
117.24,1,10:04:40.848033803
117.24,2,10:04:43.718767786
117.24,2,10:04:43.718871834
117.24,1,10:04:43.718871834
117.24,1,10:04:43.747076368
117.24,1,10:04:43.854384361
117.24,1,10:04:46.384029848
117.24,1,10:04:47.245912401
117.24,1,10:04:48.731207958
117.23,2,10:04:49.198019799
117.24,1,10:04:50.810851941
117.24,1,10:04:50.822164859
117.23,1,10:04:52.229201298
117.23,1,10:04:52.229215282
117.23,5,10:04:52.229361310
117.23,1,10:04:52.229405790
117.23,2,10:04:52.230092667
117.23,1,10:04:55.261683062
117.23,1,10:04:55.261764479
117.24,1,10:04:55.506268119
117.24,1,10:04:55.506444829
117.24,6,10:04:55.506459347
117.24,4,10:04:55.506473114
117.24,2,10:04:55.506486685
117.24,2,10:04:55.506506966
117.24,4,10:04:55.506506966
117.24,1,10:04:55.506524290
117.24,9,10:04:55.506538799
117.24,7,10:04:55.506557545
117.24,1,10:04:55.506557545
117.24,2,10:04:55.506571484
117.24,2,10:04:55.506587087
117.24,3,10:04:55.506600578
117.24,3,10:04:55.506616809
117.24,1,10:04:55.506630108
117.24,1,10:04:55.506644044
117.24,1,10:04:55.506658339
117.24,3,10:04:55.506677824
117.24,1,10:04:55.506696890
117.24,4,10:04:56.188740625
117.24,1,10:04:57.502509789
117.23,2,10:04:58.725467266
117.23,1,10:04:58.725467266
117.23,1,10:04:58.835553934
117.23,1,10:04:59.568858854
117.23,1,10:04:59.568943535
117.23,1,10:05:00.141454221
117.23,1,10:05:00.142157138
117.23,1,10:05:00.142661213
117.23,3,10:05:00.142661213
117.23,2,10:05:00.142661213
117.24,1,10:05:01.335090187
117.24,2,10:05:01.335506862
117.24,1,10:05:01.335804558
117.24,1,10:05:01.336366398
117.24,2,10:05:01.336579453
117.24,1,10:05:01.336682026
117.24,2,10:05:01.358698232
117.24,2,10:05:02.508367946
117.24,2,10:05:02.508538957
117.24,1,10:05:02.508538957
117.24,1,10:05:02.508612225
117.24,1,10:05:02.508907959
117.24,3,10:05:02.508907959
117.24,2,10:05:02.509053200
117.24,2,10:05:04.907254570
117.24,1,10:05:04.907254570
117.24,5,10:05:04.907340343
117.24,1,10:05:05.197390853
117.24,1,10:05:09.917247189
117.24,1,10:05:09.917343771
117.23,1,10:05:12.414684408
117.24,2,10:05:15.130038834
117.24,1,10:05:15.130627845
117.24,1,10:05:16.042768256
117.24,2,10:05:16.075751165
117.24,1,10:05:21.041487478
117.24,1,10:05:21.188864457
117.24,1,10:05:22.504029542
117.24,3,10:05:23.918948856
117.24,1,10:05:23.918948856
117.24,1,10:05:27.011654469
117.24,1,10:05:27.012247217
117.24,1,10:05:27.012353829
117.25,1,10:05:29.337944400
117.25,1,10:05:29.338092714
117.25,1,10:05:29.338108756
117.25,2,10:05:29.338108756
117.25,1,10:05:29.338214346
117.25,1,10:05:29.348896198
117.25,1,10:05:29.363562396
117.25,3,10:05:29.364256604
117.25,1,10:05:29.364537170
117.25,1,10:05:29.365494138
117.25,1,10:05:29.395376390
117.26,3,10:05:32.286918841
117.26,1,10:05:33.764744965
117.25,1,10:05:35.429680279
117.25,1,10:05:35.430145962
117.25,5,10:05:35.430145962
117.25,2,10:05:35.430335844
117.25,14,10:05:35.430335844
117.25,1,10:05:35.430461638
117.25,3,10:05:35.430461638
117.25,1,10:05:35.431368051
117.25,1,10:05:35.431740649
117.25,1,10:05:41.600384875
117.25,1,10:05:41.600850958
117.25,3,10:05:41.600850958
117.25,11,10:05:41.600850958
117.25,1,10:05:41.657913331
117.25,1,10:05:41.995588857
117.25,2,10:05:41.999000032
117.25,4,10:05:41.999382406
117.25,1,10:05:43.430773086
117.25,2,10:05:43.532979012
117.25,1,10:05:43.532992711
117.25,1,10:05:43.533218451
117.25,1,10:05:43.533233751
117.25,1,10:05:48.035167438
117.26,1,10:05:56.064719510
117.25,1,10:05:57.379889848
117.25,3,10:05:57.379889848
117.25,1,10:05:57.379994649
117.25,2,10:05:57.380018175
117.25,1,10:05:57.380018175
117.25,1,10:05:59.383693396
117.25,4,10:05:59.383693396
117.25,1,10:05:59.383787444
117.25,3,10:05:59.383787444
117.26,1,10:06:21.026457329
117.26,7,10:06:21.026457329
117.26,1,10:06:21.026589604
117.26,2,10:06:21.026615700
117.26,1,10:06:21.026615700
117.26,1,10:06:21.037259298
117.27,3,10:06:24.450606420
117.27,1,10:06:24.478580806
117.27,4,10:06:24.478580806
117.27,1,10:06:24.503467953
117.27,1,10:06:24.529686934
117.27,1,10:06:24.529813129
117.27,1,10:06:24.530062677
117.27,4,10:06:24.530062677
117.27,1,10:06:24.566553208
117.27,1,10:06:24.597490532
117.27,2,10:06:24.597490532
117.27,1,10:06:24.664652116
117.27,1,10:06:24.996451074
117.27,2,10:06:24.996581570
117.27,5,10:06:24.996581570
117.27,1,10:06:28.611170398
117.27,1,10:06:36.717914688
117.27,1,10:06:36.718255779
117.27,7,10:06:36.718255779
117.27,1,10:06:36.718370899
117.27,1,10:06:36.718388886
117.27,2,10:06:36.718388886
117.27,1,10:06:36.728991951
117.28,1,10:06:38.120224655
117.28,1,10:06:41.557740351
117.28,1,10:06:48.880349984
117.28,1,10:06:49.266726537
117.28,1,10:06:52.736282831
117.28,1,10:06:52.736369119
117.28,2,10:06:52.736399087
117.28,1,10:06:52.736399087
117.28,2,10:06:52.736627166
117.28,6,10:06:52.736743522
117.28,1,10:06:52.763256812
117.28,2,10:06:52.763256812
117.27,1,10:06:52.920642934
117.27,10,10:06:52.920756969
117.27,2,10:06:52.920780333
117.27,1,10:06:52.920780333
117.27,1,10:06:56.991979155
117.27,1,10:06:56.997122092
117.27,1,10:06:56.997462734
117.27,1,10:06:57.928220583
117.27,3,10:07:00.371989025
117.27,1,10:07:00.371989025
117.27,2,10:07:00.372073044
117.27,1,10:07:01.769767054
117.27,1,10:07:01.770241760
117.27,1,10:07:01.828527662
117.27,1,10:07:01.828726599
117.27,4,10:07:02.206905846
117.27,1,10:07:02.206905846
117.27,4,10:07:07.894961231
117.27,1,10:07:07.894961231
117.27,1,10:07:07.895050076
117.27,3,10:07:07.895050076
117.27,2,10:07:07.895050076
117.27,1,10:07:07.895176271
117.27,2,10:07:07.895191551
117.27,1,10:07:08.131498354
117.27,3,10:07:10.021751967
117.27,1,10:07:10.022440370
117.27,1,10:07:14.659582384
117.27,1,10:07:16.554203660
117.27,5,10:07:16.554203660
117.27,3,10:07:16.554203660
117.27,3,10:07:16.554346466
117.27,1,10:07:16.554360735
117.27,4,10:07:16.554375941
117.27,2,10:07:16.554375941
117.27,1,10:07:16.554375941
117.27,1,10:07:16.554389541
117.27,2,10:07:16.554404229
117.27,1,10:07:16.554404229
117.27,6,10:07:16.554404229
117.27,3,10:07:16.554418571
117.28,1,10:07:21.047730725
117.28,3,10:07:21.048019957
117.28,2,10:07:21.048033592
117.28,3,10:07:21.048124548
117.28,3,10:07:22.103741729
117.28,1,10:07:22.104159248
117.28,1,10:07:22.104175005
117.28,1,10:07:22.104294234
117.28,1,10:07:22.104671186
117.28,5,10:07:22.104760988
117.28,1,10:07:22.104774892
117.28,1,10:07:22.104881386
117.28,1,10:07:22.104900051
117.28,1,10:07:22.128137574
117.28,1,10:07:30.096891905
117.28,2,10:07:30.097184536
117.28,1,10:07:30.097397323
117.28,3,10:07:30.097397323
117.28,1,10:07:30.097412228
117.28,2,10:07:30.098260797
117.28,1,10:07:30.098260797
117.28,1,10:07:30.148147869
117.28,1,10:07:30.291194256
117.28,1,10:07:31.284149480
117.28,2,10:07:35.015384310
117.28,3,10:07:35.015519992
117.28,1,10:07:35.015519992
117.28,3,10:07:35.015835967
117.28,4,10:07:36.189794613
117.28,1,10:07:36.190195850
117.28,1,10:07:36.215085337
117.28,2,10:07:39.297583370
117.28,2,10:07:39.297969210
117.28,1,10:07:39.298062253
117.28,3,10:07:39.298334287
117.28,3,10:07:44.809397577
117.28,1,10:07:44.809463493
117.28,1,10:07:44.809772978
117.28,1,10:07:44.809880248
117.28,1,10:07:44.809921598
117.28,1,10:07:49.918035017
117.28,1,10:07:49.942551736
117.28,3,10:07:49.968855855
117.29,2,10:07:54.334955453
117.29,1,10:07:56.259090259
117.29,2,10:08:03.965619385
117.29,3,10:08:03.965619385
117.29,1,10:08:03.965619385
117.29,3,10:08:03.965701324
117.29,3,10:08:03.966163682
117.29,4,10:08:03.966276690
117.29,1,10:08:03.966299775
117.29,20,10:08:03.966299775
117.29,6,10:08:03.966299775
117.29,5,10:08:03.966492204
117.29,5,10:08:03.966512482
117.29,3,10:08:03.966528367
117.29,1,10:08:03.966528367
117.29,1,10:08:03.966542987
117.29,1,10:08:03.966574392
117.29,1,10:08:03.976948523
117.29,1,10:08:03.977349502
117.29,1,10:08:04.064268167
117.29,5,10:08:04.673642151
117.29,2,10:08:04.673929026
117.29,1,10:08:04.674043968
117.29,4,10:08:04.674043968
117.29,3,10:08:04.674043968
117.29,2,10:08:04.775207256
117.28,4,10:08:11.866028683
117.28,6,10:08:11.866028683
117.28,1,10:08:11.866236676
117.28,2,10:08:11.866251265
117.28,1,10:08:11.866266426
117.28,3,10:08:11.866282699
117.28,1,10:08:11.866282699
117.28,1,10:08:11.866297128
117.28,1,10:08:11.866317822
117.28,2,10:08:11.866317822
117.28,1,10:08:11.866332987
117.28,3,10:08:11.866347326
117.28,6,10:08:11.866361681
117.28,9,10:08:11.866385585
117.28,1,10:08:11.867225777
117.28,2,10:08:11.867246929
117.28,1,10:08:11.867351633
117.28,1,10:08:11.867485018
117.28,3,10:08:11.867773722
117.28,1,10:08:11.890939764
117.28,1,10:08:11.891239117
117.28,2,10:08:15.899127083
117.28,1,10:08:15.899486315
117.28,5,10:08:15.899633317
117.28,6,10:08:15.899633317
117.28,3,10:08:15.899633317
117.28,1,10:08:15.926029817
117.28,1,10:08:15.926113087
117.28,2,10:08:18.521513390
117.28,1,10:08:18.521635870
117.28,3,10:08:18.521847278
117.28,1,10:08:18.529220015
117.28,1,10:08:18.532346410
117.27,1,10:08:18.865373223
117.27,2,10:08:18.865373223
117.27,4,10:08:18.901371531
117.27,1,10:08:18.901649291
117.27,1,10:08:19.689021567
117.27,1,10:08:19.689396498
117.27,2,10:08:19.689396498
117.27,1,10:08:19.700040779
117.27,2,10:08:19.700260400
117.27,1,10:08:19.717875314
117.27,1,10:08:19.718025490
117.27,1,10:08:20.039914183
117.26,1,10:08:22.028956577
117.26,1,10:08:22.029522353
117.26,1,10:08:23.910995377
117.26,1,10:08:27.518296124
117.26,1,10:08:27.518372389
117.26,1,10:08:27.518390188
117.26,1,10:08:27.518789769
117.26,1,10:08:27.540181247
117.26,1,10:08:28.615468389
117.26,2,10:08:28.640318784
117.26,1,10:08:28.640613809
117.26,1,10:08:30.620229687
117.26,1,10:08:30.697577113
117.25,1,10:08:32.528799903
117.25,1,10:08:32.529162575
117.25,1,10:08:33.033410017
117.25,3,10:08:37.297383037
117.25,6,10:08:37.297383037
117.25,1,10:08:37.297383037
117.26,2,10:08:37.297598444
117.26,2,10:08:37.297611999
117.26,1,10:08:37.297625650
117.26,10,10:08:37.297640096
117.26,4,10:08:37.297653932
117.26,4,10:08:37.297668371
117.26,1,10:08:37.297668371
117.26,1,10:08:37.297682179
117.26,6,10:08:37.297696867
117.26,3,10:08:37.297710416
117.26,2,10:08:37.297724861
117.26,1,10:08:37.297738387
117.26,2,10:08:37.297752361
117.26,1,10:08:37.297766140
117.26,3,10:08:37.297780198
117.26,3,10:08:37.297794204
117.26,5,10:08:37.297812947
117.26,2,10:08:37.297812947
117.26,1,10:08:37.297828809
117.26,3,10:08:37.297859837
117.26,2,10:08:37.298047911
117.26,2,10:08:37.298501490
117.26,2,10:08:37.298775776
117.26,2,10:08:37.298801292
117.26,2,10:08:37.298885752
117.26,4,10:08:37.298961784
117.26,4,10:08:37.299013474
117.26,2,10:08:37.299367119
117.26,5,10:08:37.299406828
117.26,1,10:08:37.299425759
117.26,4,10:08:37.299462840
117.26,2,10:08:37.299505106
117.26,7,10:08:37.299526223
117.26,11,10:08:37.299648840
117.26,11,10:08:37.299821019
117.26,1,10:08:37.299955207
117.26,1,10:08:37.300054610
117.26,1,10:08:37.300154414
117.26,1,10:08:37.308126454
117.26,1,10:08:37.324009849
117.26,17,10:08:37.324373855
117.26,1,10:08:37.324373855
117.26,1,10:08:37.396446584
117.26,23,10:08:37.497501624
117.26,3,10:08:37.737114120
117.26,1,10:08:37.810261064
117.26,6,10:08:37.810621639
117.26,1,10:08:38.340809836
117.26,4,10:08:45.385963767
117.26,1,10:08:45.386716653
117.26,1,10:08:45.387066604
117.26,1,10:08:45.389427723
117.26,1,10:08:45.398255704
117.26,1,10:08:45.418857134
117.26,1,10:08:45.419263770
117.26,1,10:08:45.425105385
117.26,1,10:08:45.435416181
117.26,1,10:08:45.435432056
117.26,1,10:08:45.629370048
117.25,1,10:08:48.864768407
117.25,1,10:08:48.864790548
117.25,2,10:08:48.864790548
117.25,4,10:08:48.864790548
117.25,1,10:08:48.890833600
117.25,1,10:08:50.709885832
117.25,1,10:08:50.900280483
117.25,1,10:08:50.900605632
117.25,1,10:08:56.491689460
117.25,1,10:08:57.292656186
117.25,1,10:08:57.292731737
117.25,1,10:08:57.293106064
117.25,1,10:08:57.319583063
117.26,1,10:08:57.669630126
117.25,1,10:09:00.041595610
117.26,1,10:09:15.472918622
117.26,3,10:09:15.473026113
117.26,1,10:09:15.473026113
117.26,5,10:09:15.473026113
117.26,1,10:09:15.473476698
117.26,1,10:09:15.473626736
117.26,1,10:09:15.473641024
117.26,1,10:09:15.473656148
117.26,1,10:09:15.473670567
117.26,1,10:09:15.473684320
117.26,1,10:09:15.473700147
117.26,2,10:09:15.473830970
117.26,1,10:09:15.473861382
117.26,1,10:09:15.473886819
117.26,9,10:09:15.473908592
117.26,1,10:09:15.473948355
117.26,1,10:09:15.473975587
117.26,1,10:09:15.645338236
117.26,1,10:09:15.707259814
117.25,5,10:09:16.423717074
117.26,3,10:09:17.131296428
117.26,1,10:09:17.372681590
117.26,1,10:09:17.372765184
117.26,1,10:09:17.372791616
117.26,2,10:09:17.757113083
117.26,1,10:09:17.757113083
117.26,1,10:09:17.757187380
117.26,1,10:09:19.315519772
117.26,1,10:09:19.343434898
117.26,1,10:09:20.042138024
117.27,1,10:09:21.358443883
117.26,8,10:09:21.611189694
117.26,2,10:09:21.611189694
117.26,1,10:09:21.611189694
117.26,2,10:09:21.611275215
117.26,1,10:09:21.611292195
117.26,3,10:09:21.611292195
117.26,1,10:09:23.477152097
117.26,10,10:09:23.477152097
117.26,1,10:09:23.534650328
117.26,2,10:09:23.743111884
117.25,25,10:09:30.658537618
117.25,2,10:09:30.658613048
117.25,1,10:09:30.659215198
117.25,1,10:09:30.659300677
117.25,3,10:09:30.659531096
117.25,7,10:09:30.659531096
117.25,2,10:09:30.659679678
117.25,15,10:09:30.659679678
117.25,1,10:09:30.660348961
117.25,1,10:09:40.141993595
117.25,1,10:09:40.142290904
117.25,1,10:09:40.188811039
117.25,1,10:09:41.214263696
117.25,1,10:09:42.163494426
117.25,1,10:09:42.163583434
117.25,1,10:09:42.163603354
117.26,1,10:09:47.859776541
117.26,3,10:09:47.859776541
117.26,1,10:09:47.859936585
117.26,1,10:09:47.859950614
117.26,1,10:09:47.859966351
117.26,4,10:09:47.859966351
117.26,3,10:09:47.859979930
117.26,4,10:09:47.859979930
117.26,1,10:09:47.859995641
117.26,2,10:09:47.860010256
117.26,8,10:09:47.860026160
117.26,3,10:09:47.860306678
117.26,1,10:09:47.860817664
117.26,1,10:09:47.861718626
117.26,2,10:09:47.861745429
117.26,1,10:09:47.862068594
117.26,2,10:09:48.136789322
117.26,1,10:09:48.886625509
117.26,1,10:09:49.063017483
117.26,1,10:09:49.063215845
117.26,1,10:09:50.300275578
117.26,1,10:09:50.341740360
117.26,1,10:09:50.813702592
117.26,1,10:09:50.826203634
117.26,10,10:09:50.826379678
117.26,1,10:09:50.978978086
117.26,3,10:09:53.220081701
117.26,2,10:09:53.220735985
117.26,6,10:09:53.220765620
117.26,1,10:09:53.220783671
117.27,1,10:09:56.387992120
117.26,1,10:10:06.973692354
117.26,1,10:10:06.974630583
117.26,1,10:10:07.412438491
117.26,1,10:10:07.412528891
117.26,1,10:10:09.107929221
117.26,2,10:10:09.108008812
117.26,2,10:10:09.108145587
117.26,1,10:10:09.108145587
117.26,1,10:10:09.118783631
117.26,1,10:10:09.121817187
117.26,1,10:10:09.622021028
117.25,1,10:10:10.038207030
117.26,1,10:10:10.672125153
117.26,1,10:10:10.848443792
117.26,1,10:10:12.444140742
117.26,1,10:10:12.444238513
117.26,2,10:10:12.697774292
117.26,2,10:10:12.818127418
117.26,1,10:10:12.818204550
117.27,1,10:10:14.475741789
117.27,1,10:10:14.475884511
117.27,1,10:10:14.475905872
117.27,3,10:10:14.475905872
117.27,1,10:10:14.475924576
117.27,1,10:10:14.504572912
117.27,1,10:10:22.038022141
117.27,1,10:10:22.134667178
117.27,3,10:10:22.134972413
117.27,1,10:10:25.113653865
117.27,1,10:10:25.113749222
117.26,4,10:10:34.026446615
117.26,1,10:10:34.026446615
117.26,2,10:10:34.026826520
117.26,1,10:10:34.026940780
117.26,2,10:10:34.026940780
117.26,4,10:10:34.028070385
117.26,1,10:10:34.052673998
117.26,1,10:10:34.052915030
117.26,1,10:10:36.226443128
117.26,1,10:10:36.618014644
117.26,2,10:10:36.618014644
117.26,1,10:10:36.618085911
117.26,1,10:10:37.357122216
117.26,1,10:10:42.776587709
117.26,1,10:10:42.776669953
117.26,1,10:10:42.871410670
117.26,1,10:10:42.871497589
117.26,1,10:10:42.901371275
117.26,1,10:10:43.762163548
117.26,1,10:10:43.762880127
117.26,1,10:10:45.661215628
117.27,1,10:10:55.264500880
117.26,1,10:10:56.043856345
117.27,1,10:10:57.163835454
117.26,1,10:11:00.017773461
117.26,11,10:11:01.280729222
117.26,1,10:11:01.280729222
117.26,4,10:11:01.281174454
117.26,1,10:11:01.334988962
117.26,1,10:11:18.335547769
117.26,1,10:11:26.085680959
117.26,3,10:11:29.249465540
117.26,1,10:11:29.249465540
117.26,1,10:11:29.249552620
117.26,5,10:11:29.249616674
117.26,3,10:11:29.250013493
117.26,1,10:11:29.250310247
117.26,1,10:11:29.250462856
117.26,1,10:11:29.250490741
117.26,2,10:11:29.305015489
117.26,1,10:11:29.305359104
117.26,1,10:11:30.715670627
117.25,3,10:11:30.923811157
117.25,1,10:11:30.923825215
117.25,1,10:11:30.923840786
117.25,1,10:11:30.924487304
117.25,2,10:11:30.924487304
117.25,3,10:11:30.924487304
117.25,1,10:11:30.924995502
117.25,1,10:11:30.925043761
117.25,1,10:11:30.925057765
117.25,4,10:11:30.925071672
117.25,1,10:11:30.925514768
117.25,1,10:11:30.925528977
117.25,18,10:11:30.925544062
117.25,1,10:11:30.925561256
117.25,1,10:11:30.925580353
117.25,1,10:11:30.925595668
117.25,1,10:11:30.925614487
117.25,1,10:11:30.925895901
117.25,2,10:11:30.926437392
117.25,3,10:11:30.926437392
117.25,1,10:11:30.926584243
117.25,1,10:11:30.926816420
117.25,1,10:11:30.926907716
117.25,7,10:11:30.927251986
117.25,1,10:11:30.959381175
117.25,1,10:11:30.959480913
117.25,1,10:11:30.959749895
117.25,1,10:11:31.333339181
117.25,1,10:11:31.333646525
117.25,1,10:11:35.033884834
117.25,1,10:11:36.574511572
117.25,1,10:11:36.574543284
117.25,1,10:11:36.575095691
117.25,6,10:11:36.575477993
117.25,1,10:11:36.575477993
117.25,1,10:11:36.651606464
117.25,1,10:11:40.915094306
117.25,1,10:11:41.353734101
117.25,1,10:11:42.043801805
117.25,1,10:11:42.167461651
117.25,1,10:11:42.167806650
117.25,1,10:11:42.193978921
117.25,1,10:11:42.213279305
117.25,1,10:11:49.745364805
117.25,2,10:11:49.745434930
117.25,1,10:11:49.756233470
117.25,2,10:11:49.756607297
117.25,2,10:11:50.068496546
117.25,1,10:11:50.068602431
117.25,1,10:11:50.072942716
117.25,1,10:11:50.093563723
117.25,5,10:11:50.235369673
117.25,1,10:11:50.235369673
117.25,1,10:11:56.222229652
117.24,4,10:11:58.926484790
117.24,1,10:11:58.926972607
117.24,2,10:11:58.926972607
117.24,1,10:11:58.939779197
117.24,1,10:11:58.940661590
117.24,1,10:11:59.315381634
117.24,1,10:11:59.315482095
117.24,1,10:11:59.315510892
117.24,2,10:11:59.315510892
117.25,1,10:12:02.534283844
117.25,4,10:12:02.535117273
117.25,1,10:12:02.535117273
117.25,14,10:12:02.535132176
117.25,3,10:12:02.535132176
117.25,2,10:12:02.535147881
117.25,1,10:12:02.535147881
117.25,1,10:12:02.535163219
117.25,2,10:12:02.535163219
117.25,2,10:12:02.536253647
117.25,3,10:12:02.536253647
117.25,8,10:12:02.536253647
117.25,1,10:12:02.545948498
117.25,1,10:12:08.814472003
117.25,3,10:12:08.814472003
117.25,4,10:12:08.814554278
117.25,4,10:12:08.814570544
117.25,1,10:12:08.814570544
117.25,1,10:12:08.815267522
117.25,1,10:12:08.815361596
117.25,1,10:12:09.326745507
117.25,1,10:12:09.382002730
117.24,1,10:12:15.973300306
117.25,1,10:12:23.528733828
117.24,2,10:12:24.952790299
117.25,1,10:12:39.278386225
117.24,1,10:12:42.800768221
117.24,1,10:12:42.800786804
117.24,2,10:12:42.801210864
117.24,1,10:12:42.801239446
117.24,2,10:12:42.801367914
117.24,1,10:12:42.801367914
117.24,1,10:12:42.801479216
117.24,1,10:12:42.801497196
117.24,1,10:12:42.801699254
117.24,3,10:12:42.801699254
117.24,1,10:12:42.833568353
117.24,1,10:12:42.837938206
117.25,1,10:12:47.033600401
117.25,1,10:12:52.558163361
117.25,1,10:12:52.558732403
117.25,5,10:12:52.558863932
117.25,1,10:12:52.558863932
117.25,2,10:12:52.558906962
117.25,1,10:12:52.558906962
117.25,6,10:12:52.558932103
117.25,1,10:12:52.559280301
117.25,3,10:12:52.559280301
117.25,5,10:12:52.559459248
117.25,1,10:12:52.559613270
117.25,2,10:12:52.559636588
117.25,1,10:12:52.559636588
117.25,1,10:12:52.569540854
117.25,1,10:12:52.570189426
117.25,1,10:12:52.570312283
117.25,1,10:12:52.656574449
117.25,1,10:12:54.472863116
117.25,1,10:12:54.472956249
117.25,2,10:12:54.472972037
117.25,1,10:12:54.472972037
117.25,3,10:12:54.472972037
117.25,1,10:12:54.473339577
117.25,3,10:12:54.473339577
117.25,5,10:12:54.474428890
117.25,1,10:12:54.496886530
117.25,1,10:12:54.496993628
117.26,1,10:12:56.641075292
117.26,4,10:13:04.041051669
117.26,1,10:13:04.041080899
117.26,11,10:13:04.041080899
117.26,25,10:13:04.041094898
117.26,1,10:13:04.041452680
117.26,1,10:13:04.041599330
117.26,1,10:13:04.041614095
117.26,2,10:13:04.041773758
117.26,1,10:13:04.041787275
117.26,1,10:13:04.041801192
117.26,1,10:13:04.041817822
117.26,1,10:13:04.138402558
117.27,1,10:13:08.885388730
117.27,1,10:13:08.885500835
117.27,2,10:13:08.885923551
117.27,4,10:13:08.886013328
117.27,1,10:13:08.886030829
117.27,2,10:13:09.273246639
117.27,1,10:13:09.273246639
117.27,1,10:13:09.273338437
117.27,1,10:13:09.273355464
117.27,2,10:13:09.273355464
117.27,5,10:13:09.273355464
117.27,1,10:13:09.304184762
117.27,1,10:13:09.327229065
117.27,1,10:13:09.469391862
117.27,4,10:13:10.110238731
117.27,1,10:13:10.110238731
117.27,1,10:13:10.110308680
117.27,1,10:13:12.003871858
117.27,1,10:13:12.004080101
117.27,1,10:13:14.063828283
117.27,1,10:13:14.072226351
117.27,1,10:13:14.072322553
117.27,1,10:13:14.072516274
117.27,2,10:13:21.200591780
117.27,1,10:13:21.200591780
117.27,4,10:13:21.200591780
117.27,2,10:13:21.200613815
117.27,1,10:13:21.201102145
117.27,2,10:13:21.201102145
117.27,1,10:13:21.211179920
117.27,1,10:13:21.211782838
117.28,1,10:13:22.442834272
117.28,2,10:13:22.882719815
117.28,1,10:13:28.318118578
117.28,3,10:13:28.318118578
117.28,1,10:13:28.318216191
117.28,3,10:13:28.318234732
117.28,1,10:13:28.318234732
117.28,1,10:13:28.351919993
117.28,1,10:13:28.432602858
117.28,1,10:13:28.439549801
117.29,1,10:13:28.442535309
117.28,1,10:13:28.460607437
117.28,1,10:13:28.918711810
117.28,2,10:13:28.918711810
117.28,1,10:13:30.026977191
117.28,9,10:13:30.027143863
117.28,3,10:13:30.027381287
117.28,4,10:13:30.027473639
117.28,3,10:13:30.027575904
117.28,1,10:13:30.027575904
117.28,1,10:13:30.027652185
117.28,1,10:13:30.027756301
117.28,1,10:13:30.359884796
117.28,1,10:13:30.386511803
117.28,1,10:13:31.582459830
117.28,1,10:13:32.959021759
117.28,1,10:13:32.959110631
117.29,1,10:13:35.436992010
117.29,1,10:13:43.770172030
117.29,2,10:13:43.770317844
117.29,2,10:13:43.770332618
117.29,2,10:13:43.770353690
117.29,1,10:13:43.770761228
117.29,1,10:13:43.770776627
117.29,1,10:13:43.770798653
117.29,1,10:13:43.781412361
117.29,7,10:13:44.660384612
117.29,3,10:13:44.660799792
117.29,1,10:13:44.660799792
117.29,2,10:13:44.660946188
117.29,1,10:13:44.660946188
117.29,1,10:13:44.661033288
117.29,1,10:13:47.368002409
117.29,1,10:13:47.368384410
117.29,1,10:13:47.368736048
117.29,1,10:13:49.480973510
117.29,1,10:13:49.481342977
117.29,1,10:13:49.503661761
117.29,1,10:13:49.978532046
117.29,2,10:13:49.978621745
117.29,1,10:13:50.001139666
117.29,1,10:13:53.336457236
117.29,3,10:13:53.336540420
117.29,1,10:13:53.336562500
117.29,2,10:13:53.336562500
117.29,6,10:13:53.336562500
117.29,10,10:13:53.336562500
117.29,1,10:13:53.557451097
117.29,1,10:13:54.998209851
117.29,1,10:13:54.998506878
117.29,1,10:13:55.061652628
117.29,1,10:13:57.823737080
117.29,1,10:13:59.046564775
117.28,1,10:14:00.297912447
117.29,2,10:14:02.950170310
117.29,1,10:14:02.950330002
117.29,4,10:14:02.950367695
117.29,1,10:14:02.950367695
117.29,3,10:14:02.950367695
117.29,2,10:14:02.950367695
117.29,10,10:14:02.950367695
117.29,6,10:14:02.950367695
117.29,1,10:14:02.951276351
117.29,1,10:14:03.084438791
117.28,1,10:14:04.403366820
117.29,1,10:14:12.246931589
117.29,1,10:14:12.382093265
117.29,1,10:14:12.382352123
117.29,1,10:14:12.382446612
117.29,1,10:14:12.382464564
117.3,1,10:14:12.430420088
117.29,1,10:14:23.771514061
117.29,9,10:14:23.771614160
117.29,1,10:14:23.771638419
117.29,3,10:14:23.771638419
117.29,1,10:14:25.358295872
117.29,1,10:14:25.358381353
117.29,3,10:14:25.358381353
117.29,1,10:14:25.358396934
117.29,1,10:14:25.358509922
117.29,1,10:14:25.406376781
117.29,1,10:14:25.725378731
117.29,1,10:14:25.874729881
117.29,1,10:14:34.412006756
117.29,1,10:14:34.412091444
117.29,1,10:14:36.292744568
117.29,2,10:14:36.292744568
117.29,1,10:14:36.292835640
117.29,2,10:14:36.292857400
117.29,1,10:14:36.292857400
117.29,1,10:14:36.293240811
117.29,1,10:14:36.294092490
117.29,1,10:14:36.337729746
117.29,1,10:14:37.063172243
117.29,1,10:14:37.063250980
117.29,1,10:14:37.808177423
117.29,1,10:14:38.714468759
117.29,2,10:14:38.714468759
117.3,2,10:14:43.462803515
117.3,9,10:14:43.463243978
117.3,8,10:14:43.463243978
117.3,29,10:14:43.463383646
117.3,1,10:14:43.463722667
117.3,2,10:14:43.463825374
117.3,1,10:14:43.463842891
117.3,9,10:14:43.463842891
117.3,30,10:14:43.463857982
117.3,1,10:14:43.464031530
117.3,4,10:14:43.464226948
117.3,7,10:14:43.464226948
117.3,1,10:14:43.464244817
117.3,3,10:14:43.464244817
117.3,7,10:14:43.464398158
117.3,1,10:14:43.464412372
117.3,1,10:14:43.464430583
117.3,11,10:14:43.465340489
117.3,2,10:14:43.465752475
117.3,1,10:14:43.465862968
117.3,2,10:14:43.465878344
117.3,1,10:14:43.465878344
117.3,2,10:14:43.548581280
117.3,1,10:14:43.548693917
117.3,4,10:14:43.548693917
117.3,1,10:14:43.548713942
117.3,2,10:14:43.548713942
117.3,1,10:14:43.559260255
117.3,1,10:14:43.671751316
117.3,1,10:14:43.671947982
117.31,1,10:14:46.012487278
117.3,1,10:14:50.189181316
117.3,1,10:14:50.189278881
117.3,2,10:14:50.189293595
117.3,1,10:14:50.189293595
117.3,4,10:14:50.189311086
117.3,5,10:14:50.189311086
117.3,1,10:14:50.189813316
117.3,1,10:14:50.190156593
117.31,2,10:14:55.493678957
117.31,1,10:14:55.494037299
117.31,13,10:14:56.174466106
117.31,1,10:14:56.707480740
117.31,3,10:14:59.611339045
117.31,5,10:14:59.611867080
117.31,1,10:14:59.612002327
117.31,1,10:14:59.612025867
117.31,4,10:14:59.612044436
117.31,7,10:14:59.612044436
117.31,2,10:14:59.612196577
117.3,1,10:15:08.815142718
117.3,6,10:15:08.815142718
117.3,1,10:15:08.815308573
117.3,1,10:15:08.815334340
117.3,2,10:15:08.815334340
117.3,4,10:15:08.815334340
117.3,1,10:15:08.815353220
117.3,2,10:15:08.815353220
117.31,1,10:15:09.032496811
117.3,1,10:15:12.580497209
117.3,1,10:15:12.580585998
117.3,2,10:15:12.580948143
117.3,1,10:15:12.580948143
117.3,2,10:15:12.627702343
117.29,2,10:15:13.009652304
117.3,2,10:15:15.178613469
117.3,2,10:15:15.179094204
117.3,6,10:15:15.179528780
117.3,1,10:15:15.179553804
117.3,2,10:15:15.179553804
117.3,4,10:15:15.179553804
117.3,1,10:15:15.179577641
117.3,1,10:15:15.179998101
117.3,1,10:15:15.183363024
117.3,9,10:15:15.183453040
117.3,2,10:15:15.183453040
117.3,2,10:15:20.046730448
117.3,1,10:15:20.046757382
117.3,4,10:15:20.046757382
117.3,1,10:15:20.146511149
117.3,1,10:15:20.146628714
117.3,2,10:15:20.146646286
117.3,1,10:15:20.146646286
117.3,4,10:15:20.146667927
117.3,1,10:15:20.146667927
117.3,4,10:15:20.147043850
117.3,1,10:15:20.544101025
117.3,2,10:15:21.537080351
117.3,1,10:15:21.537096700
117.3,2,10:15:21.537187941
117.3,1,10:15:21.538122974
117.3,1,10:15:21.538328795
117.3,1,10:15:21.538723483
117.3,2,10:15:21.555249181
117.3,8,10:15:21.555818170
117.3,3,10:15:21.556628108
117.3,1,10:15:22.415809748
117.3,1,10:15:22.415824944
117.3,1,10:15:22.743845514
117.3,1,10:15:22.765375209
117.31,8,10:15:29.263520275
117.31,3,10:15:29.263838347
117.31,1,10:15:29.263937032
117.31,1,10:15:29.264142898
117.31,6,10:15:29.264142898
117.31,19,10:15:29.266763361
117.31,1,10:15:29.266844497
117.31,1,10:15:29.276641652
117.31,25,10:15:29.276641652
117.31,1,10:15:31.037670772
117.32,3,10:15:32.426678820
117.32,1,10:15:32.426678820
117.32,1,10:15:32.427145248
117.32,1,10:15:32.427380752
117.32,2,10:15:32.427380752
117.32,3,10:15:32.427394167
117.32,1,10:15:32.428441797
117.32,4,10:15:32.447369194
117.32,1,10:15:32.447388246
117.32,4,10:15:32.447388246
117.32,1,10:15:32.497352820
117.32,2,10:15:32.517446662
117.32,1,10:15:32.518137532
117.32,1,10:15:32.518294457
117.32,1,10:15:32.518315564
117.32,4,10:15:32.518315564
117.32,2,10:15:32.518338779
117.32,1,10:15:32.518338779
117.32,1,10:15:32.684855202
117.32,2,10:15:32.684922686
117.32,1,10:15:32.685822292
117.32,1,10:15:32.685902564
117.31,6,10:15:36.026348071
117.31,1,10:15:36.026492621
117.31,1,10:15:36.026506564
117.31,1,10:15:36.026520657
117.31,4,10:15:36.026520657
117.31,1,10:15:36.026534830
117.31,3,10:15:36.026534830
117.31,1,10:15:36.026550160
117.31,2,10:15:36.026550160
117.31,1,10:15:36.026566039
117.31,2,10:15:36.026566039
117.31,9,10:15:36.026582174
117.31,1,10:15:36.027179338
117.31,1,10:15:36.027412208
117.3,1,10:15:40.576802091
117.3,5,10:15:40.576899581
117.3,1,10:15:40.577142558
117.3,7,10:15:40.577163604
117.3,1,10:15:40.577163604
117.3,5,10:15:50.661014335
117.29,1,10:15:52.808538338
117.29,1,10:15:52.808642897
117.29,2,10:15:52.808657460
117.29,1,10:15:52.808657460
117.29,1,10:15:52.808686648
117.29,2,10:15:52.808686648
117.29,1,10:15:52.834543031
117.3,1,10:15:55.680814985
117.3,1,10:15:55.681227746
117.3,1,10:15:55.684923942
117.3,5,10:15:55.684923942
117.3,1,10:15:55.685068223
117.3,1,10:15:55.685083247
117.3,3,10:15:55.685083247
117.3,1,10:15:55.685107667
117.3,2,10:15:55.686866654
117.3,1,10:15:55.686866654
117.3,3,10:15:55.687422574
117.31,1,10:15:56.887279650
117.31,9,10:16:00.387833533
117.31,7,10:16:02.365273678
117.31,1,10:16:02.365607633
117.31,1,10:16:02.365717716
117.31,1,10:16:02.365797898
117.31,1,10:16:02.365832532
117.31,1,10:16:02.391603697
117.32,1,10:16:02.784895013
117.31,1,10:16:04.033584538
117.31,5,10:16:04.034118438
117.31,1,10:16:04.034208809
117.31,6,10:16:04.034233398
117.31,1,10:16:04.267288896
117.31,1,10:16:04.267510182
117.3,1,10:16:08.985486031
117.3,1,10:16:10.192879220
117.3,1,10:16:10.193105667
117.3,1,10:16:10.193173558
117.3,1,10:16:11.797887494
117.3,1,10:16:12.004294207
117.3,1,10:16:12.034433145
117.3,3,10:16:15.821913658
117.3,5,10:16:15.822031300
117.3,1,10:16:15.822031300
117.3,2,10:16:15.822031300
