price,volume,timestamp
109.5469,1,08:40:19.391764045
109.5469,1,08:40:19.391805371
109.5469,6,08:40:19.391898272
109.5469,3,08:40:19.391957672
109.5469,1,08:40:19.392481471
109.5469,1,08:40:19.393257572
109.5469,2,08:40:19.393375838
109.5469,3,08:40:19.393507575
109.5469,1,08:40:19.393673284
109.5469,16,08:40:19.393709354
109.5469,1,08:40:19.394077775
109.5469,3,08:40:19.394479392
109.5469,1,08:40:19.394530430
109.5469,1,08:40:19.394798846
109.5469,1,08:40:19.395287636
109.5469,1,08:40:19.395983423
109.5469,2,08:40:19.396005872
109.5469,1,08:40:19.396090430
109.5469,1,08:40:19.396130722
109.5469,1,08:40:19.396562846
109.5469,1,08:40:19.397353643
109.5469,7,08:40:19.397956768
109.5469,1,08:40:19.398268503
109.5469,1,08:40:19.398472872
109.5469,1,08:40:19.398700482
109.5469,1,08:40:19.398897056
109.5469,1,08:40:19.398987135
109.5469,1,08:40:19.402893988
109.5469,273,08:40:19.506508847
109.5469,4,08:40:19.517616937
109.5469,25,08:40:19.708065464
109.5313,800,08:40:19.889396271
109.5469,25,08:40:19.956143871
109.5469,25,08:40:20.165660211
109.5469,65,08:40:21.693690340
109.5469,10,08:40:21.992005605
109.5469,1,08:40:22.231193455
109.5469,1,08:40:23.532685673
109.5469,1,08:40:23.533096049
109.5469,23,08:40:23.539517494
109.5469,34,08:40:24.867596765
109.5469,19,08:40:24.868616074
109.5469,1,08:40:24.868645377
109.5469,11,08:40:24.868784584
109.5469,59,08:40:24.869053969
109.5469,1,08:40:24.869107054
109.5469,30,08:40:24.869306867
109.5469,1,08:40:24.869455208
109.5469,251,08:40:24.870441993
109.5469,6,08:40:24.870684885
109.5469,9,08:40:24.871341400
109.5469,20,08:40:25.651884077
109.5469,693,08:40:25.911891043
109.5469,2,08:40:25.916713037
109.5469,1,08:40:25.922298546
109.5469,25,08:40:26.414769529
109.5469,10,08:40:27.561957368
109.5313,5,08:40:27.695139483
109.5469,1,08:40:28.862716953
109.5469,1,08:40:30.146172254
109.5469,43,08:40:31.569311898
109.5469,50,08:40:31.667452191
109.5469,4,08:40:33.758996846
109.5469,1,08:40:33.770955756
109.5469,5,08:40:33.972927702
109.5469,55,08:40:34.154604905
109.5469,5,08:40:34.159778148
109.5469,7,08:40:34.160420782
109.5469,1,08:40:34.160509158
109.5469,57,08:40:34.160638076
109.5469,1,08:40:34.160664335
109.5469,19,08:40:34.160840384
109.5469,32,08:40:34.161056579
109.5469,70,08:40:34.161335805
109.5469,2,08:40:34.163372652
109.5469,23,08:40:34.163687299
109.5469,1,08:40:34.163746910
109.5469,1,08:40:34.163765591
109.5469,1,08:40:34.163786200
109.5469,4,08:40:34.163804837
109.5469,14,08:40:34.163845923
109.5469,8,08:40:34.164516404
109.5469,10,08:40:34.164988759
109.5469,18,08:40:34.166111223
109.5469,1,08:40:34.166552019
109.5469,2,08:40:34.166589364
109.5469,1,08:40:34.166611921
109.5469,1,08:40:34.166640641
109.5469,3,08:40:34.166690351
109.5469,1,08:40:34.167001405
109.5469,1,08:40:34.167088389
109.5469,1,08:40:34.167354704
109.5469,14,08:40:34.167472392
109.5469,1,08:40:34.167970566
109.5469,1,08:40:34.167987632
109.5469,80,08:40:34.168019815
109.5469,1,08:40:34.168056170
109.5469,1,08:40:34.168095611
109.5469,1,08:40:34.170124322
109.5469,1,08:40:34.170424486
109.5469,8,08:40:34.173043459
109.5469,5,08:40:34.324600083
109.5469,2,08:40:34.588813882
109.5469,10,08:40:35.160417388
109.5469,7,08:40:35.199431988
109.5469,1,08:40:35.378009793
109.5469,5,08:40:36.224064304
109.5469,4,08:40:36.819742157
109.5313,10,08:40:36.989251165
109.5469,4,08:40:36.992510579
109.5469,4,08:40:37.153645958
109.5313,828,08:40:37.168909694
109.5313,24,08:40:37.170934662
109.5313,102,08:40:37.173961238
109.5313,20,08:40:37.203186522
109.5313,20,08:40:37.204580627
109.5313,20,08:40:37.204700028
109.5313,4,08:40:37.204728863
109.5313,4,08:40:37.204767214
109.5313,4,08:40:37.205357155
109.5313,2,08:40:37.205408599
109.5313,40,08:40:37.205573671
109.5313,1,08:40:37.206609209
109.5313,1,08:40:37.206628090
109.5313,22,08:40:37.207892064
109.5313,21,08:40:37.207949060
109.5313,6,08:40:37.208304792
109.5313,1,08:40:37.209456425
109.5313,1,08:40:37.209691111
109.5313,6,08:40:37.227977746
109.5313,1,08:40:37.233067810
109.5313,518,08:40:37.316685229
109.5313,21,08:40:37.317662899
109.5313,8,08:40:37.818269145
109.5313,8,08:40:37.824286534
109.5313,1,08:40:37.825664644
109.5313,6,08:40:37.863468825
109.5156,2,08:40:39.006659182
109.5313,50,08:40:39.313100959
109.5313,39,08:40:39.800397108
109.5156,20,08:40:40.792775851
109.5156,20,08:40:40.795305572
109.5156,20,08:40:40.798819740
109.5156,1,08:40:40.799761423
109.5156,20,08:40:40.800465952
109.5156,1,08:40:40.800942391
109.5156,20,08:40:40.801298689
109.5156,1,08:40:40.801634926
109.5156,419,08:40:40.802241287
109.5156,7,08:40:40.803312586
109.5156,40,08:40:40.803411246
109.5156,1,08:40:40.803514551
109.5156,1,08:40:40.803556046
109.5156,11,08:40:40.803762082
109.5156,114,08:40:40.803837844
109.5156,1,08:40:40.803866680
109.5156,1,08:40:40.803893849
109.5156,1,08:40:40.803941667
109.5156,50,08:40:40.804012958
109.5156,55,08:40:40.804153115
109.5156,24,08:40:40.804232649
109.5156,3,08:40:40.804274077
109.5156,4,08:40:40.804379045
109.5156,1,08:40:40.804399328
109.5156,14,08:40:40.804499339
109.5156,2,08:40:40.804522859
109.5156,2,08:40:40.804555755
109.5156,1,08:40:40.804601021
109.5156,2,08:40:40.804638270
109.5156,1,08:40:40.804661522
109.5156,3,08:40:40.804765155
109.5156,1,08:40:40.804787565
109.5156,12,08:40:40.804819713
109.5156,2,08:40:40.805121019
109.5156,20,08:40:40.805325496
109.5156,2,08:40:40.805405457
109.5156,2,08:40:40.805434488
109.5156,2,08:40:40.805478174
109.5156,2,08:40:40.805543690
109.5156,72,08:40:40.805624795
109.5156,4,08:40:40.805678489
109.5156,1,08:40:40.805809237
109.5156,40,08:40:40.805909358
109.5156,1,08:40:40.806006454
109.5156,90,08:40:40.806083601
109.5156,11,08:40:40.806162854
109.5156,1,08:40:40.808265969
109.5156,26,08:40:40.809167593
109.5156,1,08:40:40.809246698
109.5156,23,08:40:40.809561483
109.5156,1,08:40:40.809583227
109.5156,30,08:40:40.809659216
109.5156,41,08:40:40.809734638
109.5156,1,08:40:40.809814227
109.5156,1,08:40:40.810032289
109.5156,2,08:40:40.810056094
109.5156,6,08:40:40.810081580
109.5156,4,08:40:40.810727685
109.5156,1,08:40:40.811283454
109.5156,81,08:40:40.811647816
109.5156,1,08:40:40.812251335
109.5156,8,08:40:40.812270600
109.5156,3,08:40:40.812293484
109.5156,1,08:40:40.812319836
109.5156,9,08:40:40.812338541
109.5156,5,08:40:40.812372490
109.5156,4,08:40:40.812396465
109.5156,1,08:40:40.812421790
109.5156,30,08:40:40.812467762
109.5156,1,08:40:40.813213262
109.5156,1,08:40:40.814402377
109.5156,1,08:40:40.814491854
109.5156,1,08:40:40.814553654
109.5156,1,08:40:40.814576566
109.5156,1,08:40:40.814623284
109.5156,3,08:40:40.814646280
109.5156,2,08:40:40.814724093
109.5156,1,08:40:40.814751271
109.5156,1,08:40:40.814784852
109.5156,2,08:40:40.814820271
109.5156,2,08:40:40.814848903
109.5156,1,08:40:40.814903084
109.5156,1,08:40:40.815039577
109.5156,1,08:40:40.815058035
109.5156,3,08:40:40.815079031
109.5156,1,08:40:40.815190806
109.5156,2,08:40:40.815270430
109.5156,7,08:40:40.815343753
109.5156,3,08:40:40.815367859
109.5156,8,08:40:40.815763797
109.5156,1,08:40:40.815808760
109.5156,1,08:40:40.815834296
109.5156,2,08:40:40.815928082
109.5156,159,08:40:40.817397398
109.5156,1,08:40:40.817416169
109.5156,1,08:40:40.817439859
109.5156,1,08:40:40.817467815
109.5156,74,08:40:40.817534316
109.5156,1,08:40:40.817603453
109.5156,23,08:40:40.819493535
109.5156,17,08:40:40.819569527
109.5156,1,08:40:40.820216239
109.5156,72,08:40:40.820610000
109.5156,57,08:40:40.822084452
109.5156,1,08:40:40.822110081
109.5156,1,08:40:40.822243345
109.5156,1,08:40:40.822431026
109.5156,3,08:40:40.822590667
109.5156,30,08:40:40.822642921
109.5156,23,08:40:40.823774057
109.5156,1,08:40:40.823939735
109.5156,17,08:40:40.823965975
109.5156,17,08:40:40.824078367
109.5156,2,08:40:40.824256726
109.5156,4,08:40:40.824946491
109.5156,16,08:40:40.824987573
109.5156,6,08:40:40.825105192
109.5156,7,08:40:40.825175243
109.5156,2,08:40:40.825211545
109.5156,14,08:40:40.826067630
109.5156,1,08:40:40.826445459
109.5156,1,08:40:40.827547590
109.5156,1,08:40:40.827578422
109.5156,1,08:40:40.828134533
109.5156,1,08:40:40.828183321
109.5156,3,08:40:40.828239152
109.5156,1,08:40:40.829150227
109.5156,1,08:40:40.829303990
109.5156,1,08:40:40.829634960
109.5156,1,08:40:40.829881249
109.5156,2,08:40:40.829953971
109.5156,2,08:40:40.830093379
109.5156,1,08:40:40.830518824
109.5156,1,08:40:40.832344042
109.5156,1,08:40:40.832377057
109.5156,1,08:40:40.832411106
109.5156,1,08:40:40.832603906
109.5156,1,08:40:40.832896120
109.5156,1,08:40:40.834165234
109.5156,11,08:40:40.895307354
109.5,2,08:40:41.360257166
109.5,5,08:40:41.360273330
109.5156,2,08:40:42.959058892
109.5156,50,08:40:42.960007372
109.5156,1,08:40:42.960549354
109.5156,82,08:40:42.960668128
109.5156,50,08:40:42.960808937
109.5156,30,08:40:42.960985084
109.5156,1,08:40:42.961016809
109.5156,158,08:40:42.961185927
109.5156,1,08:40:42.962060142
109.5156,1,08:40:42.963382191
109.5156,1,08:40:42.963406570
109.5156,1,08:40:42.963529670
109.5156,84,08:40:42.965098300
109.5156,1,08:40:42.965609847
109.5156,76,08:40:42.965871509
109.5156,1,08:40:42.966014386
109.5156,6,08:40:42.966078410
109.5156,2,08:40:42.966371059
109.5156,1,08:40:42.966421025
109.5156,4,08:40:42.966489250
109.5156,6,08:40:42.966512747
109.5156,59,08:40:42.966544601
109.5156,9,08:40:42.968445366
109.5156,12,08:40:42.982944040
109.5156,1,08:40:42.983136146
109.5156,336,08:40:43.028508191
109.5156,1,08:40:43.032800268
109.5156,1,08:40:43.247208965
109.5156,1,08:40:43.248115165
109.5156,16,08:40:44.030352757
109.5156,42,08:40:44.167806792
109.5156,1,08:40:44.168617932
109.5156,690,08:40:46.367208534
109.5156,1,08:40:46.368735784
109.5156,1,08:40:46.369020854
109.5156,1,08:40:46.371349941
109.5156,2,08:40:46.374372790
109.5156,56,08:40:47.345821543
109.5156,7,08:40:47.346258533
109.5156,11,08:40:47.346305223
109.5156,1,08:40:47.346459383
109.5156,1,08:40:47.347020815
109.5156,4,08:40:47.426431104
109.5156,11,08:40:47.763950533
109.5156,9,08:40:47.764003220
109.5156,1,08:40:47.764070941
109.5156,1,08:40:47.764592651
109.5156,4,08:40:47.764624392
109.5156,7,08:40:47.764657983
109.5156,10,08:40:47.764696864
109.5156,1,08:40:47.764774335
109.5156,20,08:40:47.764858183
109.5156,1,08:40:47.765121430
109.5156,1,08:40:47.765215503
109.5156,369,08:40:48.014671228
109.5156,1,08:40:48.022084532
109.5156,9,08:40:50.076054013
109.5156,1,08:40:50.896975012
109.5156,50,08:40:51.126141882
109.5156,3,08:40:51.833836408
109.5,1,08:40:52.902901833
109.5156,1,08:40:53.124431055
109.5,5,08:40:53.321299582
109.5,100,08:40:54.807147464
109.5,1841,08:40:55.053364419
109.5,1,08:40:55.054401374
109.5,1,08:40:55.056667877
109.5,19,08:40:55.056724941
109.5,2,08:40:55.057330940
109.5,90,08:40:55.057370723
109.5,80,08:40:55.057392861
109.5,20,08:40:55.057414478
109.5,1,08:40:55.057438888
109.5,1,08:40:55.057567326
109.5,57,08:40:55.057611832
109.5,20,08:40:55.057657135
109.5,62,08:40:55.057827868
109.5,107,08:40:55.057998742
109.5,97,08:40:55.058211364
109.5,1,08:40:55.058253125
109.5,1,08:40:55.062535403
109.5,1,08:40:55.062579769
109.5,1,08:40:55.062748975
109.5,2,08:40:55.063448891
109.5,25,08:40:55.064076749
109.5,30,08:40:55.064100286
109.5,51,08:40:55.064137286
109.5,26,08:40:55.064527693
109.5,1,08:40:55.065038040
109.5,4,08:40:55.065551003
109.5,8,08:40:55.065582431
109.5,51,08:40:55.065624247
109.5,18,08:40:55.069490625
109.5,27,08:40:55.069532530
109.5,27,08:40:55.069552384
109.5,1,08:40:55.071043985
109.5,1,08:40:55.072491166
109.5,28,08:40:55.148808321
109.5,24,08:40:55.149216649
109.5,25,08:40:56.137672416
109.5,16,08:40:57.666535720
109.5,8,08:40:57.667054594
109.5,1,08:40:57.669453142
109.5,1,08:40:57.669578908
109.5,1,08:40:57.670087440
109.5,143,08:40:57.672876680
109.5,6,08:40:57.674263499
109.5,1,08:40:57.674296363
109.5,183,08:40:57.674569799
109.5,1,08:40:57.675522320
109.5,1,08:40:57.675541744
109.5,7,08:40:57.675778521
109.5,1,08:40:57.675813511
109.5,1,08:40:57.675831767
109.5,1,08:40:57.675861281
109.5,17,08:40:57.675883006
109.5,2,08:40:57.677067344
109.5,1,08:40:57.677655017
109.5,16,08:40:57.677961695
109.5,1,08:40:57.678018992
109.5,1,08:40:57.678043229
109.5,1,08:40:57.678066833
109.5,3,08:40:57.678464764
109.5,1,08:40:57.678488256
109.5,1,08:40:57.679456535
109.5,10,08:40:57.680133540
109.5,1,08:40:57.680547024
109.5,65,08:40:57.681310560
109.5,1,08:40:57.681795075
109.5,1,08:40:57.681940754
109.5,1,08:40:57.681962019
109.5,1,08:40:57.682691384
109.5,1,08:40:57.682970689
109.5,1,08:40:57.691503405
109.5,1,08:40:57.927999681
109.5,194,08:40:58.005478368
109.5,47,08:40:58.005865711
109.5,57,08:40:58.006262967
109.5,22,08:40:58.007519357
109.5,5,08:40:58.011556274
109.5,1,08:40:58.011588576
109.5,49,08:40:58.014906895
109.5,1,08:40:58.047636744
109.5,7,08:40:58.121023167
109.5,417,08:40:58.122421727
109.5,2,08:40:58.340294282
109.5,10,08:40:58.380468940
109.5,24,08:40:59.015739779
109.5,10,08:41:02.036828022
109.5156,21,08:41:02.620246910
109.5,1,08:41:02.893799068
109.5,1,08:41:03.873674951
109.5,1,08:41:04.158347885
109.5,6,08:41:04.160343456
109.5,1,08:41:04.161137465
109.5,1,08:41:04.163223427
109.5,1,08:41:04.164048660
109.5,9,08:41:04.164908465
109.5,12,08:41:04.164998155
109.5,1,08:41:04.165106499
109.5,42,08:41:04.166440500
109.5,1,08:41:04.167016192
109.5,1,08:41:04.167059264
109.5,2,08:41:04.167104930
109.5,1,08:41:04.167212214
109.5,1,08:41:04.167334365
109.5,1,08:41:04.168865672
109.5,1,08:41:04.168882812
109.5,1,08:41:04.169230064
109.5,50,08:41:04.175804244
109.5,1,08:41:04.175915847
109.5,1,08:41:04.176270660
109.5,1,08:41:04.176420497
109.5,9,08:41:04.176901108
109.5,1,08:41:04.178221301
109.5,100,08:41:04.662023404
109.5,1,08:41:04.662120635
109.5,1,08:41:04.662696385
109.5,1,08:41:04.663411183
109.5,1,08:41:04.708652806
109.5,1,08:41:04.722739427
109.5,108,08:41:04.917785011
109.5,1,08:41:04.920659036
109.5,10,08:41:05.057296718
109.5,1,08:41:05.072166795
109.5,1,08:41:05.072741430
109.5,1,08:41:05.072996760
109.5,1,08:41:05.073072797
109.5,3,08:41:05.073104109
109.5,1,08:41:05.073152686
109.5,14,08:41:05.073289518
109.5,40,08:41:05.073503039
109.5,10,08:41:05.073660885
109.5,41,08:41:05.073776333
109.5,1,08:41:05.073813569
109.5,1,08:41:05.074484928
109.5,1,08:41:05.074884625
109.5,68,08:41:05.074919490
109.5,1,08:41:05.075020666
109.5,28,08:41:05.075074639
109.5,1,08:41:05.075107356
109.5,2,08:41:05.075367989
109.5,28,08:41:05.077079918
109.5,1,08:41:05.078187639
109.5,36,08:41:05.078319066
109.5,6,08:41:05.079050184
109.5,1,08:41:05.079255433
109.5,1,08:41:05.079659771
109.5,1,08:41:05.103359625
109.5,48,08:41:05.103717040
109.5,1,08:41:05.103975113
109.5,10,08:41:05.204913674
109.5,40,08:41:05.205334150
109.5,1,08:41:05.205654585
109.5,1,08:41:06.390599946
109.5,4,08:41:09.029409759
109.5,50,08:41:09.787610638
109.5,4,08:41:10.668034920
109.5,4,08:41:10.668614746
109.5,40,08:41:10.669668745
109.5,4,08:41:10.670282325
109.5,82,08:41:10.671227461
109.5,2,08:41:10.671797748
109.5,50,08:41:10.671973409
109.5,16,08:41:10.674179360
109.5,1,08:41:10.916467282
109.5,1,08:41:10.916614447
109.5,52,08:41:10.917100520
109.5,17,08:41:10.919040902
109.5,23,08:41:10.919069136
109.5,4,08:41:10.919152081
109.5,1,08:41:10.919328850
109.5,1,08:41:10.919348815
109.5,1,08:41:10.919369782
109.5,1,08:41:10.919394381
109.5,1,08:41:10.919411757
109.5,1,08:41:10.919435195
109.5,1,08:41:10.919453809
109.5,1,08:41:10.919474175
109.5,1,08:41:10.919496585
109.5,1,08:41:10.919520408
109.5,1,08:41:10.919538732
109.5,1,08:41:10.919561135
109.5,1,08:41:10.919583277
109.5,1,08:41:10.919609280
109.5,1,08:41:10.919631653
109.5,1,08:41:10.919649228
109.5,1,08:41:10.919671007
109.5,1,08:41:10.919693517
109.5,1,08:41:10.919722832
109.5,1,08:41:10.919735409
109.5,1,08:41:10.919758820
109.5,1,08:41:10.919778699
109.5,1,08:41:10.919832332
109.5,1,08:41:10.919880564
109.5,1,08:41:10.921331991
109.5,1,08:41:10.921953012
109.5,12,08:41:10.922182149
109.5,1,08:41:10.922267581
109.5,3,08:41:10.922327141
109.5,31,08:41:10.922948180
109.5,6,08:41:10.922970693
109.5,1,08:41:10.923328800
109.5,1,08:41:10.925221077
109.5,2,08:41:10.925657874
109.5,1,08:41:10.925692076
109.5,1,08:41:10.925738768
109.5,23,08:41:10.926436168
109.5,5,08:41:10.927470188
109.5,7,08:41:10.927821089
109.5,1,08:41:10.928068310
109.5,1,08:41:10.928999634
109.5,1,08:41:10.929041734
109.5,1,08:41:10.929200563
109.5,1,08:41:10.929617825
109.5,1,08:41:10.929931051
109.5,1,08:41:10.930022215
109.5,1,08:41:11.017972753
109.5,11,08:41:11.018033666
109.5,2,08:41:11.018091191
109.5,1,08:41:11.018394503
109.5,19,08:41:11.018983049
109.5,20,08:41:11.019528138
109.5,4,08:41:11.019843824
109.5,6,08:41:11.019992570
109.5,1,08:41:11.020268905
109.5,1,08:41:11.020313245
109.5,1,08:41:11.020363413
109.5,23,08:41:11.020659524
109.5,1,08:41:11.020786138
109.5,2,08:41:11.021142558
109.5,1,08:41:11.021764558
109.5,5,08:41:11.021814434
109.5,2,08:41:11.022120334
109.5,1,08:41:11.022698298
109.5,5,08:41:11.022770457
109.5,1,08:41:11.024260147
109.5,1,08:41:11.024354623
109.4844,364,08:41:11.039557803
109.5,136,08:41:11.039557803
109.5,1,08:41:11.041939736
109.5,1,08:41:11.042221265
109.5,1,08:41:11.042434671
109.5,1,08:41:11.042686823
109.5,1,08:41:11.747581156
109.5,17,08:41:11.803721043
109.5,16,08:41:11.804156834
109.5,1,08:41:11.804899557
109.5,14,08:41:11.805049374
109.5,121,08:41:11.805076574
109.5,7,08:41:11.805318387
109.5,1,08:41:11.805448620
109.5,2,08:41:11.805863826
109.5,1,08:41:11.806268035
109.5,1,08:41:11.807024592
109.5,102,08:41:11.807125006
109.5,2,08:41:11.807172665
109.5,1,08:41:11.807195529
109.5,1,08:41:11.807221453
109.5,48,08:41:11.807246529
109.5,1,08:41:11.807349465
109.5,26,08:41:11.807455423
109.5,2,08:41:11.809100896
109.5,1,08:41:11.809143361
109.5,1,08:41:11.809626746
109.5,250,08:41:11.949289323
109.5,1,08:41:11.950177258
109.5,1,08:41:11.950330733
109.5,5,08:41:11.950410578
109.5,48,08:41:11.950438239
109.5,1,08:41:11.950477114
109.5,1,08:41:11.950524603
109.5,1,08:41:11.950547784
109.5,1,08:41:11.950570293
109.5,1,08:41:11.950599216
109.5,1,08:41:11.950617904
109.5,1,08:41:11.950635914
109.5,1,08:41:11.950680792
109.5,1,08:41:11.950716571
109.5,1,08:41:11.950805892
109.5,1,08:41:11.950853739
109.5,1,08:41:11.950903174
109.5,1,08:41:11.950949031
109.5,1,08:41:11.950977636
109.5,1,08:41:11.951042184
109.5,1,08:41:11.951073186
109.5,1,08:41:11.951129634
109.5,1,08:41:11.951182756
109.5,28,08:41:11.951243359
109.5,1,08:41:11.951304187
109.5,10,08:41:12.103624290
109.5,1,08:41:12.475210272
109.5,789,08:41:12.939140070
109.5,3,08:41:12.944589962
109.5,64,08:41:12.948384135
109.5,76,08:41:13.725531530
109.5,6,08:41:13.727713690
109.5,1,08:41:13.728041280
109.5,1,08:41:13.729710475
109.5,62,08:41:13.729817104
109.5,1,08:41:13.730099648
109.5,11,08:41:13.730121853
109.5,1,08:41:13.730159889
109.5,2,08:41:13.731923269
109.5,16,08:41:13.749627688
109.5,4,08:41:13.749705327
109.5,139,08:41:13.750138728
109.5,47,08:41:13.750421885
109.5,1,08:41:13.751511376
109.5,2,08:41:13.751529786
109.5,16,08:41:13.751696487
109.5,22,08:41:13.753749705
109.5,3,08:41:13.754723216
109.5,25,08:41:13.756067160
109.5,10,08:41:13.756846235
109.5,1,08:41:13.757597908
109.5,1,08:41:13.758184838
109.5,1,08:41:13.758528858
109.5,12,08:41:13.758609237
109.5,11,08:41:13.758746389
109.5,12,08:41:13.758793746
109.5,1,08:41:13.759703762
109.5,1,08:41:13.760486431
109.5,1,08:41:13.760893805
109.5,1,08:41:13.761033920
109.5,1,08:41:13.761086183
109.5,1,08:41:13.761294328
109.5,10,08:41:13.766282896
109.5,1,08:41:14.729297614
109.5,100,08:41:15.220868911
109.5,1,08:41:15.224360876
109.4844,150,08:41:15.582225877
109.5,1,08:41:16.567219471
109.5,1,08:41:16.567608560
109.5,4,08:41:16.567628944
109.5,4,08:41:16.567648132
109.5,1,08:41:17.381601447
109.5,1,08:41:17.698055292
109.4844,245,08:41:17.723785738
109.4844,1,08:41:18.032934725
109.5,17,08:41:19.507615289
109.5,47,08:41:19.508105523
109.5,352,08:41:19.508571358
109.5,138,08:41:19.509666541
109.5,1,08:41:19.512692481
109.5156,1,08:41:19.822601731
109.5,35,08:41:21.572024523
109.5156,1,08:41:21.864792865
109.5156,1,08:41:22.289171796
109.5,2,08:41:23.243227981
109.5156,200,08:41:24.282511519
109.5,50,08:41:25.216955909
109.5,50,08:41:26.078586106
109.5156,1,08:41:27.197326729
109.5156,1,08:41:28.178073942
109.5156,200,08:41:30.342843442
109.5,5,08:41:30.438145819
109.5156,100,08:41:30.978724912
109.5156,1,08:41:31.255468249
109.5156,1,08:41:32.008692556
109.5156,1,08:41:32.009466338
109.5156,40,08:41:32.009861124
109.5156,19,08:41:32.009978405
109.5156,1,08:41:32.012714349
109.5156,1,08:41:32.012920609
109.5156,178,08:41:32.012946558
109.5156,1,08:41:32.013293625
109.5156,83,08:41:32.013329085
109.5156,5,08:41:32.013404942
109.5156,5,08:41:32.013427522
109.5156,1,08:41:32.013513367
109.5156,2,08:41:32.013557659
109.5156,3,08:41:32.013577010
109.5156,1,08:41:32.013597481
109.5156,12,08:41:32.013662784
109.5156,96,08:41:32.013836826
109.5156,1,08:41:32.013861096
109.5156,19,08:41:32.013887007
109.5156,1,08:41:32.014051343
109.5156,1,08:41:32.014109011
109.5156,654,08:41:32.014180494
109.5156,2,08:41:32.018715680
109.5156,2,08:41:32.019979280
109.5156,101,08:41:32.025928635
109.5156,103,08:41:32.037308963
109.5156,1,08:41:32.037630983
109.5156,1,08:41:32.037695477
109.5156,5,08:41:32.038430660
109.5156,247,08:41:32.042611976
109.5156,1,08:41:32.042715313
109.5156,1,08:41:32.042795872
109.5156,8,08:41:32.042843632
109.5156,25,08:41:32.042923678
109.5156,1,08:41:32.042998029
109.5156,1,08:41:32.043076610
109.5156,1,08:41:32.043102681
109.5156,1,08:41:32.043135209
109.5156,1,08:41:32.043171143
109.5156,1,08:41:32.043197070
109.5156,1,08:41:32.043223707
109.5156,1,08:41:32.043284771
109.5156,24,08:41:32.044201509
109.5156,2,08:41:32.044253037
109.5156,1,08:41:32.044900980
109.5156,8,08:41:32.045937273
109.5156,21,08:41:32.103878563
109.5156,25,08:41:32.103950916
109.5156,1,08:41:32.104261665
109.5156,1,08:41:32.122851452
109.5156,100,08:41:32.248624463
109.5156,3,08:41:32.345628184
109.5156,3,08:41:32.346289007
109.5156,150,08:41:32.734057881
109.5156,8,08:41:33.005336658
109.5156,1,08:41:33.005378646
109.5156,184,08:41:33.005837570
109.5156,1,08:41:33.006185462
109.5156,1,08:41:33.006219645
109.5156,1,08:41:33.006313145
109.5156,1,08:41:33.006329887
109.5156,1,08:41:33.006365084
109.5156,6,08:41:33.006524668
109.5156,5,08:41:33.008303546
109.5156,5,08:41:33.008626820
109.5156,82,08:41:33.027225732
109.5156,54,08:41:34.048760536
109.5156,50,08:41:34.783401798
109.5313,29,08:41:35.035977338
109.5313,1,08:41:36.531394905
109.5156,830,08:41:36.594168764
109.5156,1,08:41:36.595881697
109.5156,2,08:41:36.596146326
109.5156,1,08:41:36.596177860
109.5156,2,08:41:36.596250917
109.5156,58,08:41:36.601776750
109.5156,16,08:41:36.602295446
109.5156,16,08:41:36.603503992
109.5156,1,08:41:36.605598741
109.5156,91,08:41:36.605735672
109.5156,45,08:41:36.605770213
109.5156,1,08:41:36.607337119
109.5156,5,08:41:36.607362051
109.5156,1,08:41:36.607381264
109.5156,1,08:41:36.607401053
109.5156,1,08:41:36.607420391
109.5156,1,08:41:36.607444749
109.5156,1,08:41:36.607464350
109.5156,1,08:41:36.607482802
109.5156,1,08:41:36.607500152
109.5156,1,08:41:36.607522457
109.5156,1,08:41:36.607540227
109.5156,1,08:41:36.607562032
109.5156,1,08:41:36.607580503
109.5156,1,08:41:36.607598874
109.5156,1,08:41:36.607619345
109.5156,1,08:41:36.607638936
109.5156,1,08:41:36.607663336
109.5156,1,08:41:36.607678249
109.5156,1,08:41:36.607703007
109.5156,1,08:41:36.607718819
109.5156,1,08:41:36.607745155
109.5156,1,08:41:36.607765994
109.5156,1,08:41:36.607782795
109.5156,5,08:41:36.607811567
109.5156,1,08:41:36.607851618
109.5156,1,08:41:36.607917777
109.5156,1,08:41:36.607976050
109.5156,1,08:41:36.608438655
109.5156,2,08:41:36.608525683
109.5156,2,08:41:36.608547722
109.5156,36,08:41:36.608600146
109.5156,30,08:41:36.608663616
109.5156,8,08:41:36.608756879
109.5156,4,08:41:36.608922482
109.5156,4,08:41:36.608947110
109.5156,40,08:41:36.608999789
109.5156,11,08:41:36.609170625
109.5156,9,08:41:36.609194120
109.5156,12,08:41:36.609233429
109.5156,6,08:41:36.609564380
109.5156,3,08:41:36.609976231
109.5156,1,08:41:36.610036620
109.5156,1,08:41:36.610267552
109.5156,1,08:41:36.610644628
109.5156,2,08:41:36.610660655
109.5156,1,08:41:36.610745190
109.5156,1,08:41:36.611244887
109.5156,1,08:41:36.612183409
109.5156,5,08:41:36.612209418
109.5156,5,08:41:36.613433225
109.5156,5,08:41:36.613957889
109.5313,1,08:41:37.044976284
109.5313,500,08:41:40.184796030
109.5313,45,08:41:40.186417021
109.5313,63,08:41:40.186590591
109.5313,1,08:41:40.186621094
109.5313,35,08:41:40.186752329
109.5313,1,08:41:40.186922194
109.5313,1,08:41:40.191797151
109.5313,5,08:41:40.192252843
109.5313,5,08:41:40.192698491
109.5313,2,08:41:40.216055228
109.5469,50,08:41:41.412687254
109.5469,1,08:41:41.950862439
109.5313,15,08:41:42.730655703
109.5313,4,08:41:43.225857055
109.5313,2,08:41:43.651025829
109.5469,1,08:41:44.880051494
109.5469,1,08:41:46.854230741
109.5313,1,08:41:47.997748586
109.5469,1,08:41:49.580980339
109.5469,200,08:41:50.069951235
109.5469,1,08:41:51.752014091
109.5469,25,08:41:51.863432744
109.5469,100,08:41:51.972815130
109.5469,10,08:41:52.834604413
109.5469,1,08:41:53.226941369
109.5469,33,08:41:53.276537709
109.5469,40,08:41:53.276661939
109.5469,30,08:41:53.277050229
109.5469,1,08:41:53.277359899
109.5469,1,08:41:53.277455909
109.5469,6,08:41:53.277473004
109.5469,1,08:41:53.277473004
109.5469,1,08:41:53.277483626
109.5469,1,08:41:53.277563874
109.5469,22,08:41:53.277665213
109.5469,1,08:41:53.277680501
109.5469,1,08:41:53.277768041
109.5469,1,08:41:53.277777913
109.5469,1,08:41:53.277795911
109.5469,1,08:41:53.277868901
109.5469,1,08:41:53.277883532
109.5469,1,08:41:53.277976999
109.5469,1,08:41:53.277986890
109.5469,1,08:41:53.277999461
109.5469,1,08:41:53.278074447
109.5469,1,08:41:53.278087578
109.5469,1,08:41:53.278098272
109.5469,1,08:41:53.278177234
109.5469,1,08:41:53.278190952
109.5469,1,08:41:53.278277684
109.5469,1,08:41:53.278290951
109.5469,3,08:41:53.278386063
109.5469,1,08:41:53.278386063
109.5469,1,08:41:53.278493103
109.5469,1,08:41:53.278776430
109.5469,3,08:41:53.278920638
109.5469,5,08:41:53.278980028
109.5469,1,08:41:53.279081354
109.5469,11,08:41:53.279180720
109.5469,17,08:41:53.279320889
109.5469,1,08:41:53.279426881
109.5469,3,08:41:53.279443362
109.5469,1,08:41:53.279457630
109.5469,1,08:41:53.279525427
109.5469,30,08:41:53.279628476
109.5469,1,08:41:53.279670582
109.5469,1,08:41:53.280126269
109.5469,5,08:41:53.280230030
109.5469,1,08:41:53.280573465
109.5469,5,08:41:53.280912457
109.5469,1,08:41:53.280957271
109.5469,1,08:41:53.281138580
109.5469,200,08:41:53.521555876
109.5469,1,08:41:53.521653082
109.5469,1,08:41:53.522230517
109.5469,19,08:41:53.522333332
109.5469,1,08:41:53.522346183
109.5469,92,08:41:53.522861557
109.5469,1,08:41:53.523088240
109.5469,1,08:41:53.523849804
109.5469,13,08:41:53.524992518
109.5469,1,08:41:53.525509194
109.5469,20,08:41:53.525524958
109.5469,20,08:41:53.525745957
109.5469,19,08:41:53.525778959
109.5469,1,08:41:53.526276026
109.5469,12,08:41:53.526562863
109.5469,21,08:41:53.526652046
109.5469,1,08:41:53.526910420
109.5469,1,08:41:53.526931015
109.5469,1,08:41:53.526991218
109.5469,1,08:41:53.527549719
109.5469,1,08:41:53.527701882
109.5469,4,08:41:53.529072003
109.5469,1,08:41:53.529103898
109.5469,1,08:41:53.530367863
109.5469,178,08:41:53.534305404
109.5469,6,08:41:53.547890962
109.5625,1,08:41:56.649469838
109.5625,1,08:41:56.649485006
109.5469,1,08:41:56.669071213
109.5625,1,08:41:56.670720994
109.5625,40,08:41:56.780588075
109.5625,150,08:41:56.858843282
109.5625,3,08:41:57.060013508
109.5469,1,08:41:57.071579652
109.5469,17,08:41:57.081329110
109.5469,1030,08:41:57.997802594
109.5469,2,08:41:58.002350894
109.5469,7,08:41:58.004695405
109.5469,5,08:41:58.005472973
109.5469,112,08:41:58.009340782
109.5469,1,08:41:58.013065536
109.5469,5,08:41:58.081084541
109.5469,4,08:41:58.250611333
109.5469,10,08:41:58.251255643
109.5469,4,08:41:58.251601916
109.5469,1,08:41:58.251925817
109.5469,1,08:41:58.252188904
109.5469,3,08:41:58.353032738
109.5469,10,08:41:58.553706863
109.5469,1,08:41:58.554068125
109.5469,33,08:41:58.554215780
109.5469,41,08:41:58.554397482
109.5469,1,08:41:58.554570449
109.5469,1,08:41:58.554617894
109.5469,30,08:41:58.554656525
109.5469,1,08:41:58.554739477
109.5469,29,08:41:58.554940239
109.5469,1,08:41:58.555034478
109.5469,9,08:41:58.556439908
109.5469,24,08:41:58.576576945
109.5469,4,08:41:59.022158990
109.5469,108,08:41:59.376107223
109.5469,20,08:41:59.440258614
109.5469,20,08:41:59.440527144
109.5469,1,08:41:59.440794151
109.5469,1,08:41:59.440829607
109.5469,1,08:41:59.440873506
109.5469,1,08:41:59.440903538
109.5469,1,08:41:59.440932717
109.5469,1,08:41:59.440999291
109.5469,1,08:41:59.441025753
109.5469,1,08:41:59.441052073
109.5469,1,08:41:59.441086295
109.5469,4,08:41:59.441206838
109.5469,35,08:41:59.442257560
109.5469,1,08:41:59.443130794
109.5469,10,08:41:59.443320580
109.5469,1,08:41:59.443401142
109.5469,3,08:41:59.443462349
109.5469,1,08:41:59.443677922
109.5469,1,08:41:59.444016788
109.5469,1,08:41:59.444053445
109.5469,50,08:41:59.698259949
109.5938,2,08:42:51.231326302
109.5938,21,08:42:51.232046170
109.5938,151,08:42:51.232443242
109.5938,30,08:42:51.232613404
109.5938,2,08:42:51.232735355
109.5938,2,08:42:51.232768908
109.5938,3,08:42:51.232849709
109.5938,1,08:42:51.232849709
109.5938,1,08:42:51.232968122
109.5938,2,08:42:51.233249477
109.5938,77,08:42:51.233464714
109.5938,1,08:42:51.236343320
109.5938,1,08:42:51.238037088
109.5938,6,08:42:51.238625650
109.5938,40,08:42:51.238712315
109.5938,31,08:42:51.238834983
109.5938,7,08:42:51.238906789
109.5938,2,08:42:51.239585638
109.5938,3,08:42:51.239935780
109.5938,20,08:42:51.265749774
109.5938,49,08:42:51.266250891
109.5938,1,08:42:51.266336531
109.5938,92,08:42:51.266412529
109.5938,64,08:42:51.266606472
109.5938,25,08:42:51.266707377
109.5938,1,08:42:51.266867726
109.5938,1,08:42:51.267135152
109.5938,1,08:42:51.267175828
109.5938,20,08:42:51.267379451
109.5938,20,08:42:51.268856264
109.5938,29,08:42:51.270461718
109.5938,1,08:42:51.270620903
109.5938,1,08:42:51.270650199
109.5938,1,08:42:51.270732790
109.5938,1,08:42:51.270770473
109.5938,27,08:42:51.270829828
109.5938,25,08:42:51.270961147
109.5938,2,08:42:51.273689579
109.5938,2,08:42:51.273745375
109.5938,4,08:42:51.273861125
109.5938,4,08:42:51.273975341
109.5938,16,08:42:51.274055744
109.5938,6,08:42:51.274130058
109.5938,1,08:42:51.274161061
109.5938,13,08:42:51.274196120
109.5938,40,08:42:51.274380789
109.5938,1,08:42:51.290129355
109.5938,19,08:42:51.290192028
109.5938,1,08:42:51.290396004
109.5938,2,08:42:51.303030026
109.5938,3,08:42:51.303075047
109.5938,1,08:42:51.568376432
109.5938,416,08:42:52.453064078
109.5938,1,08:42:52.453770683
109.5938,1,08:42:52.453885387
109.5938,1,08:42:52.453991271
109.5938,15,08:42:52.454053214
109.5938,1,08:42:52.454091388
109.5938,1,08:42:52.454283967
109.5938,1,08:42:52.454340189
109.5938,1,08:42:52.454415522
109.5938,1,08:42:52.454451993
109.5938,1,08:42:52.454536151
109.5938,1,08:42:52.454558148
109.5938,1,08:42:52.454585259
109.5938,1,08:42:52.454607938
109.5938,1,08:42:52.454668855
109.5938,1,08:42:52.454685313
109.5938,1,08:42:52.454711839
109.5938,1,08:42:52.454728748
109.5938,1,08:42:52.454763596
109.5938,1,08:42:52.454797642
109.5938,1,08:42:52.454818311
109.5938,1,08:42:52.454838741
109.5938,2,08:42:52.454911987
109.5938,2,08:42:52.455212505
109.5938,2,08:42:52.455495873
109.5938,18,08:42:52.456284376
109.5938,1,08:42:52.457089497
109.5938,12,08:42:52.457594140
109.5938,3,08:42:52.458198040
109.5938,1,08:42:52.458220806
109.5938,1,08:42:52.458240179
109.5938,1,08:42:52.458636651
109.5938,3,08:42:52.458898938
109.5938,1,08:42:52.459192642
109.5938,1,08:42:52.459248806
109.5938,1,08:42:52.459432737
109.5938,1,08:42:52.461272368
109.5938,1,08:42:52.497586902
109.5938,1,08:42:52.497640615
109.5938,2,08:42:53.468503879
109.5938,150,08:42:54.457825880
109.5938,1,08:42:54.458298460
109.5938,1,08:42:55.269536993
109.5781,200,08:42:55.895131903
109.5938,15,08:42:56.684838144
109.5938,3,08:42:57.604507638
109.5938,25,08:42:59.776296732
109.5938,1,08:42:59.887094059
109.5938,1,08:43:00.156541078
109.5938,100,08:43:00.567038519
109.5938,1,08:43:00.567539348
109.5938,394,08:43:00.707530793
109.5938,25,08:43:00.711010584
109.5938,1,08:43:00.713600019
109.5938,7,08:43:00.718759375
109.5938,117,08:43:00.719286863
109.5938,1,08:43:00.719543650
109.5938,1,08:43:00.719607381
109.5938,14,08:43:00.719669752
109.5938,1,08:43:00.719703003
109.5938,3,08:43:00.719703003
109.5938,1,08:43:00.719828318
109.5938,8,08:43:00.719828318
109.5938,1,08:43:00.719902470
109.5938,1,08:43:00.719909180
109.5938,20,08:43:00.722584917
109.5938,1,08:43:00.722973700
109.5938,12,08:43:00.723009298
109.5938,1,08:43:00.723074719
109.5938,1,08:43:00.723132743
109.5938,1,08:43:00.723252486
109.5938,1,08:43:00.723271725
109.5938,24,08:43:00.723310510
109.5938,1,08:43:00.723648897
109.5938,1,08:43:00.723674043
109.5938,1,08:43:00.723833708
109.5938,1,08:43:00.725946950
109.5938,9,08:43:00.726457857
109.5938,6,08:43:00.727724694
109.5938,6,08:43:00.727875277
109.5938,7,08:43:00.732718668
109.5938,6,08:43:00.736666902
109.5938,1,08:43:00.739683369
109.5938,6,08:43:00.741742015
109.5938,1,08:43:00.743662016
109.5938,5,08:43:00.745656472
109.5938,2,08:43:00.747684711
109.5938,5,08:43:00.749662943
109.5938,2,08:43:00.751740726
109.5938,34,08:43:00.751783674
109.5938,5,08:43:00.754678754
109.5938,1,08:43:00.756666455
109.5938,6,08:43:00.758689152
109.5938,1,08:43:00.761721542
109.5938,6,08:43:00.763647524
109.5938,1,08:43:00.766719326
109.5938,5,08:43:00.769673118
109.5938,2,08:43:00.772691105
109.5938,5,08:43:00.775734331
109.5938,2,08:43:00.778707534
109.5938,5,08:43:00.780737591
109.5938,1,08:43:00.783730208
109.5938,6,08:43:00.785694798
109.5938,1,08:43:00.788746015
109.5938,6,08:43:00.790712685
109.5938,1,08:43:00.792739059
109.5938,5,08:43:00.795779028
109.5938,2,08:43:00.798712924
109.5938,5,08:43:00.801802548
109.5938,7,08:43:00.807748889
109.5938,6,08:43:00.812749588
109.5938,1,08:43:00.814719388
109.5938,6,08:43:00.816755298
109.5938,7,08:43:00.821688524
109.5938,6,08:43:00.825746725
109.5938,1,08:43:00.828763850
109.5938,6,08:43:00.831733089
109.5938,1,08:43:00.833759171
109.5938,5,08:43:00.836815550
109.5938,2,08:43:00.839776144
109.5938,5,08:43:00.842801453
109.5938,2,08:43:00.845791495
109.5938,5,08:43:00.848745884
109.5938,1,08:43:00.851755734
109.5938,6,08:43:00.854748613
109.5938,1,08:43:00.857809711
109.5938,6,08:43:00.861810628
109.5938,1,08:43:00.866734584
109.5938,5,08:43:00.869952710
109.5938,2,08:43:00.871798295
109.5938,5,08:43:00.874763994
109.5938,2,08:43:00.878743037
109.5938,55,08:43:00.880055953
109.5938,5,08:43:00.881826175
109.5938,1,08:43:00.884802360
109.5938,6,08:43:00.887809852
109.5938,1,08:43:00.890756525
109.5938,6,08:43:00.892752722
109.5938,1,08:43:00.894750888
109.5938,5,08:43:00.897747438
109.5938,2,08:43:00.904819530
109.5938,5,08:43:00.907764494
109.5938,2,08:43:00.909771585
109.5938,5,08:43:00.913782860
109.5938,1,08:43:00.915718211
109.5938,6,08:43:00.919737959
109.5938,1,08:43:00.922765064
109.5938,6,08:43:00.924770199
109.5938,1,08:43:00.927789921
109.5938,5,08:43:00.930724805
109.5938,2,08:43:00.932753816
109.5938,5,08:43:00.934736938
109.5938,2,08:43:00.936757199
109.5938,5,08:43:00.938783314
109.5938,1,08:43:00.940785598
109.5938,6,08:43:00.943824858
109.5938,1,08:43:00.945776582
109.5938,6,08:43:00.948837440
109.5938,1,08:43:00.950772282
109.5938,5,08:43:00.953833611
109.5938,2,08:43:00.955776038
109.5938,5,08:43:00.958816612
109.5938,2,08:43:00.960773423
109.5938,5,08:43:00.964753067
109.5938,1,08:43:00.967778063
109.5938,6,08:43:00.969778126
109.5938,1,08:43:00.971782311
109.5938,6,08:43:00.974813271
109.5938,1,08:43:00.976789714
109.5938,5,08:43:00.978822718
109.5938,2,08:43:00.980784256
109.5938,5,08:43:00.982780507
109.5938,2,08:43:00.984377429
109.5938,2,08:43:00.984753235
109.5938,5,08:43:00.986833389
109.5938,2,08:43:00.989816653
109.5938,4,08:43:00.991828927
109.5938,3,08:43:00.993808842
109.5938,4,08:43:00.996829300
109.5938,2,08:43:00.999786112
109.5938,5,08:43:01.001877274
109.5938,2,08:43:01.003838930
109.5938,4,08:43:01.006803524
109.5938,3,08:43:01.008826055
109.5938,4,08:43:01.010788808
109.5938,3,08:43:01.012823694
109.5938,3,08:43:01.015836369
109.5938,4,08:43:01.017860390
109.5938,3,08:43:01.020854688
109.5938,4,08:43:01.024012154
109.5938,3,08:43:01.025854786
109.5938,3,08:43:01.028791313
109.5938,4,08:43:01.030838065
109.5938,3,08:43:01.032878412
109.5938,4,08:43:01.034878533
109.5938,3,08:43:01.036874992
109.5938,6,08:43:01.043167328
109.5938,1,08:43:01.071667863
109.5938,2,08:43:01.071710555
109.5938,3,08:43:01.072164899
109.5938,7,08:43:01.076879546
109.5938,6,08:43:01.080861709
109.5938,1,08:43:01.083864506
109.5938,6,08:43:01.084913295
109.5938,6,08:43:01.088933258
109.5938,1,08:43:01.091899904
109.5938,6,08:43:01.092015560
109.5938,6,08:43:01.096866849
109.5938,1,08:43:01.099863639
109.5938,6,08:43:01.099934162
109.5938,6,08:43:01.104879660
109.5938,1,08:43:01.107844421
109.5938,6,08:43:01.107916487
109.5938,6,08:43:01.112855334
109.5938,1,08:43:01.115880197
109.5938,6,08:43:01.116901686
109.5938,1,08:43:01.118936857
109.5938,6,08:43:01.122959661
109.5938,1,08:43:01.124942108
109.5938,6,08:43:01.129044536
109.5938,1,08:43:01.131856613
109.5938,6,08:43:01.131892559
109.5938,6,08:43:01.136890932
109.5938,1,08:43:01.139873776
109.5938,6,08:43:01.140891413
109.5938,7,08:43:01.145943617
109.5938,6,08:43:01.149925288
109.5938,1,08:43:01.151890691
109.5938,6,08:43:01.153885906
109.5938,7,08:43:01.158872055
109.5938,10,08:43:01.181556996
109.5938,6,08:43:01.183956280
109.5938,1,08:43:01.186920391
109.5938,6,08:43:01.188994488
109.5938,1,08:43:01.190924549
109.5938,5,08:43:01.192951684
109.5938,2,08:43:01.194980455
109.5938,5,08:43:01.198923463
109.5938,2,08:43:01.202950434
109.5938,5,08:43:01.204017220
109.5938,1,08:43:01.207025930
109.5938,6,08:43:01.210962212
109.5938,1,08:43:01.212947426
109.5938,6,08:43:01.216923881
109.5938,1,08:43:01.219973095
109.5938,5,08:43:01.221915304
109.5938,2,08:43:01.225981674
109.5938,5,08:43:01.229096293
109.5938,2,08:43:01.232955367
109.5938,5,08:43:01.234948454
109.5938,1,08:43:01.238905236
109.5938,6,08:43:01.240948363
109.5938,1,08:43:01.243942046
109.5938,1,08:43:01.245967214
109.5938,5,08:43:01.247029005
109.5938,2,08:43:01.250994381
109.5938,4,08:43:01.254935571
109.5938,3,08:43:01.257927971
109.5938,4,08:43:01.260969831
109.5938,3,08:43:01.263931929
109.5938,4,08:43:01.265953131
109.5938,2,08:43:01.267951082
109.5938,5,08:43:01.270958032
109.5938,2,08:43:01.272948543
109.5938,1,08:43:01.273160007
109.5938,4,08:43:01.276936188
109.5938,3,08:43:01.278968428
109.5938,1,08:43:01.281127256
109.5938,3,08:43:01.282017555
109.5938,4,08:43:01.287054422
109.5938,2,08:43:01.288985098
109.5938,5,08:43:01.292000886
109.5938,2,08:43:01.294990151
109.5938,4,08:43:01.296968674
109.5938,3,08:43:01.299005828
109.5938,2,08:43:01.301998193
109.5938,2,08:43:01.302031371
109.5938,3,08:43:01.304969334
109.5938,4,08:43:01.308954019
109.5938,2,08:43:01.310983095
109.5938,3,08:43:01.313993863
109.5938,2,08:43:01.314070270
109.5938,2,08:43:01.318029551
109.5938,6,08:43:01.322101383
109.5938,1,08:43:01.322612984
109.5938,1,08:43:01.325019634
109.5938,6,08:43:01.327985681
109.5938,1,08:43:01.332040522
109.5938,6,08:43:01.333041211
109.5938,1,08:43:01.337996143
109.5938,6,08:43:01.338043452
109.5938,6,08:43:01.344042809
109.5938,7,08:43:01.346705311
109.5938,1,08:43:01.346991784
109.5938,6,08:43:01.351087857
109.5938,7,08:43:01.357217905
109.5938,2,08:43:01.362073187
109.5938,4,08:43:01.362144464
109.5938,1,08:43:01.362619689
109.5938,4,08:43:01.367080583
109.5938,1,08:43:01.367139334
109.5938,2,08:43:01.371018478
109.5938,3,08:43:01.373050006
109.5938,1,08:43:01.374105660
109.5938,4,08:43:01.379106993
109.5938,2,08:43:01.380028903
109.5938,1,08:43:01.385046268
109.5938,6,08:43:01.388014066
109.5938,291,08:43:01.898794847
109.5938,1,08:43:01.900340071
109.5938,1,08:43:01.903676590
109.5938,64,08:43:01.935084656
109.5938,1,08:43:01.935297662
109.5938,1,08:43:01.935416797
109.5938,2,08:43:01.948321919
109.5938,200,08:43:03.775076572
109.5938,1,08:43:03.776134852
109.5938,32,08:43:03.776261425
109.5938,7,08:43:03.776472916
109.5938,49,08:43:03.776569665
109.5938,1,08:43:03.776635359
109.5938,6,08:43:03.776775512
109.5938,1,08:43:03.776813563
109.5938,8,08:43:03.776876029
109.5938,10,08:43:03.776940536
109.5938,21,08:43:03.776992603
109.5938,6,08:43:03.777012493
109.5938,1,08:43:03.777046317
109.5938,14,08:43:03.777194064
109.5938,2,08:43:03.778389852
109.5938,18,08:43:03.778415586
109.5938,20,08:43:03.779430669
109.5938,12,08:43:03.781341911
109.5938,86,08:43:03.781738140
109.5938,61,08:43:03.782305515
109.5938,1,08:43:03.782680838
109.5938,1,08:43:03.782914257
109.5938,1,08:43:03.783051239
109.5938,1,08:43:03.783337881
109.5938,1,08:43:03.957759333
109.5938,29,08:43:03.958029015
109.5938,30,08:43:03.958138376
109.5938,1,08:43:03.958274687
109.5938,1,08:43:03.958362189
109.5938,1,08:43:03.958460131
109.5938,1,08:43:03.958501974
109.5938,1,08:43:03.958584363
109.5938,47,08:43:04.067759555
109.5938,1,08:43:04.069531904
109.5938,17,08:43:04.070938316
109.5938,11,08:43:04.071314439
109.5938,1,08:43:04.071423270
109.5938,1,08:43:04.071596326
109.5938,154,08:43:04.322225854
109.5938,1,08:43:04.322508241
109.5938,1,08:43:04.322567160
109.5938,1,08:43:04.322627389
109.5938,1,08:43:04.322662484
109.5938,1,08:43:04.322707093
109.5938,1,08:43:04.322739036
109.5938,1,08:43:04.322777846
109.5938,1,08:43:04.322812820
109.5938,1,08:43:04.322842760
109.5938,1,08:43:04.322880283
109.5938,1,08:43:04.322940358
109.5938,1,08:43:04.322970375
109.5938,1,08:43:04.323003083
109.5938,1,08:43:04.323041714
109.5938,1,08:43:04.323073417
109.5938,1,08:43:04.323111952
109.5938,1,08:43:04.323150561
109.5938,1,08:43:04.323193569
109.5938,1,08:43:04.323229717
109.5938,1,08:43:04.323264650
109.5938,1,08:43:04.323307553
109.5938,12,08:43:04.323415983
109.5938,1,08:43:04.323465268
109.5938,1,08:43:04.323502731
109.5938,3,08:43:04.323541938
109.5938,1,08:43:04.323591027
109.5938,3,08:43:04.323625223
109.5938,20,08:43:04.324581223
109.5938,20,08:43:04.324611421
109.5938,1,08:43:04.325823857
109.5938,3,08:43:04.325877667
109.5938,5,08:43:04.325992961
109.5938,1,08:43:04.326629710
109.5938,1,08:43:04.326699846
109.5938,1,08:43:04.326728102
109.5938,3,08:43:04.328653779
109.5938,2,08:43:04.331040966
109.5938,1,08:43:04.331086722
109.5938,1,08:43:04.331564843
109.5938,1,08:43:04.331903576
109.5938,3,08:43:04.332212846
109.5938,50,08:43:04.444322439
109.5938,1,08:43:04.444689148
109.5938,1,08:43:04.444778947
109.5938,1,08:43:04.444893093
109.5938,13,08:43:04.445157330
109.5938,1,08:43:04.464709242
109.5938,1,08:43:04.620548689
109.6094,1,08:43:05.038889760
109.6094,1,08:43:05.038908109
109.5938,87,08:43:06.117838285
109.5938,2,08:43:06.118210187
109.5938,7,08:43:06.118360804
109.5938,111,08:43:06.119212395
109.5938,12,08:43:06.119904083
109.5938,1,08:43:06.120103927
109.5938,1,08:43:06.120346709
109.5938,8,08:43:06.120370767
109.5938,1,08:43:06.120426724
109.5938,1,08:43:06.120549834
109.5938,1,08:43:06.120996764
109.5938,1,08:43:06.121450793
109.5938,7,08:43:06.121776076
109.5938,316,08:43:06.638303308
109.5938,1,08:43:06.641940013
109.5938,1,08:43:06.642312247
109.5938,2,08:43:06.863953290
109.5938,53,08:43:06.867556649
109.5938,5,08:43:06.886643586
109.6094,1,08:43:08.210699468
109.6094,40,08:43:08.730756500
109.5938,50,08:43:09.104863072
109.5938,1,08:43:09.105507323
109.5938,4,08:43:09.105621005
109.5938,7,08:43:09.105797399
109.5938,1,08:43:09.106579668
109.5938,1,08:43:11.598118499
109.5938,1,08:43:11.706949976
109.5938,4,08:43:11.936779695
109.5938,201,08:43:12.114312632
109.5938,40,08:43:12.118204199
109.5938,1,08:43:12.118262766
109.5938,10,08:43:12.119832376
109.5938,1,08:43:12.119879468
109.5938,10,08:43:12.125035204
109.5938,1,08:43:12.125287433
109.5938,1,08:43:12.125347060
109.5938,10,08:43:12.127123265
109.5938,1,08:43:12.127359526
109.5938,10,08:43:12.129931869
109.5938,1,08:43:12.130134238
109.5938,1,08:43:12.130181075
109.5938,10,08:43:12.132069359
109.5938,1,08:43:12.132322436
109.5938,3,08:43:12.132368828
109.5938,1,08:43:12.132425082
109.5938,10,08:43:12.134978573
109.5938,1,08:43:12.135193829
109.5938,10,08:43:12.138164561
109.5938,1,08:43:12.138447565
109.5938,7,08:43:12.138582294
109.5938,1,08:43:12.138659857
109.5938,1,08:43:12.138954877
109.5938,1,08:43:12.139172274
109.5938,9,08:43:12.139272260
109.5938,4,08:43:12.139355100
109.5938,15,08:43:12.140021722
109.5938,1,08:43:12.140538660
109.5938,1,08:43:12.140987626
109.5938,6,08:43:12.141011831
109.5938,1,08:43:12.141067748
109.5938,1,08:43:12.141211285
109.5938,10,08:43:12.141419427
109.5938,1,08:43:12.142100995
109.5938,1,08:43:12.142243961
109.5938,1,08:43:12.142291655
109.5938,1,08:43:12.142500482
109.5938,6,08:43:12.167545798
109.5938,1,08:43:12.170272980
109.5938,70,08:43:12.181173600
109.5938,10,08:43:12.184069706
109.5938,1,08:43:12.184286517
109.5938,10,08:43:12.187081540
109.5938,1,08:43:12.187300943
109.5938,10,08:43:12.190043376
109.5938,10,08:43:12.192964514
109.5938,1,08:43:12.193194147
109.5938,10,08:43:12.195916250
109.5938,1,08:43:12.196155554
109.5938,7,08:43:12.202978700
109.5938,1,08:43:12.629452357
109.5938,103,08:43:12.629756748
109.5938,1,08:43:12.630194604
109.5938,1,08:43:12.630219052
109.5938,1,08:43:12.630283111
109.5938,5,08:43:12.630316878
109.5938,1,08:43:12.630339845
109.5938,8,08:43:12.630370059
109.5938,1,08:43:12.630397056
109.5938,1,08:43:12.630438035
109.5938,2,08:43:12.630464401
109.5938,1,08:43:12.630547436
109.5938,1,08:43:12.630718361
109.5938,1,08:43:12.630851855
109.5938,1,08:43:12.630933364
109.5781,1,08:43:13.785882635
109.5938,2,08:43:14.421428995
109.5938,200,08:43:14.634267493
109.5938,1,08:43:14.634499518
109.5938,1,08:43:14.634636253
109.5938,1,08:43:14.634688533
109.5938,1,08:43:14.634735055
109.5938,11,08:43:14.634925644
109.5938,1,08:43:14.634966013
109.5938,11,08:43:14.635043352
109.5938,1,08:43:14.635090195
109.5938,1,08:43:14.635122852
109.5938,1,08:43:14.635200565
109.5938,1,08:43:14.635222131
109.5938,1,08:43:14.635319400
109.5938,1,08:43:14.635382889
109.5938,1,08:43:14.635415974
109.5938,1,08:43:14.635446731
109.5938,1,08:43:14.635472289
109.5938,1,08:43:14.635544080
109.5938,1,08:43:14.635610593
109.5938,1,08:43:14.635655381
109.5938,1,08:43:14.635678859
109.5938,1,08:43:14.635699069
109.5938,1,08:43:14.635726966
109.5938,14,08:43:14.635826114
109.5938,16,08:43:14.637083010
109.5938,1,08:43:15.583658656
109.5938,4,08:43:16.084130181
109.5938,25,08:43:18.633876350
109.5938,1,08:43:18.634202561
109.5938,1,08:43:18.638522402
109.5938,2,08:43:18.958390680
109.5938,1,08:43:19.176981707
109.5938,1,08:43:19.261802566
109.6094,1,08:43:19.499340260
109.5938,55,08:43:22.144405751
109.5938,1,08:43:22.144945131
109.5938,1,08:43:22.500898490
109.6094,1,08:43:24.380493170
109.6094,1,08:43:24.727849545
109.5938,1,08:43:25.620654369
109.6094,1,08:43:26.506212245
109.5938,10,08:43:26.850593718
109.6094,3,08:43:27.866714383
109.6094,3,08:43:27.868439982
109.6094,1,08:43:28.337791617
109.6094,300,08:43:28.526722367
109.6094,1,08:43:29.259554428
109.6094,1,08:43:29.263304548
109.6094,1,08:43:33.034029441
109.6094,1,08:43:33.725640126
109.6094,2,08:43:33.725828054
109.6094,1,08:43:33.726210276
109.6094,1,08:43:33.726403844
109.6094,1,08:43:33.726604635
109.6094,1,08:43:33.727006096
109.6094,291,08:43:33.727207855
109.6094,2,08:43:33.729094024
109.6094,38,08:43:33.729527991
109.6094,2,08:43:33.729549945
109.6094,1,08:43:33.729595921
109.6094,70,08:43:33.729813292
109.6094,2,08:43:33.730562521
109.6094,1,08:43:33.730848292
109.6094,1,08:43:33.730932998
109.6094,5,08:43:33.730932998
109.6094,1,08:43:33.730962743
109.6094,1,08:43:33.730986724
109.6094,1,08:43:33.731015598
109.6094,1,08:43:33.731104774
109.6094,1,08:43:33.731126708
109.6094,1,08:43:33.731163054
109.6094,1,08:43:33.731178293
109.6094,1,08:43:33.731209385
109.6094,1,08:43:33.731237834
109.6094,1,08:43:33.731269623
109.6094,1,08:43:33.731303547
109.6094,1,08:43:33.731338373
109.6094,1,08:43:33.731367496
109.6094,1,08:43:33.731397031
109.6094,1,08:43:33.731423793
109.6094,1,08:43:33.731468696
109.6094,1,08:43:33.731508559
109.6094,1,08:43:33.731544342
109.6094,1,08:43:33.731577427
109.6094,1,08:43:33.731660559
109.6094,1,08:43:33.731742768
109.6094,2,08:43:33.731890343
109.6094,7,08:43:33.731921742
109.6094,1,08:43:33.732000543
109.6094,4,08:43:33.732051975
109.6094,2,08:43:33.732131717
109.6094,4,08:43:33.732185750
109.6094,16,08:43:33.732249018
109.6094,10,08:43:33.732314107
109.6094,1,08:43:33.732360115
109.6094,5,08:43:33.732382897
109.6094,17,08:43:33.732464370
109.6094,9,08:43:33.732566061
109.6094,27,08:43:33.733730178
109.6094,34,08:43:33.734939049
109.6094,1,08:43:33.735126990
109.6094,1,08:43:33.735171263
109.6094,1,08:43:33.735206474
109.6094,1,08:43:33.735225684
109.6094,1,08:43:33.735444767
109.6094,15,08:43:33.736283849
109.6094,1,08:43:33.736669387
109.6094,1,08:43:33.736752249
109.6094,13,08:43:33.736778707
109.6094,1,08:43:33.736810317
109.6094,6,08:43:33.737041992
109.6094,3,08:43:33.737323883
109.6094,1,08:43:33.737785076
109.6094,1,08:43:33.737812719
109.6094,100,08:43:33.737971630
109.6094,10,08:43:33.738251566
109.6094,1,08:43:33.738277851
109.6094,1,08:43:33.738680406
109.6094,1,08:43:33.738819322
109.6094,10,08:43:33.738892465
109.6094,36,08:43:33.738998310
109.6094,20,08:43:33.739161098
109.6094,1,08:43:33.742342948
109.6094,2,08:43:33.742777209
109.6094,16,08:43:33.742811405
109.6094,1,08:43:33.743051234
109.6094,30,08:43:33.743199371
109.6094,98,08:43:33.743817284
109.6094,41,08:43:33.743971390
109.6094,1,08:43:33.744575422
109.6094,1,08:43:33.744858083
109.6094,1,08:43:33.744998620
109.6094,3,08:43:33.745192729
109.6094,13,08:43:33.745586241
109.6094,1,08:43:33.745815031
109.6094,5,08:43:33.746296285
109.6094,1,08:43:33.746330346
109.6094,1,08:43:33.746767064
109.6094,1,08:43:33.746819977
109.6094,1,08:43:33.746855109
109.6094,1,08:43:33.747547961
109.6094,1,08:43:33.751513955
109.6094,1,08:43:33.751672752
109.6094,1,08:43:33.752023169
109.6094,1,08:43:33.752160518
109.6094,3,08:43:33.769424284
109.625,1,08:43:34.137128510
109.625,1,08:43:34.137144601
109.6094,200,08:43:34.325787901
109.6094,3,08:43:34.327644000
109.6094,440,08:43:35.144170793
109.6094,30,08:43:35.146055826
109.6094,17,08:43:35.146115014
109.6094,50,08:43:35.146142567
109.6094,60,08:43:35.146221247
109.6094,1,08:43:35.146257392
109.6094,1,08:43:35.146522533
109.6094,140,08:43:35.146555327
109.6094,1,08:43:35.146582202
109.6094,1,08:43:35.146620987
109.6094,19,08:43:35.146653957
109.6094,110,08:43:35.146751104
109.6094,35,08:43:35.146779927
109.6094,105,08:43:35.146854715
109.6094,1,08:43:35.146936535
109.6094,1,08:43:35.147175253
109.6094,7,08:43:35.147219520
109.6094,1,08:43:35.147234368
109.6094,85,08:43:35.147274461
109.6094,1,08:43:35.147290827
109.6094,1,08:43:35.147319567
109.6094,1,08:43:35.147338751
109.6094,1,08:43:35.147373072
109.6094,1,08:43:35.147391319
109.6094,1,08:43:35.147416900
109.6094,1,08:43:35.147443912
109.6094,1,08:43:35.147474219
109.6094,1,08:43:35.147490613
109.6094,1,08:43:35.147515203
109.6094,1,08:43:35.147537075
109.6094,1,08:43:35.147560074
109.6094,1,08:43:35.147583217
109.6094,1,08:43:35.147609169
109.6094,1,08:43:35.147651103
109.6094,1,08:43:35.147672985
109.6094,1,08:43:35.147738628
109.6094,1,08:43:35.147804806
109.6094,1,08:43:35.147831232
109.6094,4,08:43:35.147949067
109.6094,3,08:43:35.148038142
109.6094,13,08:43:35.148071924
109.6094,1,08:43:35.148104930
109.6094,1,08:43:35.148146813
109.6094,4,08:43:35.148559265
109.6094,2,08:43:35.148596873
109.6094,4,08:43:35.148718731
109.6094,3,08:43:35.148866722
109.6094,2,08:43:35.148978183
109.6094,40,08:43:35.149023464
109.6094,8,08:43:35.149069785
109.6094,1,08:43:35.149099481
109.6094,1,08:43:35.149230076
109.6094,7,08:43:35.149271571
109.6094,1,08:43:35.149297069
109.6094,25,08:43:35.149507070
109.6094,43,08:43:35.149716432
109.6094,1,08:43:35.150196140
109.6094,3,08:43:35.151393941
109.6094,6,08:43:35.151606511
109.6094,1,08:43:35.153705693
109.6094,1,08:43:35.170379422
109.6094,1,08:43:36.111549022
109.625,30,08:43:39.765227998
109.625,15,08:43:40.857702502
109.625,4,08:43:41.302152087
109.625,1,08:43:41.333286878
109.625,2,08:43:41.364337618
109.625,1,08:43:41.558568431
109.6094,1,08:43:41.737723148
109.625,3,08:43:42.644567606
109.625,15,08:43:42.923337085
109.625,1,08:43:43.798358504
109.625,18,08:43:44.881966333
109.6094,1,08:43:46.812420941
109.6094,2,08:43:47.732482374
109.625,100,08:43:48.671962097
109.625,1,08:43:48.674447338
109.625,15,08:43:48.851369281
109.625,1,08:43:49.629272726
109.6094,31,08:43:50.152313008
109.6094,1,08:43:50.777681003
109.6094,2,08:43:50.777855932
109.6094,12,08:43:50.778102756
109.6094,1,08:43:50.782806597
109.625,10,08:43:51.108145959
109.6094,10,08:43:51.666092842
109.6094,220,08:43:51.967969631
109.6094,11,08:43:51.968265349
109.6094,1,08:43:51.968435481
109.6094,2,08:43:51.968543704
109.6094,1,08:43:51.968738670
109.6094,2,08:43:51.968794508
109.6094,1,08:43:51.975074242
109.6094,726,08:43:52.682208964
109.6094,1,08:43:52.683365313
109.6094,19,08:43:52.683419087
109.6094,1,08:43:52.683522452
109.6094,1,08:43:52.683550939
109.6094,1,08:43:52.683608595
109.6094,1,08:43:52.683639863
109.6094,1,08:43:52.683697579
109.6094,1,08:43:52.683763090
109.6094,1,08:43:52.683831712
109.6094,1,08:43:52.683865669
109.6094,1,08:43:52.683912070
109.6094,1,08:43:52.683974106
109.6094,1,08:43:52.684034529
109.6094,1,08:43:52.684099140
109.6094,1,08:43:52.684123302
109.6094,1,08:43:52.684592973
109.6094,23,08:43:52.684744560
109.6094,25,08:43:52.684788932
109.6094,5,08:43:52.685035177
109.6094,1,08:43:52.685248187
109.6094,25,08:43:52.685511315
109.6094,2,08:43:52.685600343
109.6094,8,08:43:52.685709066
109.6094,1,08:43:52.685744942
109.6094,3,08:43:52.685764693
109.6094,1,08:43:52.685791880
109.6094,2,08:43:52.685930677
109.6094,3,08:43:52.686003488
109.6094,4,08:43:52.686313833
109.6094,1,08:43:52.686460870
109.6094,1,08:43:52.687061487
109.6094,11,08:43:52.687101837
109.6094,152,08:43:52.687848220
109.6094,1,08:43:52.687902124
109.6094,1,08:43:52.688174851
109.6094,1,08:43:52.688436712
109.6094,1,08:43:52.688470159
109.6094,1,08:43:52.688744785
109.6094,148,08:43:52.689028551
109.6094,9,08:43:52.689142800
109.6094,6,08:43:52.689312397
109.6094,1,08:43:52.689798650
109.6094,9,08:43:52.691627970
109.6094,5,08:43:52.717850964
109.6094,1,08:43:53.023649186
109.6094,1,08:43:53.023877792
109.6094,46,08:43:53.247975606
109.6094,1,08:43:53.248275513
109.6094,25,08:43:53.316552360
109.6094,1,08:43:53.316842947
109.6094,426,08:43:53.317505902
109.6094,2,08:43:53.318450551
109.6094,25,08:43:53.318538898
109.6094,1,08:43:53.318564560
109.6094,1,08:43:53.318594291
109.6094,1,08:43:53.318640174
109.6094,1,08:43:53.318822165
109.6094,1,08:43:53.318840278
109.6094,1,08:43:53.318869181
109.6094,1,08:43:53.318887965
109.6094,1,08:43:53.318915280
109.6094,1,08:43:53.318948693
109.6094,1,08:43:53.318973983
109.6094,1,08:43:53.319008108
109.6094,1,08:43:53.319033097
109.6094,1,08:43:53.319047976
109.6094,1,08:43:53.319080755
109.6094,1,08:43:53.319103632
109.6094,1,08:43:53.319129874
109.6094,1,08:43:53.319151359
109.6094,1,08:43:53.319179138
109.6094,1,08:43:53.319203020
109.6094,1,08:43:53.319221441
109.6094,2,08:43:53.319430462
109.6094,1,08:43:53.319515187
109.6094,12,08:43:53.319999840
109.6094,26,08:43:53.320151440
109.6094,25,08:43:53.320402693
109.6094,25,08:43:53.320427672
109.6094,4,08:43:53.320510152
109.6094,31,08:43:53.320573861
109.6094,2,08:43:53.320573861
109.6094,2,08:43:53.320598925
109.6094,2,08:43:53.320680190
109.6094,1,08:43:53.320728834
109.6094,3,08:43:53.320749084
109.6094,31,08:43:53.320997754
109.6094,1,08:43:53.320997754
109.6094,105,08:43:53.321371713
109.6094,1,08:43:53.321445162
109.6094,1,08:43:53.321531890
109.6094,24,08:43:53.321854117
109.6094,50,08:43:53.321881030
109.6094,25,08:43:53.322358342
109.6094,25,08:43:53.322412324
109.6094,21,08:43:53.322468232
109.6094,19,08:43:53.322773391
109.6094,1,08:43:53.322814611
109.6094,1,08:43:53.323385762
109.6094,12,08:43:53.323882162
109.6094,1,08:43:53.324289674
109.6094,1,08:43:53.324326081
109.6094,7,08:43:53.324439204
109.6094,4,08:43:53.324461515
109.6094,3,08:43:53.324481579
109.6094,7,08:43:53.324529497
109.6094,1,08:43:53.324704082
109.6094,31,08:43:53.324808213
109.6094,1,08:43:53.324901396
109.6094,1,08:43:53.324925402
109.6094,1,08:43:53.324946772
109.6094,1,08:43:53.325457179
109.6094,1,08:43:53.325675500
109.6094,16,08:43:53.325738919
109.6094,1,08:43:53.326182269
109.6094,7,08:43:53.326248990
109.6094,1,08:43:53.326371882
109.6094,1,08:43:53.326946540
109.6094,1,08:43:53.327136455
109.6094,3,08:43:53.327381238
109.6094,1,08:43:53.328493215
109.6094,1,08:43:53.328512745
109.6094,3,08:43:53.328631839
109.6094,1,08:43:53.329114889
109.6094,4,08:43:53.330189522
109.6094,1,08:43:53.330508078
109.6094,80,08:43:53.331217443
109.6094,6,08:43:53.331331285
109.6094,2,08:43:53.331371082
109.6094,14,08:43:53.331396311
109.6094,2,08:43:53.331423197
109.6094,8,08:43:53.331441947
109.6094,34,08:43:53.331467450
109.6094,1,08:43:53.332313648
109.6094,1,08:43:53.334122388
109.6094,93,08:43:53.341724616
109.6094,4,08:43:53.351947833
109.6094,88,08:43:53.352433466
109.6094,1,08:43:53.352612039
109.6094,38,08:43:53.352883819
109.6094,17,08:43:53.352948799
109.6094,1,08:43:53.353605022
109.6094,29,08:43:53.353681747
109.6094,1,08:43:53.354130181
109.6094,1,08:43:53.354348797
109.6094,1,08:43:53.354650995
109.6094,1,08:43:53.354692091
109.6094,1,08:43:53.354735234
109.6094,5,08:43:53.354852599
109.6094,2,08:43:53.355521368
109.6094,1,08:43:53.355673358
109.6094,1,08:43:53.355962459
109.6094,1,08:43:53.356064790
109.6094,10,08:43:53.356264627
109.6094,15,08:43:53.356428619
109.6094,1,08:43:53.356619875
109.6094,2,08:43:53.356880794
109.6094,1,08:43:53.357325475
109.6094,1,08:43:53.357730085
109.6094,50,08:43:53.358469373
109.6094,1,08:43:53.360053354
109.6094,136,08:43:53.363107936
109.6094,3,08:43:53.364247678
109.6094,1,08:43:53.365126222
109.6094,112,08:43:53.368523122
109.6094,1,08:43:53.368564288
109.6094,1,08:43:53.368720751
109.6094,3,08:43:53.368974824
109.6094,1,08:43:53.369032547
109.6094,83,08:43:53.369204963
109.6094,1,08:43:53.369346681
109.6094,1,08:43:53.369452408
109.6094,2,08:43:53.369534279
109.6094,1,08:43:53.369626415
109.6094,25,08:43:53.370137276
109.6094,1,08:43:53.370376897
109.6094,3,08:43:53.425541757
109.6094,2,08:43:53.454639910
109.6094,4,08:43:53.870814235
109.625,3,08:43:58.189287774
109.625,1,08:43:58.333390412
109.6563,1,08:44:21.853765787
109.6563,1,08:44:21.853820223
109.6563,1,08:44:21.853824658
109.6563,1,08:44:21.853870128
109.6563,1,08:44:21.853955089
109.6563,1,08:44:21.853996969
109.6563,1,08:44:21.854055172
109.6563,1,08:44:21.854121848
109.6563,1,08:44:21.854141957
109.6563,1,08:44:21.854166284
109.6563,1,08:44:21.854198794
109.6563,1,08:44:21.854237451
109.6563,11,08:44:21.854285574
109.6563,25,08:44:21.854444796
109.6563,1,08:44:21.854668810
109.6563,1,08:44:21.854708174
109.6563,1,08:44:21.854749084
109.6563,36,08:44:21.854779266
109.6563,1,08:44:21.854965974
109.6563,1,08:44:21.855016609
109.6563,1,08:44:21.855052111
109.6563,25,08:44:21.855108297
109.6563,24,08:44:21.855230709
109.6563,1,08:44:21.855296199
109.6563,1,08:44:21.855348267
109.6563,1,08:44:21.855392751
109.6563,12,08:44:21.855426211
109.6563,6,08:44:21.855509426
109.6563,19,08:44:21.855560339
109.6563,1,08:44:21.855637383
109.6563,25,08:44:21.855913536
109.6563,1,08:44:21.855974992
109.6563,15,08:44:21.856060636
109.6563,1,08:44:21.856103713
109.6563,3,08:44:21.856171164
109.6563,1,08:44:21.856210438
109.6563,1,08:44:21.856232579
109.6563,1,08:44:21.856259457
109.6563,1,08:44:21.856307218
109.6563,1,08:44:21.856365379
109.6563,1,08:44:21.856443256
109.6563,1,08:44:21.856463592
109.6563,1,08:44:21.856504767
109.6563,1,08:44:21.856568771
109.6563,1,08:44:21.856596564
109.6563,1,08:44:21.856637810
109.6563,1,08:44:21.856682515
109.6563,1,08:44:21.856735828
109.6563,1,08:44:21.856775019
109.6563,1,08:44:21.856813794
109.6563,1,08:44:21.856858697
109.6563,1,08:44:21.856900314
109.6563,1,08:44:21.856955754
109.6563,3,08:44:21.857370717
109.6563,50,08:44:21.857549706
109.6563,25,08:44:21.857810416
109.6563,7,08:44:21.857860039
109.6563,5,08:44:21.858001763
109.6563,2,08:44:21.858698290
109.6563,1,08:44:21.858720569
109.6563,1,08:44:21.859521148
109.6563,1,08:44:21.859676265
109.6563,25,08:44:21.859709888
109.6563,29,08:44:21.859747758
109.6563,28,08:44:21.859772519
109.6563,2,08:44:21.859812345
109.6563,4,08:44:21.860318572
109.6563,24,08:44:21.860532733
109.6563,1,08:44:21.860819536
109.6563,3,08:44:21.860951939
109.6563,58,08:44:21.861073329
109.6563,1,08:44:21.861141952
109.6563,2,08:44:21.861169511
109.6563,1,08:44:21.861619184
109.6563,1,08:44:21.862416912
109.6563,1,08:44:21.918601468
109.6563,9,08:44:21.991014703
109.6563,1,08:44:22.598609079
109.6563,1,08:44:22.675662395
109.6563,50,08:44:22.681530889
109.6563,1,08:44:22.998707036
109.6563,100,08:44:23.691654006
109.6563,9,08:44:24.143544206
109.6563,26,08:44:24.149190356
109.6563,1,08:44:24.152380260
109.6563,1,08:44:24.152537390
109.6563,1,08:44:24.152645536
109.6563,78,08:44:24.152683406
109.6563,1,08:44:24.152778307
109.6563,6,08:44:24.152847409
109.6563,1,08:44:24.152935522
109.6563,20,08:44:24.153080690
109.6563,2,08:44:24.153278909
109.6563,1,08:44:24.154567856
109.6563,1,08:44:24.154954050
109.6563,27,08:44:24.155017280
109.6563,15,08:44:24.155059697
109.6563,2,08:44:24.155246651
109.6563,1,08:44:24.155331280
109.6563,1,08:44:24.155380215
109.6563,60,08:44:24.155398344
109.6563,1,08:44:24.155468262
109.6563,6,08:44:24.155489152
109.6563,1,08:44:24.155516637
109.6563,1,08:44:24.155549883
109.6563,56,08:44:24.155839978
109.6563,2,08:44:24.156321784
109.6563,2,08:44:24.156392507
109.6563,1,08:44:24.156637432
109.6563,12,08:44:24.156722849
109.6563,6,08:44:24.157298994
109.6563,17,08:44:24.157662454
109.6563,3,08:44:24.157846613
109.6563,1,08:44:24.157894545
109.6563,2,08:44:24.158033731
109.6563,127,08:44:24.158272882
109.6563,1,08:44:24.159058091
109.6563,1,08:44:24.160249597
109.6563,1,08:44:24.160573236
109.6563,1,08:44:24.160955186
109.6563,1,08:44:24.161982723
109.6563,1,08:44:24.162034900
109.6563,1,08:44:24.162453603
109.6563,1,08:44:24.162480000
109.6563,2,08:44:24.162802183
109.6563,2,08:44:24.162920496
109.6563,50,08:44:24.162989390
109.6563,8,08:44:24.163237293
109.6563,51,08:44:24.163341004
109.6563,1,08:44:24.163596125
109.6563,33,08:44:24.163826793
109.6563,1,08:44:24.166561123
109.6563,1,08:44:24.167719751
109.6563,1,08:44:24.168160045
109.6563,1,08:44:24.168184065
109.6563,1,08:44:24.168214869
109.6563,1,08:44:24.168234459
109.6563,1,08:44:24.168379643
109.6563,1,08:44:24.168523812
109.6563,4,08:44:24.168654769
109.6563,1,08:44:24.852466684
109.6406,98,08:44:24.858713729
109.6406,1,08:44:24.888336840
109.6406,25,08:44:25.348388811
109.6406,901,08:44:25.352483565
109.6406,999,08:44:25.358093586
109.6406,31,08:44:25.361141763
109.6406,1,08:44:25.361627463
109.6563,1,08:44:25.920719164
109.6406,1,08:44:27.345404784
109.6406,100,08:44:27.346210918
109.6406,50,08:44:27.347178779
109.6406,45,08:44:27.348690050
109.6406,50,08:44:27.349655014
109.6406,10,08:44:27.349875604
109.6406,1,08:44:27.350563445
109.6563,1,08:44:27.465547387
109.6563,50,08:44:27.550346431
109.6563,3,08:44:28.511431867
109.6563,3,08:44:28.527978480
109.6563,1,08:44:28.531049851
109.6406,5,08:44:28.839172661
109.6563,1,08:44:29.086840049
109.6563,1,08:44:30.944629036
109.6563,25,08:44:31.956586906
109.6563,200,08:44:32.040624181
109.6563,10,08:44:32.173787192
109.6563,1,08:44:32.328639855
109.6406,200,08:44:35.258491588
109.6563,100,08:44:35.478310958
109.6563,10,08:44:36.474922835
109.6563,1,08:44:37.192322652
109.6406,99,08:44:37.439309702
109.6406,2,08:44:38.313379410
109.6563,1,08:44:39.206646689
109.6406,6,08:44:40.166864550
109.6406,37,08:44:40.167319151
109.6406,7,08:44:40.185874754
109.6406,5,08:44:40.231872479
109.6563,3,08:44:40.541124007
109.6406,50,08:44:41.059424077
109.6406,10,08:44:41.210426196
109.6406,6,08:44:41.866878424
109.6406,7,08:44:41.900843854
109.6563,1,08:44:42.055953662
109.6406,36,08:44:43.372538329
109.6406,50,08:44:43.372759549
109.6406,1,08:44:43.372927553
109.6406,2,08:44:43.373598834
109.6406,1,08:44:43.373821599
109.6406,30,08:44:43.373899634
109.6406,2,08:44:43.374046549
109.6406,3,08:44:43.374069138
109.6406,2,08:44:43.374173233
109.6406,1,08:44:43.374292358
109.6406,19,08:44:43.374323831
109.6406,1,08:44:43.374412960
109.6406,12,08:44:43.374495531
109.6406,1,08:44:43.374528904
109.6406,1,08:44:43.374559459
109.6406,13,08:44:43.374644529
109.6406,1,08:44:43.374749693
109.6406,25,08:44:43.380225748
109.6406,10,08:44:43.380674596
109.6406,1,08:44:43.381285217
109.6406,1,08:44:43.381500863
109.6406,2,08:44:43.381859641
109.6406,5,08:44:43.523992289
109.6406,10,08:44:46.121568006
109.6406,1,08:44:46.734021473
109.6563,1,08:44:46.917446523
109.6406,50,08:44:46.940331360
109.6563,1,08:44:47.461031311
109.6406,2,08:44:47.570516645
109.6406,3,08:44:47.572359103
109.6563,25,08:44:48.269513630
109.6406,4,08:44:49.238423754
109.6406,948,08:44:49.453444125
109.6406,3,08:44:49.459440727
109.6406,26,08:44:49.465434403
109.6406,1,08:44:49.465763178
109.6406,18,08:44:49.483444700
109.6406,1,08:44:50.509360231
109.6406,10,08:44:50.525652446
109.6406,1,08:44:50.525882124
109.6406,8,08:44:50.525919382
109.6406,9,08:44:50.551500117
109.6406,1,08:44:50.634653987
109.6406,10,08:44:50.649527440
109.6406,1,08:44:50.649756551
109.6406,9,08:44:50.679529809
109.6406,9,08:44:50.704606424
109.6406,1,08:44:50.711843972
109.6406,12,08:44:50.712136503
109.6406,1,08:44:50.712397695
109.6406,2,08:44:50.712419465
109.6406,1,08:44:51.048338983
109.6406,10,08:44:51.338079539
109.6406,1,08:44:51.338290905
109.6406,9,08:44:51.841305777
109.6406,26,08:44:51.841780528
109.6406,1,08:44:51.842097437
109.6406,12,08:44:51.843140226
109.6406,1,08:44:51.843371121
109.6406,9,08:44:51.866231874
109.6406,10,08:44:51.889267520
109.6406,1,08:44:51.889472148
109.6406,9,08:44:51.915208601
109.6406,5,08:44:51.915444666
109.6406,10,08:44:51.943269477
109.6406,9,08:44:51.969228412
109.6406,9,08:44:51.996249197
109.6406,10,08:44:52.021266106
109.6406,9,08:44:52.046308797
109.6406,70,08:44:52.423657635
109.6406,9,08:44:53.076004654
109.6406,10,08:44:53.103877528
109.6406,1,08:44:53.104089635
109.6406,12,08:44:53.104324926
109.6406,1,08:44:53.104558998
109.6406,36,08:44:53.139707307
109.6406,1,08:44:53.140028671
109.6406,1,08:44:53.140108141
109.6406,2,08:44:53.140185045
109.6406,1,08:44:53.140226774
109.6406,1,08:44:53.140377234
109.6406,1,08:44:53.140458712
109.6406,2,08:44:53.140551667
109.6406,4,08:44:53.140591322
109.6406,8,08:44:53.140721558
109.6406,5,08:44:53.140791301
109.6406,1,08:44:53.140791301
109.6406,2,08:44:53.140815800
109.6406,8,08:44:53.140885111
109.6406,7,08:44:53.140897070
109.6406,72,08:44:53.141185689
109.6406,77,08:44:53.141614473
109.6406,5,08:44:53.144678640
109.6406,5,08:44:53.145631139
109.6406,4,08:44:53.146479736
109.6406,18,08:44:53.164570036
109.6406,2,08:44:53.559810106
109.6406,3,08:44:53.561414404
109.6406,2,08:44:53.583758625
109.6406,25,08:44:54.836318785
109.6406,1,08:44:54.838046639
109.6406,1,08:44:54.840482906
109.6406,4,08:44:55.117395710
109.6406,1,08:44:55.122051897
109.6563,1,08:44:56.540991609
109.6406,50,08:44:56.709911295
109.6406,31,08:44:57.827221077
109.6563,3,08:44:58.828720182
109.6406,1,08:44:59.761389763
109.6406,10,08:44:59.774654406
109.6406,5,08:45:00.104339859
109.6406,464,08:45:00.105118525
109.6406,1,08:45:00.109890883
109.6406,11,08:45:00.973062339
109.6406,1,08:45:00.973131191
109.6406,26,08:45:00.974231169
109.6406,101,08:45:00.974469129
109.6406,2,08:45:00.974703127
109.6406,1,08:45:00.975452022
109.6406,1,08:45:00.975499303
109.6406,1,08:45:00.975584057
109.6406,1,08:45:00.975708681
109.6406,3,08:45:00.975774330
109.6406,1,08:45:00.975880907
109.6406,3,08:45:00.976352758
109.6406,2,08:45:00.976536527
109.6406,1,08:45:00.976603642
109.6406,20,08:45:00.976705673
109.6406,1,08:45:00.976766999
109.6406,11,08:45:00.977079383
109.6406,1,08:45:00.977900398
109.6406,1,08:45:00.978414907
109.6406,3,08:45:00.982861315
109.6406,8,08:45:01.039492162
109.6406,24,08:45:01.039800267
109.6406,1,08:45:01.039885271
109.6406,1,08:45:01.040069210
109.6406,10,08:45:01.040234631
109.6406,25,08:45:01.040708318
109.6406,1,08:45:01.041833655
109.6406,1,08:45:01.041853960
109.6406,1,08:45:01.041889522
109.6406,1,08:45:01.041925744
109.6406,1,08:45:01.042023871
109.6406,65,08:45:01.042513685
109.6406,1,08:45:01.042715385
109.6406,1,08:45:01.043604760
109.6406,33,08:45:01.043625593
109.6406,1,08:45:01.044434946
109.6406,1,08:45:01.044461161
109.6406,8,08:45:01.061474097
109.6406,1,08:45:01.061652088
109.6406,1,08:45:01.074764133
109.6406,4,08:45:01.199217685
109.6406,6,08:45:01.225790641
109.6406,50,08:45:01.314541738
109.6406,2,08:45:01.333638146
109.6406,9,08:45:02.409136281
109.6406,44,08:45:02.555287753
109.6406,1,08:45:02.555464976
109.6406,2,08:45:02.555501856
109.6406,27,08:45:02.555557928
109.6406,1,08:45:02.555573071
109.6406,1,08:45:02.555625789
109.6406,1,08:45:02.555665821
109.6406,1,08:45:02.555680728
109.6406,1,08:45:02.555705554
109.6406,3,08:45:02.555734220
109.6406,1,08:45:02.555752809
109.6406,1,08:45:02.555782253
109.6406,49,08:45:02.555946413
109.6406,80,08:45:02.556171790
109.6406,8,08:45:02.559236550
109.6406,7,08:45:02.559277249
109.6406,10,08:45:02.563876653
109.6406,24,08:45:02.586496758
109.6563,10,08:45:03.192172201
109.6406,5,08:45:03.227591109
109.6406,6,08:45:03.228441709
109.6406,6,08:45:03.258513282
109.6406,100,08:45:04.949898603
109.6563,18,08:45:05.181446550
109.6563,1,08:45:06.162029928
109.6563,116,08:45:07.226103580
109.6563,16,08:45:07.226788854
109.6563,16,08:45:07.226856322
109.6563,1,08:45:07.227367446
109.6563,36,08:45:07.228132104
109.6563,1,08:45:07.228250093
109.6563,13,08:45:07.228748136
109.6563,8,08:45:07.228885688
109.6563,2,08:45:07.228964310
109.6563,3,08:45:07.228964310
109.6563,1,08:45:07.229003805
109.6563,35,08:45:07.229236772
109.6563,7,08:45:07.229530997
109.6563,91,08:45:07.229789859
109.6563,16,08:45:07.229911425
109.6563,1,08:45:07.230701587
109.6563,1,08:45:07.230775853
109.6563,1,08:45:07.230987982
109.6563,10,08:45:07.230987982
109.6563,10,08:45:07.231141150
109.6563,1,08:45:07.231202192
109.6563,1,08:45:07.231252202
109.6563,1,08:45:07.231292347
109.6563,1,08:45:07.231332563
109.6563,8,08:45:07.231462837
109.6563,1,08:45:07.231496934
109.6563,4,08:45:07.231554320
109.6563,14,08:45:07.231601925
109.6563,10,08:45:07.231707236
109.6563,14,08:45:07.231859905
109.6563,2,08:45:07.231933188
109.6563,1,08:45:07.231964796
109.6563,1,08:45:07.232093704
109.6563,2,08:45:07.232105176
109.6563,2,08:45:07.232208689
109.6563,2,08:45:07.232397192
109.6563,36,08:45:07.232621731
109.6563,1,08:45:07.232659347
109.6563,30,08:45:07.232733272
109.6563,22,08:45:07.232803248
109.6563,7,08:45:07.232882450
109.6563,24,08:45:07.233568240
109.6563,36,08:45:07.233639133
109.6563,1,08:45:07.233964657
109.6563,2,08:45:07.233984421
109.6563,1,08:45:07.234229879
109.6563,1,08:45:07.234279086
109.6563,25,08:45:07.234374390
109.6563,5,08:45:07.234398019
109.6563,14,08:45:07.234490086
109.6563,1,08:45:07.235540359
109.6563,70,08:45:07.235651600
109.6563,2,08:45:07.240914110
109.6563,4,08:45:07.241544752
109.6563,170,08:45:07.242340375
109.6563,3,08:45:07.242477344
109.6563,50,08:45:07.246489259
109.6563,2,08:45:07.246621034
109.6563,3,08:45:07.247332680
109.6563,20,08:45:07.252170004
109.6563,1,08:45:07.270470882
109.6719,18,08:45:07.534880994
109.6563,1,08:45:10.932281398
109.6563,1,08:45:10.932349978
109.6563,36,08:45:10.932543287
109.6563,30,08:45:10.932999578
109.6563,99,08:45:10.933024392
109.6563,1,08:45:10.933114656
109.6563,72,08:45:10.933507486
109.6563,127,08:45:10.933969012
109.6563,1,08:45:10.934514786
109.6563,1,08:45:10.934583806
109.6563,72,08:45:10.934888583
109.6563,166,08:45:10.935578763
109.6563,20,08:45:10.936093167
109.6563,35,08:45:10.936227198
109.6563,50,08:45:10.936411013
109.6563,1,08:45:10.936573295
109.6563,31,08:45:10.936806500
109.6563,1,08:45:10.936855554
109.6563,19,08:45:10.936914912
109.6563,1,08:45:10.938808005
109.6563,1,08:45:10.938960377
109.6563,8,08:45:10.939047406
109.6563,1,08:45:10.939065720
109.6563,1,08:45:10.939098949
109.6563,1,08:45:10.939120332
109.6563,1,08:45:10.939198804
109.6563,22,08:45:10.939229439
109.6563,1,08:45:10.939297526
109.6563,9,08:45:10.939419871
109.6563,19,08:45:10.939463750
109.6563,1,08:45:10.940801550
109.6563,1,08:45:10.940822063
109.6563,1,08:45:10.940928852
109.6563,4,08:45:10.941035020
109.6563,1,08:45:10.941314494
109.6563,1,08:45:10.993968850
109.6563,301,08:45:11.017171695
109.6563,25,08:45:11.023807270
109.6563,3,08:45:11.023889748
109.6563,34,08:45:11.024167801
109.6563,2,08:45:11.025323831
109.6563,1,08:45:11.025602179
109.6563,1,08:45:11.025817176
109.6563,1,08:45:11.025879509
109.6563,43,08:45:11.026107949
109.6563,1,08:45:11.028073618
109.6563,10,08:45:11.032262166
109.6563,10,08:45:11.140056768
109.6563,36,08:45:11.140447328
109.6563,1,08:45:11.140496663
109.6563,1,08:45:11.140542798
109.6563,10,08:45:11.140649629
109.6563,21,08:45:11.141866940
109.6563,69,08:45:11.141947438
109.6563,6,08:45:11.142666611
109.6563,6,08:45:11.143029309
109.6563,3,08:45:11.143212011
109.6563,3,08:45:11.143303718
109.6563,6,08:45:11.143377316
109.6563,18,08:45:11.143444220
109.6563,30,08:45:11.143497982
109.6563,2,08:45:11.143550210
109.6563,21,08:45:11.143626111
109.6563,3,08:45:11.143718539
109.6563,1,08:45:11.144028434
109.6563,1,08:45:11.144212882
109.6563,1,08:45:11.144474078
109.6563,1,08:45:11.174194633
109.6563,221,08:45:11.174736535
109.6563,9,08:45:11.206336403
109.6719,2,08:45:11.660399932
109.6719,1,08:45:12.004148235
109.6563,36,08:45:12.487731687
109.6563,1,08:45:12.487918986
109.6563,1,08:45:12.487943614
109.6563,1,08:45:12.487978674
109.6563,1,08:45:12.488007212
109.6563,1,08:45:12.488037978
109.6563,1,08:45:12.488075559
109.6563,1,08:45:12.488103707
109.6563,1,08:45:12.488139583
109.6563,1,08:45:12.488166374
109.6563,1,08:45:12.488224615
109.6563,1,08:45:12.488323449
109.6563,1,08:45:12.488350351
109.6563,1,08:45:12.488390282
109.6563,1,08:45:12.488424472
109.6563,1,08:45:12.488452405
109.6563,1,08:45:12.488518224
109.6563,1,08:45:12.488555092
109.6563,1,08:45:12.488580618
109.6563,1,08:45:12.488600270
109.6563,3,08:45:12.488648511
109.6563,5,08:45:12.488717911
109.6563,1,08:45:12.488779151
109.6563,2,08:45:12.488820918
109.6563,1,08:45:12.488859266
109.6563,2,08:45:12.488933922
109.6563,1,08:45:12.488933922
109.6563,21,08:45:12.489293401
109.6563,2,08:45:12.489932003
109.6563,25,08:45:12.489984967
109.6563,25,08:45:12.490130305
109.6563,1,08:45:12.490608289
109.6563,4,08:45:12.490752759
109.6563,12,08:45:12.491164207
109.6563,1,08:45:12.492697249
109.6563,1,08:45:12.492739305
109.6563,1,08:45:12.492790790
109.6563,1,08:45:12.494226006
109.6563,1,08:45:12.494682873
109.6563,1,08:45:12.494796530
109.6563,1,08:45:12.494974847
109.6563,36,08:45:12.495313539
109.6563,12,08:45:12.516942615
109.6563,5,08:45:12.582969655
109.6719,1,08:45:15.353996214
109.6719,1,08:45:15.723281701
109.6563,2,08:45:18.401172965
109.6563,36,08:45:18.401782113
109.6563,1,08:45:18.402128730
109.6563,3,08:45:18.402192313
109.6563,1,08:45:18.402325919
109.6563,8,08:45:18.402355062
109.6563,1,08:45:18.402396832
109.6563,1,08:45:18.402449775
109.6563,1,08:45:18.402481279
109.6563,1,08:45:18.402509369
109.6563,1,08:45:18.402543341
109.6563,1,08:45:18.402578565
109.6563,1,08:45:18.402608021
109.6563,1,08:45:18.402826464
109.6563,1,08:45:18.402860324
109.6563,1,08:45:18.402883050
109.6563,1,08:45:18.402919249
109.6563,1,08:45:18.402945080
109.6563,1,08:45:18.402975276
109.6563,1,08:45:18.403019338
109.6563,1,08:45:18.403043402
109.6563,1,08:45:18.403067566
109.6563,1,08:45:18.403098754
109.6563,1,08:45:18.403173573
109.6563,1,08:45:18.403324029
109.6563,1,08:45:18.403595836
109.6563,1,08:45:18.404770125
109.6563,1,08:45:18.404829451
109.6563,5,08:45:18.405158434
109.6563,88,08:45:18.405929294
109.6563,2,08:45:18.407384657
109.6563,1,08:45:18.407407374
109.6563,221,08:45:18.425259774
109.6563,3,08:45:18.425578024
109.6563,6,08:45:18.425805378
109.6563,1,08:45:18.428743012
109.6563,1,08:45:19.100651340
109.6563,5,08:45:19.118334478
109.6563,758,08:45:19.547133503
109.6563,2,08:45:19.569305336
109.6563,2,08:45:19.576430449
109.6563,3,08:45:21.443176506
109.6719,3,08:45:22.316001558
109.6719,3,08:45:22.331646194
109.6563,200,08:45:24.894526666
109.6719,200,08:45:25.026149879
109.6719,2,08:45:25.064653427
109.6563,3,08:45:25.071320650
109.6563,3,08:45:25.071418904
109.6719,1,08:45:25.480073553
109.6563,1,08:45:25.878759754
109.6719,1,08:45:26.544862271
109.6563,1,08:45:27.332727879
109.6563,1500,08:45:28.108863632
109.6563,2,08:45:28.112606478
109.6563,91,08:45:28.112948614
109.6563,20,08:45:28.114169716
109.6563,7,08:45:28.114341182
109.6563,41,08:45:28.114421475
109.6563,1,08:45:28.114564179
109.6563,1,08:45:28.114594064
109.6563,20,08:45:28.115985596
109.6563,281,08:45:28.116235435
109.6563,1,08:45:28.117166647
109.6563,2,08:45:28.117166647
109.6563,1,08:45:28.117450403
109.6563,4,08:45:28.117687672
109.6563,6,08:45:28.117801448
109.6563,3,08:45:28.117974379
109.6563,6,08:45:28.118073293
109.6563,2,08:45:28.118669014
109.6563,20,08:45:28.119077502
109.6563,3,08:45:28.119346121
109.6563,1,08:45:28.119374333
109.6563,10,08:45:28.119515443
109.6563,7,08:45:28.119515443
109.6563,6,08:45:28.119538702
109.6563,7,08:45:28.119561402
109.6563,7,08:45:28.119695636
109.6563,1,08:45:28.120252360
109.6563,50,08:45:28.120349749
109.6563,2,08:45:28.120387064
109.6563,1,08:45:28.120438214
109.6563,3,08:45:28.120523464
109.6563,40,08:45:28.120779424
109.6563,1,08:45:28.121393818
109.6563,1,08:45:28.121438080
109.6563,3,08:45:28.121543321
109.6563,1,08:45:28.121781128
109.6563,1,08:45:28.121819071
109.6563,1,08:45:28.122243947
109.6563,1,08:45:28.122294949
109.6563,1,08:45:28.122347206
109.6563,4,08:45:28.122368090
109.6563,1,08:45:28.122392494
109.6563,1,08:45:28.122428773
109.6563,30,08:45:28.122608293
109.6563,1,08:45:28.122662339
109.6563,87,08:45:28.122779490
109.6563,6,08:45:28.125912524
109.6563,3,08:45:28.125965497
109.6563,1,08:45:28.126394577
109.6563,5,08:45:28.127271824
109.6563,1,08:45:28.127360300
109.6406,5,08:45:28.127426320
109.6563,1,08:45:28.128028176
109.6563,1,08:45:28.128047481
109.6563,36,08:45:28.128082480
109.6563,1,08:45:28.128410862
109.6563,36,08:45:28.128458270
109.6563,3,08:45:28.129314790
109.6563,41,08:45:28.129335744
109.6563,3,08:45:28.129391723
109.6563,2,08:45:28.129419160
109.6563,1,08:45:28.129436649
109.6563,48,08:45:28.129557259
109.6563,1,08:45:28.129767081
109.6563,3,08:45:28.130246454
109.6563,44,08:45:28.130620016
109.6563,1,08:45:28.132313376
109.6563,1,08:45:28.132360545
109.6563,1,08:45:28.132415912
109.6563,1,08:45:28.132445858
109.6563,1,08:45:28.132746178
109.6563,25,08:45:28.133939191
109.6563,1,08:45:28.134317823
109.6563,1,08:45:28.134747863
109.6563,1,08:45:28.134840345
109.6563,4,08:45:28.135587858
109.6563,1,08:45:28.138870183
109.6563,10,08:45:28.139371861
109.6563,54,08:45:28.140249017
109.6563,1,08:45:28.141300309
109.6563,20,08:45:28.142063991
109.6563,25,08:45:28.144009945
109.6563,25,08:45:28.144146392
109.6563,1,08:45:28.144698509
109.6563,21,08:45:28.144889748
109.6563,1,08:45:28.145245566
109.6563,1,08:45:28.145396609
109.6563,1,08:45:28.146000577
109.6563,9,08:45:28.146157281
109.6563,1,08:45:28.146180264
109.6563,25,08:45:28.146231868
109.6563,25,08:45:28.146381880
109.6563,1,08:45:28.146494833
109.6563,48,08:45:28.146543749
109.6563,1,08:45:28.147250570
109.6563,1,08:45:28.147802479
109.6563,20,08:45:28.147997612
109.6563,1,08:45:28.148019584
109.6563,1,08:45:28.148138831
109.6563,1,08:45:28.148184742
109.6563,1,08:45:28.148294194
109.6563,1,08:45:28.148483609
109.6563,1,08:45:28.148503939
109.6563,1,08:45:28.149843995
109.6563,1,08:45:28.150713766
109.6563,25,08:45:28.577733762
109.6563,1,08:45:28.578758448
109.6563,17,08:45:28.579150213
109.6563,1,08:45:28.580348445
109.6563,1,08:45:28.580583202
109.6563,9,08:45:28.581014090
109.6563,150,08:45:29.786030637
109.6563,1,08:45:29.790055991
109.6563,1,08:45:29.790193825
109.6563,1,08:45:29.792555206
109.6563,1,08:45:29.794172561
109.6563,31,08:45:29.794269610
109.6563,15,08:45:29.794374799
109.6563,2,08:45:29.794399632
109.6563,11,08:45:29.794422816
109.6563,25,08:45:29.794451018
109.6563,7,08:45:29.794474081
109.6563,15,08:45:29.794498378
109.6563,1,08:45:29.794527429
109.6563,59,08:45:29.794716460
109.6563,4,08:45:29.794860300
109.6563,51,08:45:29.795071028
109.6563,1,08:45:29.795943287
109.6563,1,08:45:29.796931657
109.6563,1,08:45:29.801005717
109.6563,1,08:45:29.801064896
109.6563,1,08:45:29.801424874
109.6563,4,08:45:29.803242514
109.6563,12,08:45:29.804853513
109.6563,1,08:45:29.805296210
109.6563,30,08:45:29.805366557
109.6563,6,08:45:29.805391031
109.6563,50,08:45:29.806884204
109.6563,26,08:45:29.806958771
109.6563,1,08:45:29.808263642
109.6563,1,08:45:29.808279576
109.6563,1,08:45:29.808298559
109.6563,3,08:45:29.808331599
109.6563,1,08:45:29.808733889
109.6563,1,08:45:29.808761128
109.6563,1,08:45:29.808833488
109.6563,2,08:45:29.808852823
109.6563,1,08:45:29.808876858
109.6563,1,08:45:29.808895857
109.6563,1,08:45:29.808931682
109.6563,1,08:45:29.808962357
109.6563,51,08:45:29.809012099
109.6563,1,08:45:29.809081135
109.6563,2,08:45:29.809104482
109.6563,1,08:45:29.809877701
109.6563,1,08:45:29.809954947
109.6563,56,08:45:29.810023813
109.6563,50,08:45:29.810065862
109.6563,10,08:45:29.810105162
109.6563,11,08:45:29.810378457
109.6563,1,08:45:29.810491221
109.6563,1,08:45:29.810564032
109.6563,9,08:45:29.810582157
109.6563,1,08:45:29.810610176
109.6563,2,08:45:29.810657645
109.6563,45,08:45:29.810983908
109.6563,8,08:45:29.811241329
109.6563,20,08:45:29.811469999
109.6563,19,08:45:29.811493627
109.6563,1,08:45:29.812144892
109.6563,1,08:45:29.812170326
109.6563,1,08:45:29.812323846
109.6563,1,08:45:29.812366542
109.6563,3,08:45:29.812412571
109.6563,65,08:45:29.813094396
109.6563,1,08:45:29.813287251
109.6563,1,08:45:29.813578038
109.6563,1,08:45:29.813682002
109.6563,1,08:45:29.814014756
109.6563,20,08:45:29.814094601
109.6563,1,08:45:29.814157564
109.6563,3,08:45:29.814631800
109.6563,1,08:45:29.814903601
109.6563,1,08:45:29.815013450
109.6563,1,08:45:29.815899083
109.6563,1,08:45:29.815953692
109.6563,1,08:45:29.816023390
109.6563,48,08:45:29.853678466
109.6563,1,08:45:29.991562427
109.6563,1,08:45:29.991771458
109.6563,27,08:45:29.992010260
109.6563,5,08:45:30.015437745
109.6563,7,08:45:30.017810007
109.6563,30,08:45:30.384308511
109.6563,1,08:45:30.386682192
109.6563,1,08:45:30.386725594
109.6563,1,08:45:30.386747064
109.6563,1,08:45:30.386767627
109.6563,1,08:45:30.386789538
109.6563,1,08:45:30.386810687
109.6563,1,08:45:30.386832320
109.6563,1,08:45:30.386856208
109.6563,1,08:45:30.386876637
109.6563,1,08:45:30.386902567
109.6563,1,08:45:30.386919176
109.6563,1,08:45:30.386939493
109.6563,1,08:45:30.386960425
109.6563,1,08:45:30.386987826
109.6563,1,08:45:30.387007056
109.6563,1,08:45:30.387025440
109.6563,1,08:45:30.387045498
109.6563,1,08:45:30.387075377
109.6563,1,08:45:30.387104101
109.6563,1,08:45:30.387124002
109.6563,1,08:45:30.387141995
109.6563,21,08:45:30.387208288
109.6563,1,08:45:30.387248923
109.6563,1,08:45:30.387270312
109.6563,75,08:45:30.387552853
109.6563,2,08:45:30.387832708
109.6563,1,08:45:30.387880743
109.6563,16,08:45:30.388929933
109.6563,25,08:45:30.389934907
109.6563,2,08:45:30.389970991
109.6563,25,08:45:30.390094706
109.6563,44,08:45:30.390327853
109.6563,1,08:45:30.391143728
109.6563,1,08:45:30.391340795
109.6563,27,08:45:30.391363631
109.6563,9,08:45:30.391786962
109.6563,6,08:45:30.391806931
109.6563,51,08:45:30.392649173
109.6563,1,08:45:30.393732782
109.6563,1,08:45:30.393914965
109.6563,1,08:45:30.394347623
109.6563,1,08:45:30.394369976
109.6563,1,08:45:30.394670215
109.6563,1,08:45:30.395671227
109.6563,1,08:45:30.396132088
109.6563,50,08:45:30.962253615
109.6563,3,08:45:31.203674575
109.6563,93,08:45:31.204900008
109.6563,5,08:45:31.206868492
109.6563,1,08:45:31.207888539
109.6563,1,08:45:31.208163743
109.6563,21,08:45:31.228503125
109.6563,4,08:45:31.247847982
109.6563,1,08:45:32.832978915
109.6563,7,08:45:34.532653683
109.6563,36,08:45:34.533284262
109.6563,1,08:45:34.533361022
109.6563,1,08:45:34.533620842
109.6563,160,08:45:34.533974282
109.6563,402,08:45:34.588966904
109.6563,259,08:45:34.599911442
109.6563,1,08:45:34.607124656
109.6563,1,08:45:34.608094009
109.6563,3,08:45:34.608680681
109.6563,2,08:45:34.608737415
109.6719,2,08:45:35.003031194
109.6719,1,08:45:36.508696009
109.6719,29,08:45:37.568434323
109.6719,1,08:45:37.568748954
109.6719,1,08:45:37.568793975
109.6719,1,08:45:37.568834703
109.6719,1,08:45:37.580468909
109.6719,170,08:45:38.006151440
109.6719,206,08:45:38.009354362
109.6719,1,08:45:38.010116544
109.6719,3,08:45:38.010255818
109.6719,1,08:45:38.010306964
109.6719,1,08:45:38.010544447
109.6719,685,08:45:38.011179273
109.6719,5,08:45:38.020040396
109.6719,3,08:45:38.023503858
109.6875,1,08:45:38.040663497
109.6719,12,08:45:38.132145477
109.6719,14,08:45:38.134110899
109.6719,1,08:45:38.135062486
109.6719,12,08:45:38.135360707
109.6719,5,08:45:38.135489826
109.6719,25,08:45:38.135770917
109.6719,3,08:45:38.135828339
109.6719,25,08:45:38.135915262
109.6719,1,08:45:38.136197815
109.6719,21,08:45:38.136289211
109.6719,4,08:45:38.136410962
109.6719,26,08:45:38.136429835
109.6719,4,08:45:38.136478205
109.6719,63,08:45:38.136934287
109.6719,20,08:45:38.138024492
109.6719,50,08:45:38.138049113
109.6719,51,08:45:38.138249264
109.6719,24,08:45:38.138286414
109.6719,35,08:45:38.138358425
109.6719,20,08:45:38.142715646
109.6719,149,08:45:38.142800877
109.6719,11,08:45:38.144236723
109.6719,1,08:45:38.144602846
109.6719,1,08:45:38.144763191
109.6719,149,08:45:38.145008537
109.6719,3,08:45:38.145104302
109.6719,1,08:45:38.145135349
109.6719,1,08:45:38.145173276
109.6719,1,08:45:38.145785030
109.6719,1,08:45:38.146031118
109.6719,1,08:45:38.146117363
109.6719,4,08:45:38.146168269
109.6719,1,08:45:38.146187617
109.6719,1,08:45:38.146774637
109.6719,4,08:45:38.146796932
109.6719,1,08:45:38.146824125
109.6719,1,08:45:38.146903270
109.6719,2,08:45:38.146971802
109.6719,20,08:45:38.255241183
109.6719,1,08:45:38.697830285
109.6719,1,08:45:39.845232545
109.6563,1,08:45:40.941776020
109.6563,10,08:45:40.941927539
109.6563,42,08:45:40.942173686
109.6563,1,08:45:40.942241748
109.6563,1,08:45:40.942471631
109.6563,1,08:45:40.942724011
109.6563,1,08:45:40.942818210
109.6719,40,08:45:41.205096844
109.6563,1,08:45:41.915606316
109.6563,1,08:45:41.915661827
109.6563,1,08:45:41.915715960
109.6719,1,08:45:44.695484631
109.6719,1,08:45:44.714322169
109.6719,2,08:45:45.653328999
109.6719,1,08:45:46.092701505
109.6563,3,08:45:48.047329842
109.6563,9,08:45:48.047928305
109.6563,6,08:45:48.063965490
109.6563,6,08:45:48.072417516
109.6719,8,08:45:48.972507360
109.6719,1,08:45:49.539301364
109.6563,7,08:45:49.556766826
109.6563,12,08:45:49.557930252
109.6563,1,08:45:49.558353947
109.6563,1,08:45:49.558560162
109.6563,6,08:45:49.637703277
109.6563,6,08:45:49.643665055
109.6563,6,08:45:49.666646645
109.6563,6,08:45:49.672669420
109.6563,7,08:45:49.692752362
109.6563,6,08:45:49.699778379
109.6563,6,08:45:49.717807653
109.6563,6,08:45:49.734296798
109.6563,7,08:45:49.749707091
109.6563,6,08:45:49.766685500
109.6563,18,08:45:49.766918980
109.6563,6,08:45:49.990928668
109.6563,7,08:45:49.996819863
109.6563,3,08:45:49.997067487
109.6563,6,08:45:50.249165904
109.6563,1,08:45:50.252134790
109.6563,6,08:45:50.257108714
109.6563,25,08:45:50.466283360
109.6563,1,08:45:50.466388683
109.6563,6,08:45:50.484212775
109.6563,60,08:45:50.730802415
109.6563,1,08:45:50.731075283
109.6563,1,08:45:50.731176469
109.6563,174,08:45:50.731774500
109.6563,1,08:45:50.732060430
109.6563,1,08:45:50.732112296
109.6563,33,08:45:50.732269016
109.6563,26,08:45:50.733397192
109.6563,25,08:45:50.733544600
109.6563,2,08:45:50.736040481
109.6563,1,08:45:50.736068901
109.6563,1,08:45:50.736090063
109.6563,13,08:45:50.736117461
109.6563,41,08:45:50.736168343
109.6563,1,08:45:50.736298002
109.6563,26,08:45:50.736342784
109.6563,16,08:45:50.736378631
109.6563,1,08:45:50.736612624
109.6563,1,08:45:50.737367439
109.6563,1,08:45:50.738257447
109.6563,5,08:45:50.738409889
109.6563,9,08:45:50.738598869
109.6563,1,08:45:50.738833725
109.6563,2,08:45:50.739480810
109.6563,7,08:45:50.747295912
109.6719,1,08:45:52.326852849
109.6719,1,08:45:59.131751604
109.6719,5,08:46:00.556469968
109.6719,1,08:46:00.970996709
109.6719,4,08:46:01.294417461
109.6563,2,08:46:02.281307838
109.6719,1,08:46:03.498836974
109.6719,1,08:46:03.533282370
109.6719,1,08:46:03.973439642
109.6563,25,08:46:04.534985485
109.6719,5,08:46:05.756572384
109.6563,6,08:46:06.322914963
109.6563,687,08:46:06.393783303
109.6563,3,08:46:06.398804229
109.6563,1,08:46:06.411326656
109.6563,1,08:46:06.411656637
109.6563,1,08:46:06.732570600
109.6563,14,08:46:07.769397070
109.6563,4,08:46:07.769494052
109.6563,2,08:46:07.769531914
109.6563,1,08:46:07.769898521
109.6563,1,08:46:13.554413047
109.6563,1,08:46:14.514386012
109.6563,9,08:46:15.679777337
109.6563,1,08:46:18.390629072
109.6563,9,08:46:19.094858769
109.6563,20,08:46:19.094963834
109.6563,2,08:46:19.095102759
109.6563,1,08:46:19.095216198
109.6563,25,08:46:19.095333313
109.6563,1,08:46:19.095412096
109.6563,6,08:46:19.095508481
109.6563,14,08:46:19.095639147
109.6563,36,08:46:19.095927175
109.6563,1,08:46:19.096057299
109.6563,36,08:46:19.096315705
109.6563,159,08:46:19.096747272
109.6563,10,08:46:19.098848066
109.6563,640,08:46:19.100471398
109.6563,1,08:46:19.101648788
109.6563,1,08:46:19.101703670
109.6563,24,08:46:19.102710877
109.6563,1,08:46:19.104049150
109.6563,1,08:46:19.104127712
109.6563,1,08:46:19.104557369
109.6563,1,08:46:19.105121556
109.6563,7,08:46:19.105248208
109.6563,1,08:46:19.106888139
109.6563,1,08:46:19.106967904
109.6563,1,08:46:19.107000970
109.6563,15,08:46:19.107129004
109.6563,25,08:46:19.107324084
109.6563,1,08:46:19.108309604
109.6563,25,08:46:19.109454933
109.6563,36,08:46:19.109505744
109.6563,2,08:46:19.109640485
109.6563,1,08:46:19.109640485
109.6563,36,08:46:19.109711655
109.6563,1,08:46:19.110653492
109.6563,1,08:46:19.110933919
109.6563,1,08:46:19.112131221
109.6563,5,08:46:19.113858289
109.6563,76,08:46:19.114399288
109.6563,1,08:46:19.115160392
109.6563,2,08:46:19.115463358
109.6563,1,08:46:19.115487436
109.6563,1,08:46:19.115514950
109.6563,1,08:46:19.115603163
109.6563,50,08:46:19.115724979
109.6563,20,08:46:19.116569851
109.6563,1,08:46:19.116649734
109.6563,2,08:46:19.116706355
109.6563,1,08:46:19.116740901
109.6563,1,08:46:19.116905253
109.6563,13,08:46:19.117232546
109.6563,1,08:46:19.117503092
109.6563,1,08:46:19.118313752
109.6563,1,08:46:19.118458593
109.6563,1,08:46:19.118509746
109.6563,1,08:46:19.118536608
109.6563,1,08:46:19.118585744
109.6563,1,08:46:19.118617245
109.6563,1,08:46:19.118644929
109.6563,11,08:46:19.118749249
109.6563,1,08:46:19.118907847
109.6563,1,08:46:19.118935640
109.6563,1,08:46:19.119147471
109.6563,1,08:46:19.119171039
109.6563,7,08:46:19.162046765
109.6563,1,08:46:19.165690861
109.6563,16,08:46:19.166160205
109.6563,28,08:46:19.166213685
109.6563,33,08:46:19.166239460
109.6563,13,08:46:19.166413845
109.6563,25,08:46:19.166500145
109.6563,14,08:46:19.177813883
109.6563,1,08:46:19.178554724
109.6563,9,08:46:19.178576657
109.6563,39,08:46:19.178642300
109.6563,1,08:46:19.178697123
109.6563,137,08:46:19.178919557
109.6719,161,08:46:19.189126736
109.6563,1,08:46:19.200405661
109.6719,11,08:46:20.260616744
109.6719,1,08:46:20.462410804
109.6719,12,08:46:22.483357996
109.6719,1,08:46:23.222952342
109.6563,1,08:46:24.941563566
109.6719,1,08:46:28.053210211
109.6563,1,08:46:29.373656966
109.6719,1,08:46:29.459884189
109.6563,4,08:46:29.478840973
109.6563,22,08:46:29.722744401
109.6563,1,08:46:29.723443071
109.6563,1,08:46:29.726030720
109.6563,8,08:46:30.172860292
109.6719,1,08:46:32.880311344
109.6719,3,08:46:32.885704518
109.6719,4,08:46:34.260207203
109.6719,1,08:46:34.260340268
109.6719,84,08:46:34.260770427
109.6719,1,08:46:34.261461815
109.6719,412,08:46:34.267344084
109.6719,2,08:46:34.268013028
109.6719,45,08:46:34.268561996
109.6719,74,08:46:34.268810986
109.6719,12,08:46:34.270217380
109.6719,1,08:46:34.270411822
109.6719,1,08:46:34.271522555
109.6719,25,08:46:34.272176364
109.6719,76,08:46:34.275048034
109.6719,1,08:46:34.275503477
109.6719,6,08:46:34.275745044
109.6719,25,08:46:34.275782116
109.6719,15,08:46:34.275914348
109.6719,41,08:46:34.276785058
109.6719,10,08:46:34.277886130
109.6719,1,08:46:34.277920633
109.6719,1,08:46:34.277972682
109.6719,1,08:46:34.278109504
109.6719,2,08:46:34.278300467
109.6719,1,08:46:34.279333033
109.6719,1,08:46:34.279914906
109.6719,1,08:46:34.280623637
109.6719,6,08:46:34.280648263
109.6719,5,08:46:34.280686023
109.6719,28,08:46:34.281246921
109.6719,3,08:46:34.282352485
109.6719,1,08:46:34.288010104
109.6719,12,08:46:34.939752097
109.6719,100,08:46:34.940079220
109.6719,1,08:46:34.941231051
109.6719,86,08:46:34.941809223
109.6719,2,08:46:34.945135597
109.6719,51,08:46:34.961014087
109.6719,1,08:46:34.971857256
109.6719,350,08:46:35.778346879
109.6719,1,08:46:35.779287276
109.6719,1,08:46:35.779601795
109.6719,1,08:46:35.780427030
109.6719,15,08:46:35.780862230
109.6719,14,08:46:35.781971096
109.6563,1,08:46:36.843074512
109.6719,1,08:46:37.249893492
109.6719,1,08:46:37.702424321
109.6719,27,08:46:37.781127415
109.6719,1,08:46:37.781309880
109.6719,1,08:46:37.781396181
109.6719,1,08:46:37.781437873
109.6719,1,08:46:37.781542304
109.6719,1,08:46:37.781572390
109.6719,1,08:46:37.781599507
109.6719,1,08:46:37.781648203
109.6719,1,08:46:37.781714114
109.6719,1,08:46:37.781815550
109.6719,1,08:46:37.781850831
109.6719,1,08:46:37.781873993
109.6719,1,08:46:37.781898268
109.6719,1,08:46:37.781976574
109.6719,1,08:46:37.782005231
109.6719,1,08:46:37.782039875
109.6719,1,08:46:37.782074180
109.6719,1,08:46:37.782138413
109.6719,1,08:46:37.782196351
109.6719,1,08:46:37.782230368
109.6719,3,08:46:37.782302798
109.6719,1,08:46:37.782351734
109.6719,1,08:46:37.782407860
109.6719,1,08:46:37.782868618
109.6719,65,08:46:37.783137417
109.6719,9,08:46:37.798706468
109.6719,13,08:46:37.798844013
109.6719,12,08:46:37.798982220
109.6719,1,08:46:37.799011636
109.6719,1,08:46:37.799324759
109.6719,15,08:46:37.799418178
109.6719,1,08:46:37.799512574
109.6719,1,08:46:37.799587013
109.6719,1,08:46:37.799638544
109.6719,1,08:46:37.799834612
109.6719,1,08:46:37.799941955
109.6719,23,08:46:37.805666250
109.6719,1,08:46:37.805914878
109.6719,1,08:46:37.806014205
109.6719,1,08:46:37.806175550
109.6719,14,08:46:37.806345006
109.6719,23,08:46:37.807349126
109.6719,14,08:46:37.809008541
109.6719,17,08:46:37.809335491
109.6719,1,08:46:37.812370286
109.6719,10,08:46:37.814984530
109.6719,1,08:46:37.819129204
109.6719,146,08:46:37.829690793
109.6719,10,08:46:37.835052431
109.6719,1,08:46:37.835324699
109.6719,6,08:46:37.843894859
109.6719,1,08:46:38.592307874
109.6719,9,08:46:39.126035856
109.6719,30,08:46:40.134483866
109.6719,1,08:46:40.134760992
109.6719,3,08:46:40.134830699
109.6719,1,08:46:40.134944262
109.6719,1,08:46:40.135061254
109.6719,5,08:46:40.135143434
109.6719,1,08:46:40.135607936
109.6719,50,08:46:41.096430281
109.6719,1,08:46:41.096847365
109.6719,4,08:46:41.097201160
109.6719,36,08:46:41.097453508
109.6719,1,08:46:41.097494014
109.6719,1,08:46:41.097555833
109.6719,5,08:46:41.097635931
109.6719,1,08:46:41.097680943
109.6719,1,08:46:41.097701680
109.6719,1,08:46:41.097731648
109.6719,1,08:46:41.097752500
109.6719,1,08:46:41.097780356
109.6719,1,08:46:41.097795323
109.6719,1,08:46:41.097811634
109.6719,1,08:46:41.097831781
109.6719,1,08:46:41.097868179
109.6719,1,08:46:41.097920784
109.6719,1,08:46:41.097972988
109.6719,1,08:46:41.098004191
109.6719,1,08:46:41.098040598
109.6719,1,08:46:41.098074317
109.6719,1,08:46:41.098102845
109.6719,1,08:46:41.098146847
109.6719,1,08:46:41.098173820
109.6719,1,08:46:41.098200044
109.6719,1,08:46:41.098242510
109.6719,1,08:46:41.098288443
109.6719,2,08:46:41.098325474
109.6719,1,08:46:41.098405758
109.6719,1,08:46:41.098422030
109.6719,1,08:46:41.098545698
109.6719,17,08:46:41.098721117
109.6719,1,08:46:41.109663400
109.6719,12,08:46:42.100371405
109.6719,1,08:46:42.100656364
109.6719,36,08:46:42.101022017
109.6719,88,08:46:42.101506503
109.6719,4,08:46:42.101658391
109.6719,1,08:46:42.101989531
109.6719,1,08:46:42.103900891
109.6719,143,08:46:42.105472196
109.6719,1,08:46:42.105648632
109.6719,1,08:46:42.106241492
109.6719,107,08:46:42.106262506
109.6719,1,08:46:42.106339500
109.6719,3,08:46:42.107177571
109.6719,1,08:46:42.108025182
109.6719,25,08:46:42.192096802
109.6719,36,08:46:42.192396242
109.6719,26,08:46:42.192493728
109.6719,25,08:46:42.192538107
109.6719,194,08:46:42.192709565
109.6719,47,08:46:42.196014942
109.6719,1,08:46:42.196939092
109.6719,4,08:46:43.342194504
109.6719,1,08:46:43.342394229
109.6719,1,08:46:43.952885365
109.6875,1,08:46:45.568313654
109.6875,1,08:46:45.573554499
109.6875,5,08:46:45.573646225
109.6719,2,08:46:45.594852030
109.6875,1,08:46:45.682626921
109.6875,25,08:46:45.682717793
109.6875,25,08:46:45.684113399
109.6875,26,08:46:45.684533792
109.6875,1,08:46:45.684806161
109.6875,3,08:46:45.684973711
109.6875,315,08:46:45.685175677
109.6875,6,08:46:45.686060517
109.6875,314,08:46:45.686147069
109.6875,1,08:46:45.686237455
109.6875,2,08:46:45.686291059
109.6875,1,08:46:45.686346171
109.6875,8,08:46:45.686461401
109.6875,60,08:46:45.686621539
109.6875,40,08:46:45.686678110
109.6875,2,08:46:45.686737560
109.6875,3,08:46:45.686781914
109.6875,12,08:46:45.686856501
109.6875,1,08:46:45.686909412
109.6875,3,08:46:45.686909412
109.6875,9,08:46:45.687112394
109.6875,5,08:46:45.687128592
109.6875,3,08:46:45.687150305
109.6875,18,08:46:45.687180652
109.6875,8,08:46:45.687212425
109.6875,7,08:46:45.691925691
109.6875,1,08:46:45.691974367
109.6875,47,08:46:45.692055953
109.6875,10,08:46:45.692148406
109.6875,1,08:46:45.692300153
109.6875,25,08:46:45.692398712
109.6875,24,08:46:45.692886703
109.6875,25,08:46:45.693721073
109.6875,36,08:46:45.694018351
109.6875,36,08:46:45.694057558
109.6875,2,08:46:45.694275496
109.6875,2,08:46:45.694383366
109.6875,3,08:46:45.694399824
109.6875,8,08:46:45.694433672
109.6875,26,08:46:45.694462110
109.6875,237,08:46:45.694561133
109.6875,1,08:46:45.695603122
109.6875,1,08:46:45.695753900
109.6875,1,08:46:45.695801213
109.6875,1,08:46:45.697007768
109.6875,3,08:46:45.697067427
109.6875,1,08:46:45.698271653
109.6875,3,08:46:45.698465916
109.6875,1,08:46:45.698538468
109.6875,1,08:46:45.698567073
109.6875,1,08:46:45.698713448
109.6875,12,08:46:45.698890139
109.6875,1,08:46:45.699063073
109.6875,25,08:46:45.699228219
109.6875,25,08:46:45.699311933
109.6875,1,08:46:45.702019281
109.6875,9,08:46:45.705054503
109.6875,15,08:46:45.705161779
109.6875,1,08:46:45.705639258
109.6875,1,08:46:45.705866641
109.6875,1,08:46:45.705978762
109.6875,13,08:46:45.707111575
109.6875,2,08:46:45.734971063
109.6875,25,08:46:45.769558410
109.6875,2,08:46:45.805296713
109.6875,1,08:46:45.805571803
109.6875,4,08:46:45.841454713
109.6875,26,08:46:45.903462249
109.6875,4,08:46:45.903537191
109.6875,25,08:46:45.903665936
109.6875,80,08:46:45.904767273
109.6875,33,08:46:45.904905155
109.6875,13,08:46:45.905065763
109.6875,8,08:46:45.914023512
109.6875,5,08:46:45.914508031
109.6875,4,08:46:45.923091282
109.6875,8,08:46:45.926607295
109.6875,2,08:46:47.116237418
109.6875,1,08:46:47.810788526
109.6875,1,08:46:48.405184104
109.7031,1541,08:46:50.128220919
109.7031,1,08:46:50.129514033
109.7031,254,08:46:51.570072888
109.6875,7,08:46:51.779644537
109.7031,500,08:46:52.147586776
109.7031,1,08:46:52.150007965
109.7031,20,08:46:52.157236616
109.6875,2,08:46:52.166453494
109.7031,150,08:46:54.798251306
109.7031,100,08:46:54.798284006
109.7031,8,08:46:54.875292907
109.7031,10,08:46:54.908876924
