bidVolume,bidPrice,askVolume,askPrice,timestamp
5,118.48,91,118.49,12:30:00.014372778
6,118.48,91,118.49,12:30:00.014615031
9,118.48,91,118.49,12:30:00.014826304
9,118.48,88,118.49,12:30:00.047605696
8,118.48,88,118.49,12:30:00.066450324
7,118.48,88,118.49,12:30:00.218936211
6,118.48,88,118.49,12:30:00.702582582
3,118.48,88,118.49,12:30:00.702820646
2,118.48,88,118.49,12:30:00.704613128
1,118.48,88,118.49,12:30:00.708203597
111,118.47,88,118.49,12:30:00.708417028
111,118.47,95,118.49,12:30:00.708479000
109,118.47,95,118.49,12:30:00.708730148
108,118.47,95,118.49,12:30:00.708825207
108,118.47,3,118.48,12:30:00.971153885
108,118.47,13,118.48,12:30:00.971552076
108,118.47,16,118.48,12:30:00.971569644
108,118.47,17,118.48,12:30:00.971569644
108,118.47,25,118.48,12:30:00.971660113
108,118.47,33,118.48,12:30:00.971660113
108,118.47,34,118.48,12:30:00.971816270
90,118.47,34,118.48,12:30:00.972014684
88,118.47,34,118.48,12:30:00.972014684
86,118.47,34,118.48,12:30:00.972151241
86,118.47,42,118.48,12:30:00.972151241
86,118.47,43,118.48,12:30:00.972151241
86,118.47,42,118.48,12:30:00.972288907
81,118.47,42,118.48,12:30:00.972596817
81,118.47,43,118.48,12:30:00.976931774
81,118.47,44,118.48,12:30:00.977295825
81,118.47,45,118.48,12:30:00.977295825
76,118.47,45,118.48,12:30:00.978816919
76,118.47,51,118.48,12:30:00.978816919
65,118.47,51,118.48,12:30:00.978970397
65,118.47,55,118.48,12:30:00.978989674
53,118.47,55,118.48,12:30:00.979111034
47,118.47,55,118.48,12:30:00.979203539
38,118.47,55,118.48,12:30:00.979203539
38,118.47,54,118.48,12:30:00.996650472
38,118.47,52,118.48,12:30:00.997537028
38,118.47,48,118.48,12:30:00.997703236
38,118.47,42,118.48,12:30:00.997703236
45,118.47,42,118.48,12:30:00.997766295
45,118.47,41,118.48,12:30:00.997766295
44,118.47,41,118.48,12:30:01.008303378
43,118.47,41,118.48,12:30:01.008303378
42,118.47,41,118.48,12:30:01.008303378
41,118.47,41,118.48,12:30:01.008303378
41,118.47,44,118.48,12:30:01.008539359
41,118.47,45,118.48,12:30:01.008539359
42,118.47,45,118.48,12:30:01.008614552
42,118.47,46,118.48,12:30:01.008717947
41,118.47,46,118.48,12:30:01.008717947
42,118.47,46,118.48,12:30:01.008734117
43,118.47,46,118.48,12:30:01.008734117
43,118.47,48,118.48,12:30:01.008790351
44,118.47,48,118.48,12:30:01.008891262
45,118.47,48,118.48,12:30:01.008891262
45,118.47,47,118.48,12:30:01.008990171
45,118.47,53,118.48,12:30:01.106152174
45,118.47,57,118.48,12:30:01.106217998
45,118.47,63,118.48,12:30:01.224795727
45,118.47,64,118.48,12:30:01.340066678
45,118.47,66,118.48,12:30:01.340207762
44,118.47,66,118.48,12:30:01.465870165
45,118.47,66,118.48,12:30:01.493109395
45,118.47,63,118.48,12:30:01.731854902
45,118.47,61,118.48,12:30:01.732881958
46,118.47,61,118.48,12:30:02.241805915
47,118.47,61,118.48,12:30:02.241991032
47,118.47,59,118.48,12:30:02.242149262
65,118.47,59,118.48,12:30:03.030449283
74,118.47,59,118.48,12:30:03.030720600
74,118.47,58,118.48,12:30:03.030904571
74,118.47,54,118.48,12:30:03.031106521
74,118.47,48,118.48,12:30:03.031106521
74,118.47,47,118.48,12:30:03.031247618
74,118.47,46,118.48,12:30:03.031247618
74,118.47,38,118.48,12:30:03.031357294
74,118.47,37,118.48,12:30:03.031515065
74,118.47,38,118.48,12:30:03.296581038
74,118.47,39,118.48,12:30:03.303177417
74,118.47,40,118.48,12:30:03.303480747
74,118.47,39,118.48,12:30:03.309303399
74,118.47,38,118.48,12:30:03.339380790
74,118.47,39,118.48,12:30:03.348412920
74,118.47,38,118.48,12:30:03.351994201
74,118.47,37,118.48,12:30:06.431317533
74,118.47,39,118.48,12:30:08.408775521
74,118.47,40,118.48,12:30:09.812151942
74,118.47,41,118.48,12:30:09.819020509
74,118.47,42,118.48,12:30:09.819171581
74,118.47,41,118.48,12:30:09.819683213
73,118.47,41,118.48,12:30:09.819747456
73,118.47,40,118.48,12:30:09.820113343
73,118.47,37,118.48,12:30:11.926380909
83,118.47,37,118.48,12:30:11.926461652
83,118.47,27,118.48,12:30:11.926461652
83,118.47,26,118.48,12:30:11.926535188
83,118.47,18,118.48,12:30:11.926535188
89,118.47,18,118.48,12:30:11.926535188
89,118.47,17,118.48,12:30:11.927442655
89,118.47,9,118.48,12:30:11.927442655
89,118.47,7,118.48,12:30:11.927533692
89,118.47,6,118.48,12:30:11.927847271
96,118.47,6,118.48,12:30:11.927847271
100,118.47,6,118.48,12:30:11.927946753
101,118.47,6,118.48,12:30:11.927946753
101,118.47,3,118.48,12:30:11.928184319
101,118.47,2,118.48,12:30:11.928202565
101,118.47,105,118.49,12:30:11.928202565
2,118.48,105,118.49,12:30:11.928202565
3,118.48,105,118.49,12:30:11.928579874
3,118.48,87,118.49,12:30:11.928599835
1,118.48,87,118.49,12:30:11.928688440
114,118.47,87,118.49,12:30:11.960836645
114,118.47,1,118.48,12:30:11.960836645
112,118.47,1,118.48,12:30:11.961215510
119,118.47,1,118.48,12:30:12.030271885
123,118.47,1,118.48,12:30:12.030342771
126,118.47,1,118.48,12:30:12.030444394
126,118.47,85,118.49,12:30:12.056257554
123,118.47,85,118.49,12:30:12.056486114
8,118.48,85,118.49,12:30:13.889481968
9,118.48,85,118.49,12:30:13.889777149
9,118.48,93,118.49,12:30:13.889979114
17,118.48,93,118.49,12:30:13.889979114
17,118.48,95,118.49,12:30:13.889979114
17,118.48,98,118.49,12:30:13.890147309
18,118.48,98,118.49,12:30:15.245793946
18,118.48,97,118.49,12:30:16.576925501
18,118.48,98,118.49,12:30:16.780758258
10,118.48,98,118.49,12:30:16.843738917
10,118.48,95,118.49,12:30:16.844058225
11,118.48,95,118.49,12:30:17.649595530
14,118.48,95,118.49,12:30:17.649832843
15,118.48,95,118.49,12:30:17.649832843
16,118.48,95,118.49,12:30:17.650046343
15,118.48,95,118.49,12:30:17.874907316
14,118.48,95,118.49,12:30:17.874968551
6,118.48,95,118.49,12:30:20.263414171
5,118.48,95,118.49,12:30:20.263414171
4,118.48,95,118.49,12:30:20.263486469
1,118.48,95,118.49,12:30:20.263751615
1,118.48,98,118.49,12:30:20.263811324
105,118.47,98,118.49,12:30:20.405912205
108,118.47,98,118.49,12:30:20.406108992
106,118.47,98,118.49,12:30:20.406186621
106,118.47,100,118.49,12:30:20.406250001
105,118.47,100,118.49,12:30:21.046311867
105,118.47,98,118.49,12:30:21.046595662
105,118.47,97,118.49,12:30:22.586464963
105,118.47,94,118.49,12:30:22.898220018
105,118.47,1,118.48,12:30:23.099274915
105,118.47,3,118.48,12:30:23.099274915
87,118.47,3,118.48,12:30:23.099465164
84,118.47,3,118.48,12:30:23.099481368
84,118.47,6,118.48,12:30:23.099598146
84,118.47,8,118.48,12:30:23.099598146
84,118.47,9,118.48,12:30:23.099696325
84,118.47,12,118.48,12:30:23.099696325
82,118.47,12,118.48,12:30:23.099904097
82,118.47,20,118.48,12:30:23.099904097
82,118.47,28,118.48,12:30:23.100198427
82,118.47,29,118.48,12:30:23.100198427
82,118.47,47,118.48,12:30:23.100369687
80,118.47,47,118.48,12:30:23.100471518
80,118.47,29,118.48,12:30:23.923150824
80,118.47,28,118.48,12:30:23.923332808
80,118.47,29,118.48,12:30:23.923409508
80,118.47,32,118.48,12:30:23.923549118
80,118.47,29,118.48,12:30:24.120936683
80,118.47,26,118.48,12:30:25.661997315
80,118.47,24,118.48,12:30:25.662164738
80,118.47,16,118.48,12:30:25.662319365
80,118.47,15,118.48,12:30:25.662395839
80,118.47,13,118.48,12:30:25.662543743
80,118.47,5,118.48,12:30:25.662633029
80,118.47,4,118.48,12:30:25.662839434
80,118.47,1,118.48,12:30:25.662839434
87,118.47,1,118.48,12:30:25.662911055
91,118.47,1,118.48,12:30:25.662986978
93,118.47,1,118.48,12:30:25.663102133
96,118.47,1,118.48,12:30:25.663175623
98,118.47,1,118.48,12:30:25.663337726
98,118.47,102,118.49,12:30:25.688203453
95,118.47,102,118.49,12:30:25.688391315
95,118.47,95,118.49,12:30:25.688461408
97,118.47,95,118.49,12:30:25.688685436
97,118.47,103,118.49,12:30:27.015226487
97,118.47,105,118.49,12:30:27.015329655
97,118.47,112,118.49,12:30:27.015435681
97,118.47,1,118.48,12:30:27.255952924
95,118.47,1,118.48,12:30:27.256263087
95,118.47,2,118.48,12:30:27.565819291
98,118.47,2,118.48,12:30:30.928839952
98,118.47,4,118.48,12:30:31.449784953
98,118.47,2,118.48,12:30:31.449954553
98,118.47,4,118.48,12:30:31.450147756
98,118.47,5,118.48,12:30:31.450410514
98,118.47,6,118.48,12:30:31.450410514
98,118.47,7,118.48,12:30:31.450473976
98,118.47,6,118.48,12:30:31.450582065
98,118.47,5,118.48,12:30:31.450878949
98,118.47,6,118.48,12:30:31.451250488
98,118.47,5,118.48,12:30:31.451466185
91,118.47,5,118.48,12:30:31.451540320
91,118.47,3,118.48,12:30:31.451540320
91,118.47,5,118.48,12:30:31.452015377
91,118.47,3,118.48,12:30:31.452516762
91,118.47,2,118.48,12:30:31.453689932
91,118.47,3,118.48,12:30:31.596046078
91,118.47,4,118.48,12:30:33.504514740
91,118.47,5,118.48,12:30:33.504723943
98,118.47,5,118.48,12:30:33.803701196
98,118.47,4,118.48,12:30:33.816293318
98,118.47,3,118.48,12:30:33.816434280
98,118.47,2,118.48,12:30:34.113506198
98,118.47,3,118.48,12:30:34.409541764
98,118.47,2,118.48,12:30:34.886954669
98,118.47,1,118.48,12:30:34.938956064
98,118.47,103,118.49,12:30:34.939349551
1,118.48,103,118.49,12:30:34.939349551
89,118.47,103,118.49,12:30:34.942202589
89,118.47,96,118.49,12:30:34.942434109
89,118.47,106,118.49,12:30:35.373841702
89,118.47,113,118.49,12:30:35.374025209
89,118.47,2,118.48,12:30:35.374323519
87,118.47,2,118.48,12:30:35.374472495
97,118.47,2,118.48,12:30:35.374894085
104,118.47,2,118.48,12:30:35.375123432
97,118.47,2,118.48,12:30:39.077218308
97,118.47,3,118.48,12:30:40.002188153
97,118.47,2,118.48,12:30:40.061478759
97,118.47,3,118.48,12:30:40.378954861
97,118.47,4,118.48,12:30:40.379058692
97,118.47,7,118.48,12:30:45.394422255
97,118.47,15,118.48,12:30:45.394495871
97,118.47,23,118.48,12:30:45.394495871
97,118.47,24,118.48,12:30:45.394634396
97,118.47,42,118.48,12:30:45.394706537
95,118.47,42,118.48,12:30:45.394882175
95,118.47,45,118.48,12:30:45.394882175
85,118.47,45,118.48,12:30:45.394954161
83,118.47,45,118.48,12:30:45.395115893
77,118.47,45,118.48,12:30:53.957410797
67,118.47,45,118.48,12:30:53.957472585
67,118.47,46,118.48,12:30:58.336834666
67,118.47,48,118.48,12:30:58.337099075
49,118.47,48,118.48,12:31:02.409867692
49,118.47,59,118.48,12:31:02.410046517
49,118.47,57,118.48,12:31:02.410110888
49,118.47,58,118.48,12:31:02.410362315
41,118.47,58,118.48,12:31:02.410442654
41,118.47,59,118.48,12:31:02.410790688
41,118.47,60,118.48,12:31:02.410967307
52,118.47,60,118.48,12:31:03.465054652
52,118.47,49,118.48,12:31:03.465128936
55,118.47,49,118.48,12:31:03.465368645
55,118.47,48,118.48,12:31:03.465368645
55,118.47,47,118.48,12:31:03.465590680
55,118.47,45,118.48,12:31:04.377180711
55,118.47,44,118.48,12:31:04.377267718
55,118.47,43,118.48,12:31:04.377286788
55,118.47,40,118.48,12:31:04.377286788
55,118.47,32,118.48,12:31:04.377511933
55,118.47,29,118.48,12:31:04.377511933
58,118.47,29,118.48,12:31:04.377616918
58,118.47,28,118.48,12:31:04.377631495
58,118.47,31,118.48,12:31:04.377877325
58,118.47,39,118.48,12:31:04.728362750
55,118.47,39,118.48,12:31:05.506383020
55,118.47,41,118.48,12:31:05.506469957
52,118.47,41,118.48,12:31:05.973152470
52,118.47,39,118.48,12:31:05.995904801
52,118.47,40,118.48,12:31:06.250683428
52,118.47,39,118.48,12:31:07.015102973
52,118.47,40,118.48,12:31:08.085045451
52,118.47,41,118.48,12:31:08.085226510
52,118.47,42,118.48,12:31:08.314193397
52,118.47,43,118.48,12:31:08.314455870
52,118.47,42,118.48,12:31:12.089195783
52,118.47,41,118.48,12:31:12.090229599
52,118.47,40,118.48,12:31:12.090296370
52,118.47,41,118.48,12:31:14.811577121
52,118.47,44,118.48,12:31:14.811785022
52,118.47,43,118.48,12:31:15.490218051
52,118.47,40,118.48,12:31:15.491241477
52,118.47,39,118.48,12:31:15.505277309
52,118.47,40,118.48,12:31:15.929180579
52,118.47,41,118.48,12:31:15.929402595
52,118.47,42,118.48,12:31:15.929564091
52,118.47,53,118.48,12:31:16.119838472
41,118.47,53,118.48,12:31:16.120093700
41,118.47,55,118.48,12:31:16.120276231
41,118.47,56,118.48,12:31:16.120360061
41,118.47,54,118.48,12:31:17.014038920
52,118.47,54,118.48,12:31:17.087371311
52,118.47,43,118.48,12:31:17.087555413
53,118.47,43,118.48,12:31:17.087611153
53,118.47,42,118.48,12:31:17.087726881
53,118.47,41,118.48,12:31:17.095321998
53,118.47,42,118.48,12:31:17.612547118
53,118.47,45,118.48,12:31:17.612604107
53,118.47,47,118.48,12:31:17.612738490
42,118.47,47,118.48,12:31:17.612805262
41,118.47,47,118.48,12:31:17.613549533
41,118.47,61,118.48,12:31:17.614164921
41,118.47,62,118.48,12:31:17.618047766
41,118.47,64,118.48,12:31:17.618204581
41,118.47,50,118.48,12:31:18.249136082
51,118.47,50,118.48,12:31:18.250448363
51,118.47,48,118.48,12:31:18.250516513
66,118.47,48,118.48,12:31:18.250673054
66,118.47,45,118.48,12:31:18.250851099
66,118.47,44,118.48,12:31:18.250920126
81,118.47,44,118.48,12:31:18.251071841
81,118.47,43,118.48,12:31:18.251158903
71,118.47,43,118.48,12:31:18.344454848
71,118.47,42,118.48,12:31:19.030105899
71,118.47,40,118.48,12:31:20.186590484
71,118.47,42,118.48,12:31:22.554956921
71,118.47,48,118.48,12:31:22.555140569
62,118.47,48,118.48,12:31:22.555318364
62,118.47,49,118.48,12:31:22.555466594
62,118.47,50,118.48,12:31:22.555650295
47,118.47,50,118.48,12:31:22.555857461
47,118.47,61,118.48,12:31:22.562214361
32,118.47,61,118.48,12:31:22.562379795
32,118.47,55,118.48,12:31:22.812927903
48,118.47,55,118.48,12:31:26.438693554
62,118.47,55,118.48,12:31:26.439359166
72,118.47,55,118.48,12:31:26.440152726
72,118.47,44,118.48,12:31:26.440180105
72,118.47,43,118.48,12:31:26.440605407
72,118.47,41,118.48,12:31:26.440605407
72,118.47,40,118.48,12:31:26.441254027
72,118.47,22,118.48,12:31:26.441254027
72,118.47,19,118.48,12:31:26.441785279
83,118.47,19,118.48,12:31:26.441899452
83,118.47,20,118.48,12:31:26.442065154
83,118.47,13,118.48,12:31:26.442345920
83,118.47,12,118.48,12:31:26.442345920
83,118.47,11,118.48,12:31:26.442476974
83,118.47,3,118.48,12:31:26.442502238
83,118.47,2,118.48,12:31:26.442502238
83,118.47,1,118.48,12:31:26.442502238
83,118.47,106,118.49,12:31:26.442524551
9,118.48,106,118.49,12:31:26.442524551
17,118.48,106,118.49,12:31:26.442524551
17,118.48,91,118.49,12:31:26.442524551
14,118.48,91,118.49,12:31:26.442613979
14,118.48,90,118.49,12:31:26.442936110
14,118.48,72,118.49,12:31:26.442949860
15,118.48,72,118.49,12:31:26.443055959
9,118.48,72,118.49,12:31:26.443073172
1,118.48,72,118.49,12:31:26.443073172
1,118.48,83,118.49,12:31:26.443198871
4,118.48,83,118.49,12:31:26.443198871
3,118.48,83,118.49,12:31:26.443221900
2,118.48,83,118.49,12:31:26.443221900
106,118.47,83,118.49,12:31:26.443221900
106,118.47,2,118.48,12:31:26.443221900
96,118.47,2,118.48,12:31:26.443443706
96,118.47,3,118.48,12:31:26.443460103
96,118.47,4,118.48,12:31:26.443571085
94,118.47,4,118.48,12:31:26.443593335
76,118.47,4,118.48,12:31:26.443593335
76,118.47,7,118.48,12:31:26.443593335
76,118.47,8,118.48,12:31:26.445052800
74,118.47,8,118.48,12:31:26.445171635
74,118.47,9,118.48,12:31:26.446475778
74,118.47,17,118.48,12:31:26.462631604
74,118.47,24,118.48,12:31:26.462805054
74,118.47,34,118.48,12:31:26.462966132
74,118.47,42,118.48,12:31:26.463076170
63,118.47,42,118.48,12:31:26.463276940
63,118.47,35,118.48,12:31:26.463425847
63,118.47,34,118.48,12:31:26.467134884
74,118.47,34,118.48,12:31:26.467304356
81,118.47,34,118.48,12:31:26.467372723
81,118.47,26,118.48,12:31:26.467477837
81,118.47,16,118.48,12:31:26.467540445
91,118.47,16,118.48,12:31:26.543430389
91,118.47,17,118.48,12:31:26.613413652
91,118.47,24,118.48,12:31:26.613694519
91,118.47,23,118.48,12:31:27.618001088
91,118.47,38,118.48,12:31:28.638815919
81,118.47,38,118.48,12:31:28.639085109
65,118.47,38,118.48,12:31:28.639382891
65,118.47,48,118.48,12:31:28.639413979
54,118.47,48,118.48,12:31:28.639530360
47,118.47,48,118.48,12:31:28.639530360
47,118.47,41,118.48,12:31:28.639530360
47,118.47,42,118.48,12:31:28.640067193
47,118.47,43,118.48,12:31:28.640067193
33,118.47,43,118.48,12:31:28.640262718
33,118.47,53,118.48,12:31:28.640460496
33,118.47,59,118.48,12:31:28.640460496
33,118.47,58,118.48,12:31:28.640460496
33,118.47,62,118.48,12:31:28.640526701
33,118.47,63,118.48,12:31:28.640714125
33,118.47,65,118.48,12:31:28.640766496
32,118.47,65,118.48,12:31:28.640870479
32,118.47,76,118.48,12:31:28.640870479
32,118.47,77,118.48,12:31:28.640979804
32,118.47,66,118.48,12:31:28.641483282
32,118.47,68,118.48,12:31:28.641553558
32,118.47,66,118.48,12:31:28.917039380
43,118.47,66,118.48,12:31:28.917193338
43,118.47,65,118.48,12:31:28.917465045
43,118.47,55,118.48,12:31:28.917567663
43,118.47,45,118.48,12:31:28.917567663
43,118.47,39,118.48,12:31:28.917583772
44,118.47,39,118.48,12:31:28.917583772
44,118.47,35,118.48,12:31:28.917703981
44,118.47,33,118.48,12:31:28.917778323
44,118.47,34,118.48,12:31:28.917778323
44,118.47,35,118.48,12:31:28.917920089
44,118.47,39,118.48,12:31:28.917979094
44,118.47,41,118.48,12:31:29.078856444
44,118.47,42,118.48,12:31:29.078926668
44,118.47,40,118.48,12:31:29.079825784
43,118.47,40,118.48,12:31:29.079928043
43,118.47,51,118.48,12:31:29.080379438
43,118.47,52,118.48,12:31:29.080643069
32,118.47,52,118.48,12:31:30.137289878
32,118.47,54,118.48,12:31:30.137491068
32,118.47,53,118.48,12:31:30.137628533
43,118.47,53,118.48,12:31:30.137730261
43,118.47,42,118.48,12:31:30.137888039
43,118.47,43,118.48,12:31:30.250213303
43,118.47,44,118.48,12:31:30.250393498
43,118.47,45,118.48,12:31:30.498780856
43,118.47,46,118.48,12:31:30.498958558
43,118.47,47,118.48,12:31:30.743827975
43,118.47,46,118.48,12:31:33.872347923
43,118.47,45,118.48,12:31:34.634353304
43,118.47,44,118.48,12:31:34.634419820
43,118.47,43,118.48,12:31:34.634491026
43,118.47,42,118.48,12:31:34.635381571
57,118.47,42,118.48,12:31:34.635977185
61,118.47,42,118.48,12:31:34.636149223
73,118.47,42,118.48,12:31:34.636267974
73,118.47,41,118.48,12:31:34.636363603
77,118.47,41,118.48,12:31:34.636363603
77,118.47,37,118.48,12:31:34.636363603
77,118.47,35,118.48,12:31:34.636432599
79,118.47,35,118.48,12:31:34.636432599
79,118.47,34,118.48,12:31:34.636686995
79,118.47,19,118.48,12:31:34.636881539
79,118.47,20,118.48,12:31:34.637027248
79,118.47,19,118.48,12:31:34.650317409
79,118.47,20,118.48,12:31:34.650538241
79,118.47,19,118.48,12:31:34.674902743
79,118.47,18,118.48,12:31:34.690711698
79,118.47,17,118.48,12:31:34.737779980
79,118.47,16,118.48,12:31:34.949635264
79,118.47,15,118.48,12:31:34.949755017
79,118.47,14,118.48,12:31:34.949777818
79,118.47,11,118.48,12:31:34.949777818
79,118.47,10,118.48,12:31:34.949777818
79,118.47,9,118.48,12:31:34.949777818
79,118.47,1,118.48,12:31:34.949934781
88,118.47,1,118.48,12:31:34.950050585
93,118.47,1,118.48,12:31:34.950217452
95,118.47,1,118.48,12:31:34.950262341
97,118.47,1,118.48,12:31:34.950262341
97,118.47,117,118.49,12:31:34.950455990
97,118.47,116,118.49,12:31:34.992476439
97,118.47,117,118.49,12:31:35.031022573
97,118.47,119,118.49,12:31:35.031199338
97,118.47,128,118.49,12:31:35.100494817
88,118.47,128,118.49,12:31:35.153958369
88,118.47,8,118.48,12:31:35.518596895
88,118.47,11,118.48,12:31:35.519115765
88,118.47,12,118.48,12:31:35.519144289
88,118.47,13,118.48,12:31:35.519144289
88,118.47,27,118.48,12:31:35.519144289
88,118.47,30,118.48,12:31:35.519144289
88,118.47,34,118.48,12:31:35.519260824
88,118.47,35,118.48,12:31:35.519356631
86,118.47,35,118.48,12:31:35.519356631
84,118.47,35,118.48,12:31:35.519356631
79,118.47,35,118.48,12:31:35.520153680
79,118.47,34,118.48,12:31:35.520309239
75,118.47,34,118.48,12:31:35.520834672
63,118.47,34,118.48,12:31:35.520899133
63,118.47,35,118.48,12:31:35.521090648
63,118.47,47,118.48,12:31:35.521167463
63,118.47,51,118.48,12:31:35.521247872
63,118.47,50,118.48,12:31:35.521336666
63,118.47,46,118.48,12:31:35.522093683
63,118.47,34,118.48,12:31:35.522159119
63,118.47,35,118.48,12:31:35.522233410
63,118.47,34,118.48,12:31:35.522372188
63,118.47,35,118.48,12:31:35.522642335
63,118.47,34,118.48,12:31:35.542458180
63,118.47,35,118.48,12:31:35.589274884
63,118.47,34,118.48,12:31:35.937887095
63,118.47,31,118.48,12:31:35.938384259
76,118.47,31,118.48,12:31:35.938595234
76,118.47,17,118.48,12:31:35.938595234
76,118.47,13,118.48,12:31:35.938660642
85,118.47,13,118.48,12:31:35.938930880
89,118.47,13,118.48,12:31:35.939082803
89,118.47,10,118.48,12:31:35.942757920
89,118.47,2,118.48,12:31:35.942908511
89,118.47,1,118.48,12:31:35.979957866
91,118.47,1,118.48,12:31:35.980131325
94,118.47,1,118.48,12:31:35.980306818
91,118.47,1,118.48,12:31:40.966357475
93,118.47,1,118.48,12:31:40.972437408
93,118.47,118,118.49,12:31:40.972641771
95,118.47,118,118.49,12:31:40.972706267
93,118.47,118,118.49,12:31:40.973031126
89,118.47,118,118.49,12:31:40.973031126
89,118.47,116,118.49,12:31:40.973031126
89,118.47,115,118.49,12:31:41.013451692
89,118.47,125,118.49,12:31:41.052208191
89,118.47,126,118.49,12:31:41.053389061
80,118.47,126,118.49,12:31:41.213190619
80,118.47,11,118.48,12:31:42.389418539
80,118.47,14,118.48,12:31:42.389808399
80,118.47,16,118.48,12:31:42.389908995
80,118.47,32,118.48,12:31:42.389908995
80,118.47,34,118.48,12:31:42.389928054
80,118.47,35,118.48,12:31:42.389928054
78,118.47,35,118.48,12:31:42.390204608
76,118.47,35,118.48,12:31:42.390204608
76,118.47,36,118.48,12:31:42.390303703
76,118.47,37,118.48,12:31:42.460428349
76,118.47,36,118.48,12:31:42.460601667
76,118.47,34,118.48,12:31:42.460681301
76,118.47,32,118.48,12:31:43.120102994
76,118.47,33,118.48,12:31:45.805168851
76,118.47,32,118.48,12:31:45.971016314
76,118.47,16,118.48,12:31:45.971749853
76,118.47,5,118.48,12:31:45.975362970
76,118.47,6,118.48,12:31:45.975538749
87,118.47,6,118.48,12:31:45.975605616
87,118.47,7,118.48,12:31:45.975712713
87,118.47,6,118.48,12:31:46.013991207
87,118.47,5,118.48,12:31:46.035088085
87,118.47,4,118.48,12:31:47.014670580
87,118.47,7,118.48,12:31:47.432194458
87,118.47,15,118.48,12:31:47.432261389
87,118.47,16,118.48,12:31:47.432485217
87,118.47,34,118.48,12:31:47.432485217
74,118.47,34,118.48,12:31:47.433580856
74,118.47,35,118.48,12:31:47.505535877
74,118.47,37,118.48,12:31:47.505770216
72,118.47,37,118.48,12:31:48.416544749
72,118.47,35,118.48,12:31:49.396223090
61,118.47,35,118.48,12:31:53.356135728
61,118.47,45,118.48,12:31:53.356302077
61,118.47,51,118.48,12:31:53.356406096
61,118.47,45,118.48,12:31:56.538010342
61,118.47,35,118.48,12:31:56.538075270
61,118.47,48,118.48,12:32:03.098717989
61,118.47,49,118.48,12:32:03.116581299
61,118.47,53,118.48,12:32:03.116801725
61,118.47,54,118.48,12:32:03.116987344
47,118.47,54,118.48,12:32:03.187765663
43,118.47,54,118.48,12:32:03.187827384
43,118.47,50,118.48,12:32:03.187990149
43,118.47,37,118.48,12:32:03.507988354
43,118.47,38,118.48,12:32:09.437339708
43,118.47,39,118.48,12:32:09.437558268
43,118.47,36,118.48,12:32:09.877916400
43,118.47,35,118.48,12:32:09.878042975
43,118.47,33,118.48,12:32:09.878042975
61,118.47,33,118.48,12:32:09.878295744
61,118.47,32,118.48,12:32:09.878295744
61,118.47,24,118.48,12:32:09.878295744
69,118.47,24,118.48,12:32:09.878384298
80,118.47,24,118.48,12:32:09.878397613
82,118.47,24,118.48,12:32:09.878478294
98,118.47,24,118.48,12:32:09.878478294
98,118.47,23,118.48,12:32:09.878541578
98,118.47,5,118.48,12:32:09.878648010
98,118.47,4,118.48,12:32:09.878648010
98,118.47,3,118.48,12:32:09.879203644
98,118.47,2,118.48,12:32:09.904006110
98,118.47,1,118.48,12:32:09.904006110
100,118.47,1,118.48,12:32:09.904074155
107,118.47,1,118.48,12:32:09.904180335
107,118.47,115,118.49,12:32:09.928047598
107,118.47,113,118.49,12:32:09.928389953
100,118.47,113,118.49,12:32:09.928504765
100,118.47,114,118.49,12:32:09.928641069
100,118.47,117,118.49,12:32:09.928789809
100,118.47,127,118.49,12:32:10.896370988
100,118.47,124,118.49,12:32:11.120994011
100,118.47,1,118.48,12:32:12.264169733
100,118.47,4,118.48,12:32:12.264565157
100,118.47,5,118.48,12:32:12.264565157
100,118.47,6,118.48,12:32:12.264657790
100,118.47,5,118.48,12:32:12.264674046
100,118.47,6,118.48,12:32:12.264824501
98,118.47,6,118.48,12:32:12.264909262
98,118.47,5,118.48,12:32:12.264909262
98,118.47,23,118.48,12:32:12.264981969
96,118.47,23,118.48,12:32:12.265264776
96,118.47,5,118.48,12:32:12.308715124
96,118.47,2,118.48,12:32:12.309457216
96,118.47,1,118.48,12:32:12.309839174
96,118.47,2,118.48,12:32:14.337238634
96,118.47,3,118.48,12:32:14.337451184
96,118.47,6,118.48,12:32:14.472706458
96,118.47,14,118.48,12:32:14.472786832
96,118.47,24,118.48,12:32:14.472786832
96,118.47,25,118.48,12:32:14.472846028
96,118.47,33,118.48,12:32:14.472917635
96,118.47,32,118.48,12:32:14.473107158
96,118.47,24,118.48,12:32:14.474035548
96,118.47,14,118.48,12:32:14.474111173
96,118.47,11,118.48,12:32:14.475504737
96,118.47,21,118.48,12:32:14.805608085
96,118.47,29,118.48,12:32:14.805712178
96,118.47,31,118.48,12:32:14.805897488
96,118.47,34,118.48,12:32:14.805963420
96,118.47,32,118.48,12:32:14.806033510
96,118.47,33,118.48,12:32:15.145298336
85,118.47,33,118.48,12:32:17.804461179
85,118.47,35,118.48,12:32:18.193751491
85,118.47,41,118.48,12:32:18.193964726
69,118.47,41,118.48,12:32:18.194169164
69,118.47,42,118.48,12:32:18.194254335
69,118.47,36,118.48,12:32:18.194403215
69,118.47,51,118.48,12:32:22.806033700
61,118.47,51,118.48,12:32:22.806629674
43,118.47,51,118.48,12:32:22.806764276
32,118.47,51,118.48,12:32:22.806934106
32,118.47,62,118.48,12:32:22.807127702
32,118.47,72,118.48,12:32:22.807201346
32,118.47,73,118.48,12:32:22.807312359
32,118.47,63,118.48,12:32:22.809549178
32,118.47,52,118.48,12:32:22.809696094
43,118.47,52,118.48,12:32:22.810518503
43,118.47,37,118.48,12:32:22.810647655
43,118.47,36,118.48,12:32:22.811548624
61,118.47,36,118.48,12:32:22.907165255
63,118.47,36,118.48,12:32:22.907397031
63,118.47,47,118.48,12:32:24.123963329
45,118.47,47,118.48,12:32:24.736035987
45,118.47,59,118.48,12:32:24.736384524
45,118.47,63,118.48,12:32:24.736452562
34,118.47,63,118.48,12:32:24.736598283
34,118.47,64,118.48,12:32:24.736598283
34,118.47,72,118.48,12:32:24.737028232
34,118.47,74,118.48,12:32:24.737146892
32,118.47,74,118.48,12:32:24.737146892
32,118.47,76,118.48,12:32:24.737328146
32,118.47,75,118.48,12:32:24.739289289
32,118.47,76,118.48,12:32:24.931839096
32,118.47,84,118.48,12:32:31.488469014
32,118.47,86,118.48,12:32:31.488633609
32,118.47,88,118.48,12:32:31.488737887
31,118.47,88,118.48,12:32:34.085599405
30,118.47,88,118.48,12:32:34.823378616
30,118.47,86,118.48,12:32:34.823439274
30,118.47,85,118.48,12:32:36.096628181
30,118.47,84,118.48,12:32:36.096628181
30,118.47,83,118.48,12:32:36.096712114
30,118.47,80,118.48,12:32:36.096712114
30,118.47,78,118.48,12:32:36.096932238
30,118.47,70,118.48,12:32:36.096932238
31,118.47,70,118.48,12:32:36.097028725
42,118.47,70,118.48,12:32:36.097047079
42,118.47,71,118.48,12:32:36.097047079
42,118.47,59,118.48,12:32:36.097333006
31,118.47,59,118.48,12:32:36.097333006
31,118.47,55,118.48,12:32:36.097333006
31,118.47,56,118.48,12:32:36.097488462
31,118.47,55,118.48,12:32:36.097707681
31,118.47,65,118.48,12:32:36.308490349
31,118.47,68,118.48,12:32:36.308562711
31,118.47,69,118.48,12:32:36.308663792
31,118.47,74,118.48,12:32:36.308760147
31,118.47,73,118.48,12:32:36.308832013
42,118.47,73,118.48,12:32:44.105706776
42,118.47,68,118.48,12:32:44.105997659
42,118.47,70,118.48,12:32:46.594830426
42,118.47,73,118.48,12:32:46.595104311
31,118.47,73,118.48,12:32:46.595242349
31,118.47,74,118.48,12:32:46.595544573
31,118.47,73,118.48,12:32:46.595655597
31,118.47,71,118.48,12:32:47.015686875
31,118.47,68,118.48,12:32:47.358693133
42,118.47,68,118.48,12:32:47.647423299
44,118.47,68,118.48,12:32:47.647686864
44,118.47,58,118.48,12:32:47.647852109
44,118.47,59,118.48,12:32:47.728354193
44,118.47,65,118.48,12:32:47.728531113
42,118.47,65,118.48,12:32:47.739401437
42,118.47,66,118.48,12:32:47.745127134
31,118.47,66,118.48,12:32:47.745281294
30,118.47,66,118.48,12:32:47.745467456
29,118.47,66,118.48,12:32:47.745551850
28,118.47,66,118.48,12:32:47.746352076
28,118.47,67,118.48,12:32:47.746451572
28,118.47,66,118.48,12:32:47.746616333
28,118.47,67,118.48,12:32:47.747445971
28,118.47,77,118.48,12:32:47.747856179
28,118.47,78,118.48,12:32:47.748024770
25,118.47,78,118.48,12:32:47.748207903
24,118.47,78,118.48,12:32:47.748282025
24,118.47,93,118.48,12:32:47.749649160
23,118.47,93,118.48,12:32:47.749842874
22,118.47,93,118.48,12:32:47.750507130
21,118.47,93,118.48,12:32:47.750587151
22,118.47,93,118.48,12:32:47.750587151
14,118.47,93,118.48,12:32:47.750937929
12,118.47,93,118.48,12:32:47.750937929
11,118.47,93,118.48,12:32:47.750951593
8,118.47,93,118.48,12:32:47.751036176
5,118.47,93,118.48,12:32:47.751053859
5,118.47,95,118.48,12:32:47.751274774
1,118.47,95,118.48,12:32:47.751441573
93,118.46,95,118.48,12:32:47.751441573
93,118.46,4,118.47,12:32:47.751582974
93,118.46,5,118.47,12:32:47.751582974
91,118.46,5,118.47,12:32:47.751897305
91,118.46,1,118.47,12:32:47.752015315
91,118.46,113,118.48,12:32:47.752262601
1,118.47,113,118.48,12:32:47.752262601
91,118.46,113,118.48,12:32:47.752684421
1,118.47,113,118.48,12:32:47.752768952
102,118.46,113,118.48,12:32:47.753027333
1,118.47,113,118.48,12:32:47.753198321
4,118.47,113,118.48,12:32:47.753334225
5,118.47,113,118.48,12:32:47.753413726
6,118.47,113,118.48,12:32:47.753489374
6,118.47,95,118.48,12:32:47.753571118
9,118.47,95,118.48,12:32:47.753985511
10,118.47,95,118.48,12:32:47.754080342
12,118.47,95,118.48,12:32:47.754244638
20,118.47,95,118.48,12:32:47.754244638
22,118.47,95,118.48,12:32:47.754312884
23,118.47,95,118.48,12:32:47.760847394
26,118.47,95,118.48,12:32:47.761073496
25,118.47,95,118.48,12:32:47.816253013
26,118.47,95,118.48,12:32:47.817018811
29,118.47,95,118.48,12:32:47.817200958
26,118.47,95,118.48,12:32:47.817504781
25,118.47,95,118.48,12:32:47.859943783
25,118.47,105,118.48,12:32:47.862980230
25,118.47,106,118.48,12:32:47.863143532
24,118.47,106,118.48,12:32:47.899677548
25,118.47,106,118.48,12:32:48.016450477
25,118.47,96,118.48,12:32:48.050754530
26,118.47,96,118.48,12:32:48.050930904
25,118.47,96,118.48,12:32:48.781633927
26,118.47,96,118.48,12:32:48.781802148
23,118.47,96,118.48,12:32:48.782697549
23,118.47,95,118.48,12:32:48.782758669
22,118.47,95,118.48,12:32:48.894605226
23,118.47,95,118.48,12:32:49.970371097
23,118.47,94,118.48,12:32:51.817758762
34,118.47,94,118.48,12:32:51.817927901
34,118.47,93,118.48,12:32:51.818131629
32,118.47,93,118.48,12:32:51.818205508
32,118.47,92,118.48,12:32:51.818205508
32,118.47,86,118.48,12:32:51.818493738
32,118.47,83,118.48,12:32:53.517199241
40,118.47,83,118.48,12:32:53.517279093
40,118.47,82,118.48,12:32:53.519594845
40,118.47,71,118.48,12:32:53.520342435
40,118.47,56,118.48,12:32:53.520599391
50,118.47,56,118.48,12:32:53.520680783
58,118.47,56,118.48,12:32:53.520747759
58,118.47,46,118.48,12:32:53.520838150
58,118.47,44,118.48,12:32:53.520983569
58,118.47,45,118.48,12:32:53.890697649
58,118.47,44,118.48,12:32:54.015330919
67,118.47,44,118.48,12:32:54.505590740
74,118.47,44,118.48,12:32:54.505673129
78,118.47,44,118.48,12:32:54.505833699
78,118.47,42,118.48,12:32:54.505964135
78,118.47,43,118.48,12:32:54.520521201
78,118.47,44,118.48,12:32:54.520700535
74,118.47,44,118.48,12:32:55.141879586
74,118.47,47,118.48,12:32:55.291901527
74,118.47,50,118.48,12:32:55.292130941
74,118.47,52,118.48,12:32:55.292280093
74,118.47,53,118.48,12:32:56.041698708
67,118.47,53,118.48,12:32:56.944935878
58,118.47,53,118.48,12:32:56.945001824
58,118.47,54,118.48,12:32:57.924742342
58,118.47,56,118.48,12:32:57.924994905
58,118.47,66,118.48,12:33:00.185689275
58,118.47,82,118.48,12:33:00.185689275
50,118.47,82,118.48,12:33:00.185918994
40,118.47,82,118.48,12:33:00.185944862
37,118.47,82,118.48,12:33:00.185944862
36,118.47,82,118.48,12:33:00.185944862
35,118.47,82,118.48,12:33:00.185944862
34,118.47,82,118.48,12:33:00.186137435
23,118.47,82,118.48,12:33:00.186345482
20,118.47,82,118.48,12:33:00.186361713
20,118.47,93,118.48,12:33:00.186378129
20,118.47,111,118.48,12:33:00.186432935
20,118.47,112,118.48,12:33:00.186447422
18,118.47,112,118.48,12:33:00.186638494
12,118.47,112,118.48,12:33:00.186656164
10,118.47,112,118.48,12:33:00.186687424
2,118.47,112,118.48,12:33:00.186704045
1,118.47,112,118.48,12:33:00.186704045
1,118.47,113,118.48,12:33:00.186719220
104,118.46,113,118.48,12:33:00.186770900
104,118.46,115,118.48,12:33:00.187155485
104,118.46,116,118.48,12:33:00.187155485
104,118.46,15,118.47,12:33:00.187178560
93,118.46,15,118.47,12:33:00.187178560
93,118.46,25,118.47,12:33:00.187413056
93,118.46,26,118.47,12:33:00.187413056
91,118.46,26,118.47,12:33:00.187413056
73,118.46,26,118.47,12:33:00.187413056
73,118.46,25,118.47,12:33:00.187570262
73,118.46,26,118.47,12:33:00.209053250
73,118.46,29,118.47,12:33:00.233389688
73,118.46,30,118.47,12:33:00.233650561
73,118.46,31,118.47,12:33:00.364367949
71,118.46,31,118.47,12:33:00.610505909
71,118.46,42,118.47,12:33:00.610672631
71,118.46,31,118.47,12:33:01.058140547
71,118.46,28,118.47,12:33:01.220167189
77,118.46,28,118.47,12:33:02.251670427
79,118.46,28,118.47,12:33:02.251850641
79,118.46,30,118.47,12:33:08.194387653
77,118.46,30,118.47,12:33:08.331681762
77,118.46,33,118.47,12:33:10.982066862
70,118.46,33,118.47,12:33:10.983103153
68,118.46,33,118.47,12:33:10.983256980
66,118.46,33,118.47,12:33:10.983437505
66,118.46,44,118.47,12:33:10.983509412
66,118.46,45,118.47,12:33:10.983702793
66,118.46,44,118.47,12:33:10.983857139
66,118.46,46,118.47,12:33:10.983944273
66,118.46,35,118.47,12:33:11.946919157
66,118.46,36,118.47,12:33:14.662508011
66,118.46,47,118.47,12:33:14.694862501
66,118.46,36,118.47,12:33:14.905781024
66,118.46,37,118.47,12:33:16.369806096
66,118.46,36,118.47,12:33:16.417375609
66,118.46,47,118.47,12:33:16.791295706
58,118.46,47,118.47,12:33:16.791599066
58,118.46,48,118.47,12:33:17.014436780
58,118.46,47,118.47,12:33:19.241688220
58,118.46,55,118.47,12:33:20.483227946
44,118.46,55,118.47,12:33:20.483449008
44,118.46,56,118.47,12:33:20.483449008
44,118.46,57,118.47,12:33:20.488543449
44,118.46,67,118.47,12:33:20.488609446
44,118.46,73,118.47,12:33:20.488712953
44,118.46,75,118.47,12:33:20.488896031
28,118.46,75,118.47,12:33:20.490312491
27,118.46,75,118.47,12:33:20.491474732
27,118.46,85,118.47,12:33:20.491624854
27,118.46,87,118.47,12:33:20.491800824
27,118.46,86,118.47,12:33:20.492281414
28,118.46,86,118.47,12:33:20.497156647
32,118.46,86,118.47,12:33:20.497347173
32,118.46,76,118.47,12:33:20.498725914
32,118.46,74,118.47,12:33:20.500156505
32,118.46,75,118.47,12:33:20.518305370
32,118.46,76,118.47,12:33:20.518614720
32,118.46,77,118.47,12:33:20.519334262
32,118.46,76,118.47,12:33:20.522179818
32,118.46,77,118.47,12:33:20.527632486
29,118.46,77,118.47,12:33:20.527910345
29,118.46,78,118.47,12:33:20.527910345
29,118.46,79,118.47,12:33:20.527975967
28,118.46,79,118.47,12:33:20.528142111
25,118.46,79,118.47,12:33:20.532213016
22,118.46,79,118.47,12:33:20.532843741
14,118.46,79,118.47,12:33:20.532843741
14,118.46,81,118.47,12:33:20.533197242
14,118.46,82,118.47,12:33:20.533651818
13,118.46,82,118.47,12:33:20.533729532
12,118.46,82,118.47,12:33:20.534289392
8,118.46,82,118.47,12:33:20.534289392
9,118.46,82,118.47,12:33:20.538374698
8,118.46,82,118.47,12:33:20.538593584
9,118.46,82,118.47,12:33:20.538747834
17,118.46,82,118.47,12:33:20.538747834
9,118.46,82,118.47,12:33:20.539192870
8,118.46,82,118.47,12:33:20.541544455
7,118.46,82,118.47,12:33:20.541644349
1,118.46,82,118.47,12:33:20.541667699
101,118.45,82,118.47,12:33:20.541667699
101,118.45,92,118.47,12:33:20.541667699
101,118.45,15,118.46,12:33:20.541742012
100,118.45,15,118.46,12:33:20.542009242
96,118.45,15,118.46,12:33:20.542022304
94,118.45,15,118.46,12:33:20.542113050
76,118.45,15,118.46,12:33:20.542113050
76,118.45,16,118.46,12:33:20.542232576
87,118.45,16,118.46,12:33:20.542307924
87,118.45,1,118.46,12:33:20.542709916
87,118.45,106,118.47,12:33:20.543090422
87,118.45,15,118.46,12:33:20.559165743
87,118.45,16,118.46,12:33:20.559438159
87,118.45,17,118.46,12:33:20.559438159
87,118.45,25,118.46,12:33:20.559438159
76,118.45,25,118.46,12:33:20.559778860
76,118.45,28,118.46,12:33:20.560415025
76,118.45,29,118.46,12:33:20.561254641
74,118.45,29,118.46,12:33:20.561505789
67,118.45,29,118.46,12:33:20.564203045
78,118.45,29,118.46,12:33:20.564968702
85,118.45,29,118.46,12:33:20.565234999
85,118.45,21,118.46,12:33:20.567482524
92,118.45,21,118.46,12:33:20.567692104
95,118.45,21,118.46,12:33:20.567983877
95,118.45,18,118.46,12:33:20.567983877
95,118.45,17,118.46,12:33:20.568076971
95,118.45,16,118.46,12:33:20.568485939
95,118.45,3,118.46,12:33:20.568485939
95,118.45,2,118.46,12:33:20.568988830
97,118.45,2,118.46,12:33:20.569295437
97,118.45,5,118.46,12:33:20.570668803
97,118.45,6,118.46,12:33:20.570741503
97,118.45,5,118.46,12:33:20.571549585
97,118.45,4,118.46,12:33:20.571549585
99,118.45,4,118.46,12:33:20.571879375
99,118.45,5,118.46,12:33:20.571956127
99,118.45,6,118.46,12:33:20.572742672
97,118.45,6,118.46,12:33:20.573759929
97,118.45,14,118.46,12:33:20.675900896
97,118.45,25,118.46,12:33:20.675977434
95,118.45,25,118.46,12:33:20.676187405
95,118.45,40,118.46,12:33:20.676305428
95,118.45,41,118.46,12:33:20.676305428
95,118.45,44,118.46,12:33:20.676305428
84,118.45,44,118.46,12:33:20.676571567
84,118.45,46,118.46,12:33:20.741321536
84,118.45,51,118.46,12:33:20.741493689
84,118.45,52,118.46,12:33:20.765173584
84,118.45,51,118.46,12:33:20.765333449
84,118.45,46,118.46,12:33:20.846222147
84,118.45,35,118.46,12:33:20.950918674
84,118.45,36,118.46,12:33:21.056639174
84,118.45,38,118.46,12:33:21.056857317
84,118.45,37,118.46,12:33:21.107262226
84,118.45,38,118.46,12:33:21.108174552
84,118.45,39,118.46,12:33:21.108342996
84,118.45,38,118.46,12:33:21.109256900
84,118.45,37,118.46,12:33:21.111551125
84,118.45,35,118.46,12:33:21.196872495
84,118.45,27,118.46,12:33:21.215594204
84,118.45,24,118.46,12:33:21.215696261
84,118.45,9,118.46,12:33:21.215880792
95,118.45,9,118.46,12:33:21.216131589
95,118.45,7,118.46,12:33:21.216614501
95,118.45,6,118.46,12:33:21.224744820
95,118.45,3,118.46,12:33:21.224827627
95,118.45,2,118.46,12:33:21.224953882
95,118.45,1,118.46,12:33:21.224953882
95,118.45,107,118.47,12:33:21.224953882
3,118.46,107,118.47,12:33:21.225354688
3,118.46,106,118.47,12:33:21.225402432
101,118.45,106,118.47,12:33:21.225608765
102,118.45,106,118.47,12:33:21.225608765
1,118.46,106,118.47,12:33:21.225698768
2,118.46,106,118.47,12:33:21.225698768
5,118.46,106,118.47,12:33:21.225793213
6,118.46,106,118.47,12:33:21.225793213
5,118.46,106,118.47,12:33:21.225945440
4,118.46,106,118.47,12:33:21.225962682
3,118.46,106,118.47,12:33:21.225962682
4,118.46,106,118.47,12:33:21.226187999
4,118.46,116,118.47,12:33:21.226187999
5,118.46,116,118.47,12:33:21.226302912
3,118.46,116,118.47,12:33:21.226302912
2,118.46,116,118.47,12:33:21.226319820
1,118.46,116,118.47,12:33:21.226463132
110,118.45,116,118.47,12:33:21.226582432
109,118.45,116,118.47,12:33:21.226783682
109,118.45,1,118.46,12:33:21.247950894
91,118.45,1,118.46,12:33:21.248298413
91,118.45,2,118.46,12:33:21.248298413
98,118.45,2,118.46,12:33:21.248388685
101,118.45,2,118.46,12:33:21.248388685
101,118.45,1,118.46,12:33:21.495357651
101,118.45,2,118.46,12:33:21.697874322
97,118.45,2,118.46,12:33:22.630129432
96,118.45,2,118.46,12:33:23.049690053
93,118.45,2,118.46,12:33:23.049690053
92,118.45,2,118.46,12:33:23.049925295
84,118.45,2,118.46,12:33:23.049938626
74,118.45,2,118.46,12:33:23.049953861
66,118.45,2,118.46,12:33:23.049953861
65,118.45,2,118.46,12:33:23.049953861
63,118.45,2,118.46,12:33:23.049967785
53,118.45,2,118.46,12:33:23.049983506
47,118.45,2,118.46,12:33:23.049983506
46,118.45,2,118.46,12:33:23.049983506
38,118.45,2,118.46,12:33:23.049983506
37,118.45,2,118.46,12:33:23.049996665
36,118.45,2,118.46,12:33:23.050012083
35,118.45,2,118.46,12:33:23.050012083
34,118.45,2,118.46,12:33:23.050025778
31,118.45,2,118.46,12:33:23.050040713
30,118.45,2,118.46,12:33:23.050040713
23,118.45,2,118.46,12:33:23.050053810
12,118.45,2,118.46,12:33:23.050069423
10,118.45,2,118.46,12:33:23.050083602
3,118.45,2,118.46,12:33:23.050097820
249,118.44,2,118.46,12:33:23.050120716
249,118.44,3,118.45,12:33:23.050120716
249,118.44,37,118.46,12:33:23.051194402
11,118.45,37,118.46,12:33:23.051212424
11,118.45,48,118.46,12:33:23.051212424
11,118.45,60,118.46,12:33:23.051212424
11,118.45,62,118.46,12:33:23.051258760
11,118.45,65,118.46,12:33:23.051275070
11,118.45,83,118.46,12:33:23.051275070
11,118.45,87,118.46,12:33:23.051292430
11,118.45,95,118.46,12:33:23.051306628
14,118.45,95,118.46,12:33:23.051320251
14,118.45,97,118.46,12:33:23.051356094
14,118.45,98,118.46,12:33:23.051356094
15,118.45,98,118.46,12:33:23.051371419
17,118.45,98,118.46,12:33:23.051402341
20,118.45,98,118.46,12:33:23.051417828
20,118.45,102,118.46,12:33:23.051417828
21,118.45,102,118.46,12:33:23.051617687
21,118.45,103,118.46,12:33:23.051617687
29,118.45,103,118.46,12:33:23.051763521
32,118.45,103,118.46,12:33:23.051782795
33,118.45,103,118.46,12:33:23.051782795
41,118.45,103,118.46,12:33:23.051800743
49,118.45,103,118.46,12:33:23.051800743
50,118.45,103,118.46,12:33:23.051865649
53,118.45,103,118.46,12:33:23.051865649
53,118.45,105,118.46,12:33:23.052001284
54,118.45,105,118.46,12:33:23.052033056
54,118.45,97,118.46,12:33:23.052147399
51,118.45,97,118.46,12:33:23.052349328
51,118.45,79,118.46,12:33:23.052349328
54,118.45,79,118.46,12:33:23.052930406
51,118.45,79,118.46,12:33:23.055206014
51,118.45,78,118.46,12:33:23.070031148
51,118.45,76,118.46,12:33:23.070142169
51,118.45,65,118.46,12:33:23.070292261
51,118.45,66,118.46,12:33:23.120343142
51,118.45,73,118.46,12:33:23.120568358
52,118.45,73,118.46,12:33:23.169825200
59,118.45,73,118.46,12:33:23.169937706
59,118.45,66,118.46,12:33:23.170118288
59,118.45,63,118.46,12:33:23.170332765
59,118.45,62,118.46,12:33:23.170410419
59,118.45,61,118.46,12:33:23.170504381
59,118.45,59,118.46,12:33:23.170504381
59,118.45,55,118.46,12:33:23.170521557
59,118.45,43,118.46,12:33:23.170521557
59,118.45,40,118.46,12:33:23.171221666
59,118.45,38,118.46,12:33:23.172371502
59,118.45,35,118.46,12:33:23.172466657
69,118.45,35,118.46,12:33:23.173140087
69,118.45,31,118.46,12:33:23.174772844
69,118.45,17,118.46,12:33:23.174845766
87,118.45,17,118.46,12:33:23.174938927
90,118.45,17,118.46,12:33:23.175084150
92,118.45,17,118.46,12:33:23.176610696
92,118.45,20,118.46,12:33:23.356005006
92,118.45,31,118.46,12:33:23.356074182
92,118.45,37,118.46,12:33:23.356184061
92,118.45,51,118.46,12:33:23.356394653
92,118.45,55,118.46,12:33:23.356637575
92,118.45,49,118.46,12:33:23.356686867
90,118.45,49,118.46,12:33:23.773172100
87,118.45,49,118.46,12:33:23.773899238
87,118.45,47,118.46,12:33:24.587119595
87,118.45,48,118.46,12:33:24.612283926
87,118.45,55,118.46,12:33:24.612525114
87,118.45,54,118.46,12:33:24.612600564
69,118.45,54,118.46,12:33:24.612600564
62,118.45,54,118.46,12:33:24.613341027
62,118.45,56,118.46,12:33:24.613684844
62,118.45,57,118.46,12:33:24.613822627
54,118.45,57,118.46,12:33:24.613897734
54,118.45,58,118.46,12:33:24.613969502
54,118.45,60,118.46,12:33:24.614147394
54,118.45,61,118.46,12:33:24.614237314
54,118.45,63,118.46,12:33:24.614237314
44,118.45,63,118.46,12:33:24.614237314
44,118.45,64,118.46,12:33:24.614320450
44,118.45,65,118.46,12:33:24.614320450
44,118.45,64,118.46,12:33:24.614818567
44,118.45,62,118.46,12:33:24.614923432
44,118.45,63,118.46,12:33:24.616273777
44,118.45,62,118.46,12:33:24.617445599
44,118.45,63,118.46,12:33:24.618414405
44,118.45,66,118.46,12:33:24.618610300
44,118.45,65,118.46,12:33:24.618678021
44,118.45,66,118.46,12:33:24.618781797
44,118.45,65,118.46,12:33:24.618966130
44,118.45,66,118.46,12:33:26.230907249
44,118.45,63,118.46,12:33:26.382693283
44,118.45,62,118.46,12:33:26.512690303
44,118.45,65,118.46,12:33:27.563284216
44,118.45,62,118.46,12:33:27.563524917
44,118.45,63,118.46,12:33:27.564112356
44,118.45,64,118.46,12:33:27.565719232
44,118.45,65,118.46,12:33:27.565913280
44,118.45,66,118.46,12:33:27.567385002
43,118.45,66,118.46,12:33:27.620102804
43,118.45,68,118.46,12:33:28.194728633
49,118.45,68,118.46,12:33:28.448062723
49,118.45,67,118.46,12:33:28.448209039
49,118.45,66,118.46,12:33:28.448356646
49,118.45,65,118.46,12:33:28.448502220
49,118.45,64,118.46,12:33:28.484800552
49,118.45,65,118.46,12:33:29.488328069
49,118.45,66,118.46,12:33:29.488391275
49,118.45,65,118.46,12:33:29.488576499
49,118.45,64,118.46,12:33:29.489115303
46,118.45,64,118.46,12:33:29.490000381
46,118.45,65,118.46,12:33:29.492300501
46,118.45,64,118.46,12:33:29.496769025
46,118.45,65,118.46,12:33:29.510733196
46,118.45,66,118.46,12:33:29.512174391
46,118.45,68,118.46,12:33:29.512316213
46,118.45,69,118.46,12:33:29.512476120
46,118.45,68,118.46,12:33:29.879181547
46,118.45,67,118.46,12:33:29.879344552
46,118.45,66,118.46,12:33:29.883408097
46,118.45,67,118.46,12:33:29.885061824
46,118.45,68,118.46,12:33:29.885805695
46,118.45,69,118.46,12:33:29.888738790
47,118.45,69,118.46,12:33:30.177857636
47,118.45,68,118.46,12:33:30.178003184
47,118.45,67,118.46,12:33:30.178157031
47,118.45,66,118.46,12:33:30.178298199
47,118.45,67,118.46,12:33:30.337162735
47,118.45,68,118.46,12:33:30.680724883
36,118.45,68,118.46,12:33:30.793745205
34,118.45,68,118.46,12:33:30.793745205
31,118.45,68,118.46,12:33:30.793892059
30,118.45,68,118.46,12:33:30.793892059
22,118.45,68,118.46,12:33:30.793923854
19,118.45,68,118.46,12:33:30.793923854
18,118.45,68,118.46,12:33:30.793923854
10,118.45,68,118.46,12:33:30.793923854
9,118.45,68,118.46,12:33:30.793923854
8,118.45,68,118.46,12:33:30.793923854
7,118.45,68,118.46,12:33:30.793923854
1,118.45,68,118.46,12:33:30.793923854
1,118.45,83,118.46,12:33:30.794007880
1,118.45,85,118.46,12:33:30.794213991
1,118.45,94,118.46,12:33:30.794230563
267,118.44,94,118.46,12:33:30.794346014
267,118.44,95,118.46,12:33:30.794494661
267,118.44,1,118.45,12:33:30.794585406
265,118.44,1,118.45,12:33:30.794935979
259,118.44,1,118.45,12:33:30.795028819
256,118.44,1,118.45,12:33:30.795046892
256,118.44,2,118.45,12:33:30.795199220
256,118.44,1,118.45,12:33:30.795199220
256,118.44,121,118.46,12:33:30.795199220
256,118.44,127,118.46,12:33:30.795288849
249,118.44,127,118.46,12:33:30.795463790
249,118.44,1,118.45,12:33:30.795463790
249,118.44,127,118.46,12:33:30.795566788
244,118.44,127,118.46,12:33:30.795873240
244,118.44,1,118.45,12:33:30.795873240
250,118.44,1,118.45,12:33:30.796044112
254,118.44,1,118.45,12:33:30.796121171
261,118.44,1,118.45,12:33:30.796297091
261,118.44,112,118.46,12:33:30.820904089
254,118.44,112,118.46,12:33:30.821170671
254,118.44,111,118.46,12:33:30.823287434
254,118.44,1,118.45,12:33:30.873643342
254,118.44,2,118.45,12:33:30.873899622
254,118.44,1,118.45,12:33:30.916010273
254,118.44,112,118.46,12:33:30.916010273
1,118.45,112,118.46,12:33:30.916291297
254,118.44,112,118.46,12:33:30.916564897
248,118.44,112,118.46,12:33:30.916662881
248,118.44,121,118.46,12:33:30.916662881
244,118.44,121,118.46,12:33:30.916662881
244,118.44,1,118.45,12:33:30.916832609
244,118.44,2,118.45,12:33:30.916990595
244,118.44,4,118.45,12:33:30.917071773
254,118.44,4,118.45,12:33:31.022662049
254,118.44,2,118.45,12:33:31.022818990
254,118.44,3,118.45,12:33:31.337031338
254,118.44,7,118.45,12:33:31.337218086
253,118.44,7,118.45,12:33:31.348100926
246,118.44,7,118.45,12:33:31.495296128
246,118.44,3,118.45,12:33:31.495742868
246,118.44,4,118.45,12:33:32.464782335
246,118.44,5,118.45,12:33:32.464977827
246,118.44,6,118.45,12:33:32.605580545
246,118.44,8,118.45,12:33:32.605786970
246,118.44,7,118.45,12:33:32.657680282
246,118.44,6,118.45,12:33:32.657851132
246,118.44,4,118.45,12:33:32.658735512
246,118.44,3,118.45,12:33:32.658991340
246,118.44,2,118.45,12:33:33.120130921
246,118.44,1,118.45,12:33:33.120130921
246,118.44,118,118.46,12:33:33.120130921
1,118.45,118,118.46,12:33:33.120545359
4,118.45,118,118.46,12:33:33.120659999
4,118.45,111,118.46,12:33:33.120659999
7,118.45,111,118.46,12:33:33.120733768
10,118.45,111,118.46,12:33:33.120964693
12,118.45,111,118.46,12:33:33.120983278
13,118.45,111,118.46,12:33:33.120983278
13,118.45,121,118.46,12:33:33.120983278
13,118.45,103,118.46,12:33:33.121103713
13,118.45,102,118.46,12:33:33.121158226
11,118.45,102,118.46,12:33:33.121241458
8,118.45,102,118.46,12:33:33.123794893
9,118.45,102,118.46,12:33:33.141274443
8,118.45,102,118.46,12:33:33.141543720
9,118.45,102,118.46,12:33:33.419448683
8,118.45,102,118.46,12:33:33.420717677
9,118.45,102,118.46,12:33:33.703527921
10,118.45,102,118.46,12:33:33.762334190
7,118.45,102,118.46,12:33:33.837952594
6,118.45,102,118.46,12:33:33.839089009
5,118.45,102,118.46,12:33:33.839206819
6,118.45,102,118.46,12:33:33.840133583
7,118.45,102,118.46,12:33:33.840341260
8,118.45,102,118.46,12:33:33.840410604
7,118.45,102,118.46,12:33:33.842247915
6,118.45,102,118.46,12:33:33.843577401
5,118.45,102,118.46,12:33:33.849023654
4,118.45,102,118.46,12:33:33.849218876
1,118.45,102,118.46,12:33:33.910674537
238,118.44,102,118.46,12:33:33.920648252
236,118.44,102,118.46,12:33:33.920834673
236,118.44,120,118.46,12:33:33.920926745
234,118.44,120,118.46,12:33:33.920926745
234,118.44,126,118.46,12:33:33.920999157
234,118.44,8,118.45,12:33:33.922117296
230,118.44,8,118.45,12:33:33.922332637
230,118.44,12,118.45,12:33:33.922427556
230,118.44,13,118.45,12:33:33.922516737
229,118.44,13,118.45,12:33:33.922628723
229,118.44,14,118.45,12:33:33.927389642
228,118.44,14,118.45,12:33:33.927389642
228,118.44,15,118.45,12:33:33.927744649
228,118.44,16,118.45,12:33:33.928363455
228,118.44,19,118.45,12:33:33.928914645
228,118.44,20,118.45,12:33:33.928982905
224,118.44,20,118.45,12:33:33.932325142
224,118.44,19,118.45,12:33:34.047647782
224,118.44,15,118.45,12:33:34.047834566
224,118.44,14,118.45,12:33:34.047990729
224,118.44,13,118.45,12:33:34.048272806
224,118.44,10,118.45,12:33:34.048600681
224,118.44,9,118.45,12:33:34.048728460
224,118.44,1,118.45,12:33:35.305820491
231,118.44,1,118.45,12:33:35.306036209
234,118.44,1,118.45,12:33:35.306151825
240,118.44,1,118.45,12:33:35.306414637
240,118.44,116,118.46,12:33:35.306432092
1,118.45,116,118.46,12:33:35.306784257
1,118.45,110,118.46,12:33:35.306911153
234,118.44,110,118.46,12:33:35.307324921
231,118.44,110,118.46,12:33:35.307397712
224,118.44,110,118.46,12:33:35.307397712
226,118.44,110,118.46,12:33:35.307492109
226,118.44,1,118.45,12:33:35.307576887
226,118.44,2,118.45,12:33:35.307736170
224,118.44,2,118.45,12:33:35.307902655
224,118.44,3,118.45,12:33:35.313206927
224,118.44,2,118.45,12:33:35.316789065
224,118.44,1,118.45,12:33:35.322276504
224,118.44,117,118.46,12:33:35.322276504
98,118.45,117,118.46,12:33:35.322276504
98,118.45,99,118.46,12:33:35.322643232
101,118.45,99,118.46,12:33:35.322756320
102,118.45,99,118.46,12:33:35.322777757
102,118.45,92,118.46,12:33:36.045556257
103,118.45,92,118.46,12:33:38.152464270
103,118.45,93,118.46,12:33:39.578783418
103,118.45,100,118.46,12:33:39.578986249
103,118.45,92,118.46,12:33:46.171735182
103,118.45,85,118.46,12:33:46.631831975
103,118.45,83,118.46,12:33:46.631984069
104,118.45,83,118.46,12:33:46.632153573
103,118.45,83,118.46,12:33:48.535089928
104,118.45,83,118.46,12:33:49.258979429
104,118.45,68,118.46,12:33:49.259676868
104,118.45,66,118.46,12:33:49.260035553
104,118.45,68,118.46,12:33:49.260236391
104,118.45,75,118.46,12:33:49.260436000
104,118.45,68,118.46,12:33:49.370122873
104,118.45,66,118.46,12:33:49.373152342
104,118.45,68,118.46,12:33:49.379399175
104,118.45,73,118.46,12:33:49.379577707
104,118.45,68,118.46,12:33:51.357520847
104,118.45,67,118.46,12:33:51.783801134
110,118.45,67,118.46,12:33:54.644878922
109,118.45,67,118.46,12:33:56.549441822
110,118.45,67,118.46,12:33:56.550495502
109,118.45,67,118.46,12:33:56.557791496
109,118.45,68,118.46,12:33:56.599380129
109,118.45,74,118.46,12:33:56.599591620
110,118.45,74,118.46,12:33:58.200249566
110,118.45,68,118.46,12:33:58.201204426
109,118.45,68,118.46,12:33:58.375101725
110,118.45,68,118.46,12:33:58.533996847
109,118.45,68,118.46,12:33:58.869431766
110,118.45,68,118.46,12:33:58.869620956
109,118.45,68,118.46,12:33:58.873028387
109,118.45,67,118.46,12:34:00.272791126
109,118.45,60,118.46,12:34:00.272867861
109,118.45,59,118.46,12:34:00.272979503
113,118.45,59,118.46,12:34:00.273072188
115,118.45,59,118.46,12:34:00.273072188
115,118.45,57,118.46,12:34:00.273072188
115,118.45,58,118.46,12:34:00.273162435
116,118.45,58,118.46,12:34:00.273244642
116,118.45,44,118.46,12:34:00.273329891
116,118.45,40,118.46,12:34:00.273329891
114,118.45,40,118.46,12:34:00.273406646
114,118.45,47,118.46,12:34:00.273484050
114,118.45,48,118.46,12:34:00.273555503
114,118.45,49,118.46,12:34:00.303133972
114,118.45,50,118.46,12:34:00.303287639
114,118.45,57,118.46,12:34:00.426803555
114,118.45,56,118.46,12:34:02.520656145
114,118.45,55,118.46,12:34:02.521210524
114,118.45,48,118.46,12:34:02.521883171
114,118.45,49,118.46,12:34:02.528034331
114,118.45,50,118.46,12:34:02.528211291
114,118.45,49,118.46,12:34:02.529873376
114,118.45,48,118.46,12:34:02.530772140
114,118.45,49,118.46,12:34:02.537339383
114,118.45,50,118.46,12:34:02.537493015
114,118.45,49,118.46,12:34:02.545846112
114,118.45,50,118.46,12:34:02.556601358
114,118.45,51,118.46,12:34:02.577355613
114,118.45,50,118.46,12:34:02.609637495
114,118.45,51,118.46,12:34:02.631907682
114,118.45,52,118.46,12:34:03.419405385
114,118.45,51,118.46,12:34:03.630445266
114,118.45,50,118.46,12:34:03.630513470
114,118.45,49,118.46,12:34:03.630678769
114,118.45,48,118.46,12:34:04.046357158
114,118.45,51,118.46,12:34:05.058135963
114,118.45,52,118.46,12:34:06.108601587
114,118.45,54,118.46,12:34:06.108816972
114,118.45,51,118.46,12:34:06.165241807
114,118.45,52,118.46,12:34:06.563581746
114,118.45,53,118.46,12:34:06.563645593
114,118.45,54,118.46,12:34:06.563872716
114,118.45,53,118.46,12:34:07.014510037
114,118.45,52,118.46,12:34:07.014575806
114,118.45,53,118.46,12:34:07.015299933
114,118.45,52,118.46,12:34:07.467678662
114,118.45,50,118.46,12:34:08.555453495
114,118.45,49,118.46,12:34:08.555607274
114,118.45,48,118.46,12:34:09.486028738
114,118.45,49,118.46,12:34:09.489962238
114,118.45,50,118.46,12:34:09.490167029
114,118.45,52,118.46,12:34:09.490241887
114,118.45,53,118.46,12:34:09.490375618
114,118.45,52,118.46,12:34:10.312040797
114,118.45,41,118.46,12:34:10.312204515
115,118.45,41,118.46,12:34:10.312432461
115,118.45,40,118.46,12:34:10.312515634
115,118.45,39,118.46,12:34:10.312515634
115,118.45,37,118.46,12:34:10.312515634
116,118.45,37,118.46,12:34:12.689956736
116,118.45,36,118.46,12:34:12.721580327
116,118.45,35,118.46,12:34:12.721641341
116,118.45,34,118.46,12:34:12.721788337
134,118.45,34,118.46,12:34:12.721856413
135,118.45,34,118.46,12:34:12.722015578
135,118.45,33,118.46,12:34:12.722098192
135,118.45,32,118.46,12:34:12.748067538
135,118.45,31,118.46,12:34:12.748067538
135,118.45,28,118.46,12:34:12.748437037
135,118.45,27,118.46,12:34:12.748437037
135,118.45,20,118.46,12:34:12.748437037
145,118.45,20,118.46,12:34:12.748542584
153,118.45,20,118.46,12:34:12.748542584
153,118.45,18,118.46,12:34:12.748542584
154,118.45,18,118.46,12:34:12.748542584
154,118.45,11,118.46,12:34:12.748625067
154,118.45,9,118.46,12:34:12.750118861
154,118.45,7,118.46,12:34:12.750232652
154,118.45,5,118.46,12:34:12.750251833
154,118.45,4,118.46,12:34:12.750251833
154,118.45,3,118.46,12:34:12.750251833
154,118.45,2,118.46,12:34:12.750251833
154,118.45,1,118.46,12:34:12.750251833
154,118.45,118,118.47,12:34:12.750267033
156,118.45,118,118.47,12:34:12.750359297
156,118.45,117,118.47,12:34:12.750465027
146,118.45,117,118.47,12:34:12.894386274
1,118.46,117,118.47,12:34:13.167434130
1,118.46,127,118.47,12:34:13.167798200
145,118.45,127,118.47,12:34:13.281299625
145,118.45,126,118.47,12:34:14.824934997
1,118.46,126,118.47,12:34:15.431615272
2,118.46,126,118.47,12:34:15.431773038
1,118.46,126,118.47,12:34:15.432389430
146,118.45,126,118.47,12:34:15.432389430
145,118.45,126,118.47,12:34:15.432619780
1,118.46,126,118.47,12:34:15.434960065
4,118.46,126,118.47,12:34:15.435212107
3,118.46,126,118.47,12:34:15.435316417
4,118.46,126,118.47,12:34:15.435316417
6,118.46,126,118.47,12:34:15.435394773
7,118.46,126,118.47,12:34:15.435580872
4,118.46,126,118.47,12:34:15.435580872
5,118.46,126,118.47,12:34:15.435673000
8,118.46,126,118.47,12:34:15.435932462
6,118.46,126,118.47,12:34:15.436004913
6,118.46,120,118.47,12:34:15.437931040
5,118.46,120,118.47,12:34:15.438631890
4,118.46,120,118.47,12:34:15.440885508
1,118.46,120,118.47,12:34:15.440885508
165,118.45,120,118.47,12:34:15.441311050
163,118.45,120,118.47,12:34:15.442079266
164,118.45,120,118.47,12:34:15.442079266
168,118.45,120,118.47,12:34:15.442183772
17,118.46,120,118.47,12:34:15.443375186
20,118.46,120,118.47,12:34:15.443639400
21,118.46,120,118.47,12:34:15.443732312
22,118.46,120,118.47,12:34:15.447170783
21,118.46,120,118.47,12:34:15.453056256
22,118.46,120,118.47,12:34:15.453403091
22,118.46,119,118.47,12:34:15.666858475
28,118.46,119,118.47,12:34:15.841058720
11,118.46,119,118.47,12:34:16.089373479
10,118.46,119,118.47,12:34:16.089693591
7,118.46,119,118.47,12:34:16.278352614
9,118.46,119,118.47,12:34:17.015243677
7,118.46,119,118.47,12:34:17.015413578
9,118.46,119,118.47,12:34:17.015623908
7,118.46,119,118.47,12:34:17.015814489
8,118.46,119,118.47,12:34:17.016079037
16,118.46,119,118.47,12:34:17.017312197
17,118.46,119,118.47,12:34:17.017412844
18,118.46,119,118.47,12:34:17.017528015
21,118.46,119,118.47,12:34:17.017664981
32,118.46,119,118.47,12:34:17.019737197
34,118.46,119,118.47,12:34:17.019921446
32,118.46,119,118.47,12:34:17.020229145
33,118.46,119,118.47,12:34:17.020511769
32,118.46,119,118.47,12:34:17.020729519
24,118.46,119,118.47,12:34:17.037121503
13,118.46,119,118.47,12:34:17.037184476
12,118.46,119,118.47,12:34:17.037293135
9,118.46,119,118.47,12:34:17.037402693
8,118.46,119,118.47,12:34:17.037402693
9,118.46,119,118.47,12:34:17.052301834
10,118.46,119,118.47,12:34:17.052479581
21,118.46,119,118.47,12:34:17.052644893
20,118.46,119,118.47,12:34:17.052936390
19,118.46,119,118.47,12:34:17.053090799
22,118.46,119,118.47,12:34:17.076276093
19,118.46,119,118.47,12:34:17.229802640
8,118.46,119,118.47,12:34:18.341094323
7,118.46,119,118.47,12:34:18.449076039
7,118.46,126,118.47,12:34:18.449274833
7,118.46,120,118.47,12:34:20.850049386
10,118.46,120,118.47,12:34:20.850321668
21,118.46,120,118.47,12:34:20.850321668
21,118.46,113,118.47,12:34:20.850399988
10,118.46,113,118.47,12:34:20.850589567
7,118.46,113,118.47,12:34:20.850786986
7,118.46,122,118.47,12:34:20.860932188
7,118.46,129,118.47,12:34:20.861111931
18,118.46,129,118.47,12:34:21.726451663
18,118.46,122,118.47,12:34:21.734890203
7,118.46,122,118.47,12:34:24.916408841
8,118.46,122,118.47,12:34:25.140170394
9,118.46,122,118.47,12:34:25.140351008
20,118.46,122,118.47,12:34:25.140520425
23,118.46,122,118.47,12:34:25.141084358
23,118.46,126,118.47,12:34:25.141414415
23,118.46,130,118.47,12:34:25.141568581
22,118.46,130,118.47,12:34:25.141706770
19,118.46,130,118.47,12:34:25.141870959
8,118.46,130,118.47,12:34:25.609650523
7,118.46,130,118.47,12:34:25.609827165
7,118.46,126,118.47,12:34:25.609922945
9,118.46,126,118.47,12:34:25.610151704
9,118.46,125,118.47,12:34:25.784712549
9,118.46,121,118.47,12:34:25.784803927
10,118.46,121,118.47,12:34:25.784894458
10,118.46,113,118.47,12:34:25.784894458
20,118.46,113,118.47,12:34:25.785044651
20,118.46,112,118.47,12:34:25.785044651
21,118.46,112,118.47,12:34:25.785044651
21,118.46,109,118.47,12:34:25.785044651
24,118.46,109,118.47,12:34:25.785044651
24,118.46,106,118.47,12:34:25.785044651
32,118.46,106,118.47,12:34:25.785044651
32,118.46,102,118.47,12:34:25.785044651
32,118.46,92,118.47,12:34:25.785062046
32,118.46,86,118.47,12:34:25.785062046
40,118.46,86,118.47,12:34:25.785145803
41,118.46,86,118.47,12:34:25.785145803
41,118.46,76,118.47,12:34:25.785169099
41,118.46,75,118.47,12:34:25.785169099
41,118.46,69,118.47,12:34:25.785169099
41,118.46,62,118.47,12:34:25.785169099
49,118.46,62,118.47,12:34:25.785169099
60,118.46,62,118.47,12:34:25.785229541
71,118.46,62,118.47,12:34:25.785552119
71,118.46,44,118.47,12:34:25.785650938
77,118.46,44,118.47,12:34:25.785666355
77,118.46,35,118.47,12:34:25.786047875
77,118.46,32,118.47,12:34:25.786047875
86,118.46,32,118.47,12:34:25.786047875
90,118.46,32,118.47,12:34:25.786047875
97,118.46,32,118.47,12:34:25.786062240
97,118.46,21,118.47,12:34:25.786168161
97,118.46,23,118.47,12:34:25.786189850
97,118.46,21,118.47,12:34:25.786189850
97,118.46,22,118.47,12:34:25.786410653
97,118.46,20,118.47,12:34:25.786501066
90,118.46,20,118.47,12:34:25.786584351
84,118.46,20,118.47,12:34:25.786673436
84,118.46,19,118.47,12:34:25.786924829
84,118.46,17,118.47,12:34:25.786940176
84,118.46,16,118.47,12:34:25.786940176
84,118.46,15,118.47,12:34:25.786954003
84,118.46,14,118.47,12:34:25.786954003
84,118.46,13,118.47,12:34:25.786969692
84,118.46,12,118.47,12:34:25.786969692
84,118.46,6,118.47,12:34:25.786969692
84,118.46,4,118.47,12:34:25.786983308
84,118.46,3,118.47,12:34:25.786997039
84,118.46,1,118.47,12:34:25.787011449
84,118.46,117,118.48,12:34:25.787011449
80,118.46,117,118.48,12:34:25.787096947
80,118.46,5,118.47,12:34:25.787224425
80,118.46,8,118.47,12:34:25.787241154
80,118.46,3,118.47,12:34:25.787254604
80,118.46,117,118.48,12:34:25.787270217
80,118.46,132,118.48,12:34:25.787316806
80,118.46,11,118.47,12:34:25.787380752
82,118.46,11,118.47,12:34:25.787455730
82,118.46,132,118.48,12:34:25.787455730
88,118.46,132,118.48,12:34:25.787667990
88,118.46,3,118.47,12:34:25.787841452
88,118.46,4,118.47,12:34:25.787841452
88,118.46,1,118.47,12:34:25.787864044
88,118.46,132,118.48,12:34:25.787864044
92,118.46,132,118.48,12:34:25.788207813
94,118.46,132,118.48,12:34:25.788207813
92,118.46,132,118.48,12:34:25.788577003
88,118.46,132,118.48,12:34:25.788679387
82,118.46,132,118.48,12:34:25.788736965
82,118.46,1,118.47,12:34:25.789776302
82,118.46,3,118.47,12:34:25.789958119
82,118.46,2,118.47,12:34:25.790033764
82,118.46,1,118.47,12:34:25.790121760
83,118.46,1,118.47,12:34:25.790264332
83,118.46,2,118.47,12:34:25.790444908
84,118.46,2,118.47,12:34:25.790444908
91,118.46,2,118.47,12:34:25.790585837
91,118.46,1,118.47,12:34:25.790767507
91,118.46,117,118.48,12:34:25.790767507
93,118.46,117,118.48,12:34:25.790836189
94,118.46,117,118.48,12:34:25.790988918
94,118.46,112,118.48,12:34:25.792597291
96,118.46,112,118.48,12:34:25.798638723
103,118.46,112,118.48,12:34:25.798965632
103,118.46,106,118.48,12:34:25.799231909
1,118.47,106,118.48,12:34:25.801994084
4,118.47,106,118.48,12:34:25.802151338
5,118.47,106,118.48,12:34:25.802235559
8,118.47,106,118.48,12:34:25.802387300
7,118.47,106,118.48,12:34:25.803105891
4,118.47,106,118.48,12:34:25.805646097
5,118.47,106,118.48,12:34:25.808734088
8,118.47,106,118.48,12:34:25.808936987
11,118.47,106,118.48,12:34:25.809797748
12,118.47,106,118.48,12:34:25.810385277
11,118.47,106,118.48,12:34:25.810644867
12,118.47,106,118.48,12:34:25.811999356
13,118.47,106,118.48,12:34:25.813571146
14,118.47,106,118.48,12:34:25.813907326
19,118.47,106,118.48,12:34:25.814091146
18,118.47,106,118.48,12:34:25.814162804
19,118.47,106,118.48,12:34:25.814434486
18,118.47,106,118.48,12:34:25.814891453
19,118.47,106,118.48,12:34:25.815669951
20,118.47,106,118.48,12:34:25.816213694
23,118.47,106,118.48,12:34:25.816995960
23,118.47,95,118.48,12:34:25.817243825
34,118.47,95,118.48,12:34:25.817466791
34,118.47,94,118.48,12:34:25.817842660
35,118.47,94,118.48,12:34:25.828385541
35,118.47,93,118.48,12:34:25.828557522
41,118.47,93,118.48,12:34:25.828614655
53,118.47,93,118.48,12:34:25.836799701
59,118.47,93,118.48,12:34:25.836910554
59,118.47,92,118.48,12:34:25.836976317
59,118.47,96,118.48,12:34:25.841492407
59,118.47,97,118.48,12:34:25.859795106
59,118.47,98,118.48,12:34:25.861219824
65,118.47,98,118.48,12:34:25.881897456
64,118.47,98,118.48,12:34:25.884929867
58,118.47,98,118.48,12:34:25.886733811
57,118.47,98,118.48,12:34:25.886949792
57,118.47,97,118.48,12:34:25.890264931
56,118.47,97,118.48,12:34:25.890396938
44,118.47,97,118.48,12:34:25.890574515
44,118.47,107,118.48,12:34:25.890640173
38,118.47,107,118.48,12:34:25.890727231
38,118.47,111,118.48,12:34:25.890727231
38,118.47,107,118.48,12:34:25.912216264
37,118.47,107,118.48,12:34:26.038985152
36,118.47,107,118.48,12:34:26.068108671
25,118.47,107,118.48,12:34:26.068265141
25,118.47,109,118.48,12:34:26.068358664
22,118.47,109,118.48,12:34:26.862414321
19,118.47,109,118.48,12:34:26.862490994
14,118.47,109,118.48,12:34:26.863481486
14,118.47,107,118.48,12:34:26.863481486
14,118.47,108,118.48,12:34:26.863633953
13,118.47,108,118.48,12:34:26.863746689
13,118.47,109,118.48,12:34:26.863845073
11,118.47,109,118.48,12:34:26.864043654
8,118.47,109,118.48,12:34:26.864159293
7,118.47,109,118.48,12:34:26.864178813
6,118.47,109,118.48,12:34:26.864178813
115,118.46,109,118.48,12:34:26.864178813
97,118.46,109,118.48,12:34:26.864523811
98,118.46,109,118.48,12:34:26.864523811
91,118.46,109,118.48,12:34:26.865003362
91,118.46,1,118.47,12:34:26.865585920
91,118.46,13,118.47,12:34:26.865852174
91,118.46,14,118.47,12:34:26.865961887
91,118.46,13,118.47,12:34:26.865961887
91,118.46,12,118.47,12:34:26.866051103
91,118.46,20,118.47,12:34:26.866051103
91,118.46,19,118.47,12:34:26.866260645
91,118.46,11,118.47,12:34:26.867246942
97,118.46,11,118.47,12:34:26.867311601
101,118.46,11,118.47,12:34:26.867380052
101,118.46,114,118.48,12:34:26.867538375
1,118.47,114,118.48,12:34:26.871662491
2,118.47,114,118.48,12:34:26.871882327
3,118.47,114,118.48,12:34:26.872169270
4,118.47,114,118.48,12:34:26.875837463
11,118.47,114,118.48,12:34:26.875998944
10,118.47,114,118.48,12:34:26.903421479
9,118.47,114,118.48,12:34:26.903567499
8,118.47,114,118.48,12:34:26.930037328
9,118.47,114,118.48,12:34:26.968323502
10,118.47,114,118.48,12:34:26.968505953
10,118.47,124,118.48,12:34:26.971367286
9,118.47,124,118.48,12:34:26.981530920
8,118.47,124,118.48,12:34:27.000982121
1,118.47,124,118.48,12:34:27.001035861
91,118.46,124,118.48,12:34:27.057453602
91,118.46,114,118.48,12:34:27.158594471
91,118.46,113,118.48,12:34:27.885521937
91,118.46,112,118.48,12:34:28.011223334
91,118.46,4,118.47,12:34:28.863468879
91,118.46,12,118.47,12:34:28.863529708
91,118.46,15,118.47,12:34:28.863832639
97,118.46,15,118.47,12:34:28.863922638
97,118.46,30,118.47,12:34:28.863922638
101,118.46,30,118.47,12:34:28.863922638
108,118.46,30,118.47,12:34:28.864064773
101,118.46,30,118.47,12:34:28.864758798
100,118.46,30,118.47,12:34:28.864997287
100,118.46,26,118.47,12:34:28.867199126
100,118.46,11,118.47,12:34:28.867270361
100,118.46,8,118.47,12:34:28.867487794
100,118.46,9,118.47,12:34:28.874149507
100,118.46,10,118.47,12:34:28.874434981
100,118.46,11,118.47,12:34:28.882127213
100,118.46,12,118.47,12:34:28.882301776
100,118.46,13,118.47,12:34:28.882377290
100,118.46,16,118.47,12:34:28.882493728
98,118.46,16,118.47,12:34:28.882676253
98,118.46,14,118.47,12:34:28.888526807
98,118.46,11,118.47,12:34:28.888735006
98,118.46,10,118.47,12:34:28.888808155
98,118.46,4,118.47,12:34:28.888883240
91,118.46,4,118.47,12:34:28.888883240
91,118.46,3,118.47,12:34:28.889149610
91,118.46,11,118.47,12:34:28.889291627
91,118.46,14,118.47,12:34:28.892496747
93,118.46,14,118.47,12:34:28.892666775
100,118.46,14,118.47,12:34:28.892874322
100,118.46,15,118.47,12:34:28.978663262
100,118.46,30,118.47,12:34:28.978913451
93,118.46,30,118.47,12:34:28.981155526
93,118.46,22,118.47,12:34:30.323921752
93,118.46,7,118.47,12:34:30.324102939
93,118.46,4,118.47,12:34:30.324234424
93,118.46,3,118.47,12:34:30.324337496
93,118.46,2,118.47,12:34:30.324480529
93,118.46,1,118.47,12:34:30.324635585
93,118.46,112,118.48,12:34:30.324710563
93,118.46,97,118.48,12:34:30.324779835
89,118.46,97,118.48,12:34:30.325054317
83,118.46,97,118.48,12:34:30.325054317
83,118.46,108,118.48,12:34:30.325355219
83,118.46,8,118.47,12:34:30.325651657
83,118.46,11,118.47,12:34:30.326017879
83,118.46,25,118.47,12:34:30.326017879
83,118.46,28,118.47,12:34:30.326126390
83,118.46,32,118.47,12:34:30.326371507
83,118.46,33,118.47,12:34:30.326457110
81,118.46,33,118.47,12:34:30.326606828
81,118.46,32,118.47,12:34:30.326606828
79,118.46,32,118.47,12:34:32.356546659
79,118.46,33,118.47,12:34:32.356728562
79,118.46,34,118.47,12:34:32.356993108
77,118.46,34,118.47,12:34:32.356993108
77,118.46,33,118.47,12:34:33.669416721
77,118.46,19,118.47,12:34:33.674958762
77,118.46,15,118.47,12:34:33.674958762
79,118.46,15,118.47,12:34:33.675201088
86,118.46,15,118.47,12:34:33.675409952
86,118.46,12,118.47,12:34:33.675691472
88,118.46,12,118.47,12:34:33.786675041
90,118.46,12,118.47,12:34:33.786828444
93,118.46,12,118.47,12:34:33.786894073
93,118.46,11,118.47,12:34:33.787060096
90,118.46,11,118.47,12:34:34.870230838
90,118.46,12,118.47,12:34:35.426989238
90,118.46,13,118.47,12:34:35.435187250
90,118.46,15,118.47,12:34:35.438396237
90,118.46,17,118.47,12:34:35.438459250
79,118.46,17,118.47,12:34:35.439141139
70,118.46,17,118.47,12:34:35.439209055
68,118.46,17,118.47,12:34:35.439353852
68,118.46,18,118.47,12:34:35.439439557
68,118.46,19,118.47,12:34:35.439439557
68,118.46,18,118.47,12:34:35.439599810
66,118.46,18,118.47,12:34:35.439699599
66,118.46,33,118.47,12:34:35.439699599
66,118.46,34,118.47,12:34:35.439808124
64,118.46,34,118.47,12:34:35.439874328
64,118.46,33,118.47,12:34:35.442368237
64,118.46,31,118.47,12:34:35.498758074
64,118.46,16,118.47,12:34:35.499125331
64,118.46,15,118.47,12:34:35.499348336
57,118.46,15,118.47,12:34:35.499415347
57,118.46,17,118.47,12:34:35.634361676
57,118.46,19,118.47,12:34:35.634613625
57,118.46,35,118.47,12:34:35.634756495
57,118.46,33,118.47,12:34:35.634924351
57,118.46,17,118.47,12:34:35.728301762
57,118.46,15,118.47,12:34:35.728476066
57,118.46,26,118.47,12:34:36.476229032
57,118.46,27,118.47,12:34:36.476389137
57,118.46,16,118.47,12:34:36.476580986
57,118.46,32,118.47,12:34:36.476580986
57,118.46,31,118.47,12:34:36.476645108
57,118.46,15,118.47,12:34:36.477648034
57,118.46,16,118.47,12:34:37.014712613
57,118.46,15,118.47,12:34:37.514919935
57,118.46,16,118.47,12:34:37.593681479
57,118.46,17,118.47,12:34:37.593858022
57,118.46,18,118.47,12:34:37.593920948
57,118.46,20,118.47,12:34:37.594032900
57,118.46,21,118.47,12:34:37.598517009
57,118.46,20,118.47,12:34:37.598830643
57,118.46,19,118.47,12:34:37.599392269
57,118.46,18,118.47,12:34:37.599633221
57,118.46,19,118.47,12:34:37.822781884
57,118.46,18,118.47,12:34:37.826475822
57,118.46,19,118.47,12:34:37.827071756
57,118.46,18,118.47,12:34:37.939072286
57,118.46,19,118.47,12:34:38.048226995
57,118.46,20,118.47,12:34:38.052466038
57,118.46,19,118.47,12:34:38.285712686
57,118.46,18,118.47,12:34:38.289536795
57,118.46,19,118.47,12:34:39.835874691
57,118.46,37,118.47,12:34:43.639680676
57,118.46,38,118.47,12:34:43.639680676
57,118.46,49,118.47,12:34:43.639696500
57,118.46,69,118.47,12:34:43.639696500
57,118.46,87,118.47,12:34:43.640027735
49,118.46,87,118.47,12:34:43.640027735
39,118.46,87,118.47,12:34:43.640027735
39,118.46,98,118.47,12:34:43.640153437
28,118.46,98,118.47,12:34:43.640279856
28,118.46,101,118.47,12:34:43.640296096
27,118.46,101,118.47,12:34:43.640296096
27,118.46,103,118.47,12:34:43.640422284
38,118.46,103,118.47,12:34:43.640437237
38,118.46,92,118.47,12:34:43.640692835
39,118.46,92,118.47,12:34:43.640839805
46,118.46,92,118.47,12:34:43.641041686
46,118.46,89,118.47,12:34:44.960587987
62,118.46,89,118.47,12:34:44.960738431
62,118.46,78,118.47,12:34:44.960953079
62,118.46,58,118.47,12:34:44.982015019
62,118.46,57,118.47,12:34:44.982182316
62,118.46,39,118.47,12:34:44.982258396
62,118.46,37,118.47,12:34:44.982392882
62,118.46,19,118.47,12:34:44.982472482
62,118.46,18,118.47,12:34:44.982472482
62,118.46,16,118.47,12:34:44.982705806
62,118.46,17,118.47,12:34:45.025231686
62,118.46,16,118.47,12:34:45.031636983
62,118.46,17,118.47,12:34:46.337171796
62,118.46,20,118.47,12:34:47.016031866
62,118.46,28,118.47,12:34:47.016331469
62,118.46,30,118.47,12:34:47.016331469
62,118.46,31,118.47,12:34:47.016427891
62,118.46,41,118.47,12:34:47.016502944
62,118.46,49,118.47,12:34:47.016643836
62,118.46,41,118.47,12:34:47.019088929
62,118.46,31,118.47,12:34:47.019163259
62,118.46,28,118.47,12:34:47.019405370
62,118.46,27,118.47,12:34:47.019405370
55,118.46,27,118.47,12:34:47.019471514
55,118.46,28,118.47,12:34:47.019650884
55,118.46,30,118.47,12:34:47.019848125
55,118.46,29,118.47,12:34:47.020226736
55,118.46,30,118.47,12:34:47.020640128
55,118.46,31,118.47,12:34:47.020821174
55,118.46,30,118.47,12:34:47.020887177
55,118.46,28,118.47,12:34:47.021603157
55,118.46,27,118.47,12:34:47.032055616
62,118.46,27,118.47,12:34:47.041626803
69,118.46,27,118.47,12:34:47.041944095
69,118.46,28,118.47,12:34:47.494414035
69,118.46,27,118.47,12:34:47.513878148
69,118.46,28,118.47,12:34:47.525985720
69,118.46,29,118.47,12:34:47.526318801
69,118.46,28,118.47,12:34:47.703798899
69,118.46,27,118.47,12:34:47.703933735
62,118.46,27,118.47,12:34:47.877309030
62,118.46,28,118.47,12:34:47.982432078
62,118.46,29,118.47,12:34:47.982673748
62,118.46,30,118.47,12:34:47.982802186
62,118.46,29,118.47,12:34:48.005165298
62,118.46,28,118.47,12:34:48.005313397
62,118.46,27,118.47,12:34:50.042759765
62,118.46,39,118.47,12:34:50.358355116
46,118.46,39,118.47,12:34:50.358522313
46,118.46,45,118.47,12:34:50.358522313
46,118.46,58,118.47,12:34:50.358522313
46,118.46,76,118.47,12:34:50.358696958
46,118.46,77,118.47,12:34:50.358812582
46,118.46,88,118.47,12:34:50.358812582
46,118.46,95,118.47,12:34:50.358812582
46,118.46,97,118.47,12:34:50.359010351
46,118.46,86,118.47,12:34:50.359170757
46,118.46,88,118.47,12:34:50.359187183
46,118.46,89,118.47,12:34:50.359312530
46,118.46,71,118.47,12:34:50.370695203
46,118.46,69,118.47,12:34:50.370976044
46,118.46,56,118.47,12:34:50.380304856
46,118.46,49,118.47,12:34:50.380444113
46,118.46,48,118.47,12:34:50.380517892
46,118.46,36,118.47,12:34:50.380699908
46,118.46,30,118.47,12:34:50.380775991
46,118.46,29,118.47,12:34:50.380911927
64,118.46,29,118.47,12:34:50.458595867
64,118.46,27,118.47,12:34:50.458778236
69,118.46,27,118.47,12:34:50.458838533
69,118.46,28,118.47,12:34:52.255520240
69,118.46,31,118.47,12:34:52.255858047
71,118.46,31,118.47,12:34:52.269947188
71,118.46,30,118.47,12:34:52.683850245
66,118.46,30,118.47,12:34:53.473123363
66,118.46,27,118.47,12:34:53.473187352
66,118.46,19,118.47,12:34:53.546894960
66,118.46,20,118.47,12:34:54.055608957
66,118.46,31,118.47,12:34:54.055677648
66,118.46,32,118.47,12:34:54.056124844
66,118.46,50,118.47,12:34:54.056124844
66,118.46,51,118.47,12:34:54.056230477
66,118.46,50,118.47,12:34:54.056230477
66,118.46,39,118.47,12:34:54.056245733
66,118.46,40,118.47,12:34:54.056307184
66,118.46,39,118.47,12:34:54.056307184
66,118.46,38,118.47,12:34:54.056439603
66,118.46,20,118.47,12:34:54.057021446
66,118.46,19,118.47,12:34:54.057163608
66,118.46,20,118.47,12:34:54.218337507
66,118.46,21,118.47,12:34:54.218534015
66,118.46,23,118.47,12:34:54.218703346
66,118.46,24,118.47,12:34:54.748514228
66,118.46,32,118.47,12:34:54.748514228
66,118.46,33,118.47,12:34:54.748727050
66,118.46,53,118.47,12:34:54.748821593
66,118.46,71,118.47,12:34:54.748897069
66,118.46,70,118.47,12:34:54.749039456
66,118.46,72,118.47,12:34:54.749039456
66,118.46,73,118.47,12:34:54.751969393
66,118.46,76,118.47,12:34:54.752177693
48,118.46,76,118.47,12:34:54.752278426
48,118.46,86,118.47,12:34:54.752678541
48,118.46,76,118.47,12:34:54.754875358
48,118.46,75,118.47,12:34:54.755314891
48,118.46,55,118.47,12:34:54.758162300
48,118.46,37,118.47,12:34:54.759038715
48,118.46,34,118.47,12:34:54.759115688
48,118.46,35,118.47,12:34:54.816180168
48,118.46,36,118.47,12:34:54.816354901
48,118.46,35,118.47,12:34:54.818278304
48,118.46,36,118.47,12:34:54.819651281
48,118.46,35,118.47,12:34:54.840438417
48,118.46,33,118.47,12:34:54.850929623
48,118.46,32,118.47,12:34:54.852023221
63,118.46,32,118.47,12:34:54.852381366
63,118.46,31,118.47,12:34:54.852580721
67,118.46,31,118.47,12:34:54.852650913
67,118.46,32,118.47,12:34:55.387065942
67,118.46,33,118.47,12:34:55.387238851
63,118.46,33,118.47,12:34:55.586421685
63,118.46,34,118.47,12:34:55.651622241
63,118.46,37,118.47,12:34:55.651797893
63,118.46,38,118.47,12:34:55.653551073
63,118.46,52,118.47,12:34:55.654013447
63,118.46,56,118.47,12:34:55.654122911
63,118.46,57,118.47,12:34:55.654193386
63,118.46,56,118.47,12:34:55.654831174
63,118.46,52,118.47,12:34:58.548512332
63,118.46,38,118.47,12:34:58.548574227
63,118.46,37,118.47,12:34:58.548708099
63,118.46,36,118.47,12:34:58.548777097
63,118.46,33,118.47,12:34:58.548844515
63,118.46,32,118.47,12:34:58.548985356
63,118.46,34,118.47,12:34:58.576024394
63,118.46,38,118.47,12:34:58.576211827
63,118.46,39,118.47,12:34:58.576313293
63,118.46,38,118.47,12:34:58.592207187
63,118.46,36,118.47,12:34:58.596404361
63,118.46,32,118.47,12:34:58.598304785
63,118.46,31,118.47,12:34:58.697805690
63,118.46,23,118.47,12:34:59.828495208
63,118.46,22,118.47,12:34:59.831137971
63,118.46,20,118.47,12:34:59.831296818
63,118.46,18,118.47,12:34:59.831472049
63,118.46,21,118.47,12:34:59.835066067
63,118.46,29,118.47,12:34:59.835724660
63,118.46,30,118.47,12:34:59.835819668
63,118.46,29,118.47,12:34:59.836029164
63,118.46,30,118.47,12:34:59.836191080
63,118.46,27,118.47,12:34:59.838238413
63,118.46,26,118.47,12:34:59.838411679
63,118.46,27,118.47,12:34:59.838487517
63,118.46,28,118.47,12:34:59.838487517
63,118.46,29,118.47,12:34:59.838629133
63,118.46,35,118.47,12:34:59.838695811
63,118.46,36,118.47,12:34:59.845100897
63,118.46,38,118.47,12:34:59.845269065
63,118.46,39,118.47,12:34:59.845329968
63,118.46,41,118.47,12:34:59.845450241
63,118.46,41,118.47,12:34:59.845450241
63,118.46,40,118.47,12:35:00.014823966
63,118.46,39,118.47,12:35:00.015879092
64,118.46,39,118.47,12:35:00.030744529
64,118.46,38,118.47,12:35:00.030906846
67,118.46,38,118.47,12:35:00.030967953
67,118.46,48,118.47,12:35:00.680594175
67,118.46,59,118.47,12:35:00.680594175
67,118.46,60,118.47,12:35:00.680670419
67,118.46,68,118.47,12:35:00.680838431
52,118.46,68,118.47,12:35:00.681008977
52,118.46,67,118.47,12:35:00.681128053
52,118.46,56,118.47,12:35:00.681128053
52,118.46,57,118.47,12:35:00.681209199
52,118.46,58,118.47,12:35:00.681356293
52,118.46,48,118.47,12:35:00.681514299
52,118.46,40,118.47,12:35:00.681583829
52,118.46,39,118.47,12:35:00.681698879
49,118.46,39,118.47,12:35:00.681758783
49,118.46,40,118.47,12:35:00.681897805
49,118.46,51,118.47,12:35:00.681994341
49,118.46,40,118.47,12:35:00.735083376
49,118.46,39,118.47,12:35:00.735253533
49,118.46,38,118.47,12:35:00.735324653
61,118.46,38,118.47,12:35:00.780785152
67,118.46,38,118.47,12:35:00.780984211
69,118.46,38,118.47,12:35:00.781046034
68,118.46,38,118.47,12:35:01.608261579
66,118.46,38,118.47,12:35:01.608276218
65,118.46,38,118.47,12:35:01.608472345
64,118.46,38,118.47,12:35:01.608486892
61,118.46,38,118.47,12:35:01.608501321
53,118.46,38,118.47,12:35:01.608501321
45,118.46,38,118.47,12:35:01.608516178
44,118.46,38,118.47,12:35:01.608516178
43,118.46,38,118.47,12:35:01.608516178
42,118.46,38,118.47,12:35:01.608531056
31,118.46,38,118.47,12:35:01.608531056
30,118.46,38,118.47,12:35:01.608531056
23,118.46,38,118.47,12:35:01.608531056
21,118.46,38,118.47,12:35:01.608545280
20,118.46,38,118.47,12:35:01.608545280
8,118.46,38,118.47,12:35:01.608559609
2,118.46,38,118.47,12:35:01.608559609
189,118.45,38,118.47,12:35:01.608580048
189,118.45,45,118.47,12:35:01.608628119
189,118.45,57,118.47,12:35:01.608780573
180,118.45,57,118.47,12:35:01.608780573
180,118.45,58,118.47,12:35:01.608858131
180,118.45,69,118.47,12:35:01.608858131
180,118.45,73,118.47,12:35:01.608873776
174,118.45,73,118.47,12:35:01.608873776
167,118.45,73,118.47,12:35:01.608873776
167,118.45,75,118.47,12:35:01.609012064
167,118.45,93,118.47,12:35:01.609036388
167,118.45,100,118.47,12:35:01.609036388
167,118.45,101,118.47,12:35:01.609036388
166,118.45,101,118.47,12:35:01.609036388
166,118.45,112,118.47,12:35:01.609036388
166,118.45,120,118.47,12:35:01.609036388
166,118.45,122,118.47,12:35:01.609036388
4,118.46,122,118.47,12:35:01.609473308
5,118.46,122,118.47,12:35:01.609636703
5,118.46,111,118.47,12:35:01.609760272
5,118.46,112,118.47,12:35:01.620749851
5,118.46,113,118.47,12:35:01.620820404
5,118.46,120,118.47,12:35:01.620913691
6,118.46,120,118.47,12:35:01.628076782
6,118.46,124,118.47,12:35:01.630045939
6,118.46,130,118.47,12:35:01.630225645
5,118.46,130,118.47,12:35:01.630421887
4,118.46,130,118.47,12:35:01.663783756
1,118.46,130,118.47,12:35:01.709847722
166,118.45,130,118.47,12:35:01.709847722
166,118.45,134,118.47,12:35:01.767149714
166,118.45,131,118.47,12:35:02.496681029
166,118.45,1,118.46,12:35:04.499667101
148,118.45,1,118.46,12:35:04.499974596
155,118.45,1,118.46,12:35:04.500069357
158,118.45,1,118.46,12:35:04.500069357
164,118.45,1,118.46,12:35:04.500320314
164,118.45,121,118.47,12:35:04.501923167
164,118.45,120,118.47,12:35:04.502090443
158,118.45,120,118.47,12:35:04.502230642
158,118.45,114,118.47,12:35:04.502230642
158,118.45,5,118.46,12:35:04.536497984
158,118.45,6,118.46,12:35:04.536739178
158,118.45,1,118.46,12:35:04.538378332
158,118.45,109,118.47,12:35:04.538560104
165,118.45,109,118.47,12:35:04.538623791
158,118.45,109,118.47,12:35:04.538734184
158,118.45,110,118.47,12:35:04.620904848
158,118.45,116,118.47,12:35:04.621076778
158,118.45,121,118.47,12:35:04.914040259
158,118.45,115,118.47,12:35:05.141828276
154,118.45,115,118.47,12:35:07.705287752
154,118.45,126,118.47,12:35:07.705461614
154,118.45,128,118.47,12:35:07.705789475
154,118.45,11,118.46,12:35:07.731736364
154,118.45,13,118.46,12:35:07.731966086
154,118.45,21,118.46,12:35:07.732039871
154,118.45,22,118.46,12:35:07.732321746
154,118.45,23,118.46,12:35:07.732321746
154,118.45,38,118.46,12:35:07.732692198
146,118.45,38,118.46,12:35:07.733296485
146,118.45,40,118.46,12:35:07.733753409
146,118.45,42,118.46,12:35:07.733900459
145,118.45,42,118.46,12:35:07.735279875
145,118.45,44,118.46,12:35:07.741693026
144,118.45,44,118.46,12:35:07.741894181
144,118.45,45,118.46,12:35:07.741958804
126,118.45,45,118.46,12:35:07.743866271
122,118.45,45,118.46,12:35:07.744609973
120,118.45,45,118.46,12:35:07.744899160
119,118.45,45,118.46,12:35:07.746290603
118,118.45,45,118.46,12:35:07.746449830
118,118.45,46,118.46,12:35:07.747134796
118,118.45,49,118.46,12:35:07.747295914
117,118.45,49,118.46,12:35:07.747473511
117,118.45,50,118.46,12:35:07.747537661
117,118.45,51,118.46,12:35:07.751659750
117,118.45,56,118.46,12:35:07.754494093
117,118.45,58,118.46,12:35:07.754767703
114,118.45,58,118.46,12:35:07.755081136
114,118.45,59,118.46,12:35:07.755081136
107,118.45,59,118.46,12:35:07.755095664
107,118.45,61,118.46,12:35:07.755366562
107,118.45,60,118.46,12:35:07.757885339
108,118.45,60,118.46,12:35:08.020355286
107,118.45,60,118.46,12:35:08.113936031
107,118.45,61,118.46,12:35:08.340902576
107,118.45,62,118.46,12:35:08.645854728
108,118.45,62,118.46,12:35:09.167659830
108,118.45,61,118.46,12:35:09.232571817
108,118.45,62,118.46,12:35:09.447864622
108,118.45,63,118.46,12:35:09.448028254
107,118.45,63,118.46,12:35:09.448102110
107,118.45,62,118.46,12:35:11.824805630
107,118.45,61,118.46,12:35:11.824979665
108,118.45,61,118.46,12:35:11.825063166
108,118.45,60,118.46,12:35:11.871651147
108,118.45,58,118.46,12:35:11.873438995
108,118.45,57,118.46,12:35:11.873611514
109,118.45,57,118.46,12:35:11.873825290
109,118.45,56,118.46,12:35:11.873897341
110,118.45,56,118.46,12:35:11.873974451
109,118.45,56,118.46,12:35:12.034344079
108,118.45,56,118.46,12:35:12.034519695
108,118.45,57,118.46,12:35:12.034592076
108,118.45,56,118.46,12:35:12.141972329
110,118.45,56,118.46,12:35:13.993751014
120,118.45,56,118.46,12:35:13.993896041
120,118.45,55,118.46,12:35:13.994728565
120,118.45,56,118.46,12:35:13.995840871
121,118.45,56,118.46,12:35:13.997952591
120,118.45,56,118.46,12:35:13.999969572
118,118.45,56,118.46,12:35:14.002325057
119,118.45,56,118.46,12:35:14.002967371
120,118.45,56,118.46,12:35:14.005820384
120,118.45,55,118.46,12:35:14.009931545
121,118.45,55,118.46,12:35:14.061487216
121,118.45,53,118.46,12:35:14.061668582
121,118.45,51,118.46,12:35:14.061804483
121,118.45,49,118.46,12:35:14.062971477
121,118.45,47,118.46,12:35:14.805865932
121,118.45,44,118.46,12:35:15.234300627
128,118.45,44,118.46,12:35:17.601994235
129,118.45,44,118.46,12:35:17.602220536
130,118.45,44,118.46,12:35:19.968892820
130,118.45,42,118.46,12:35:20.109709812
130,118.45,41,118.46,12:35:20.109932882
130,118.45,26,118.46,12:35:20.110014853
129,118.45,26,118.46,12:35:20.110014853
129,118.45,25,118.46,12:35:20.110190053
129,118.45,23,118.46,12:35:20.110255470
130,118.45,23,118.46,12:35:20.110437553
130,118.45,15,118.46,12:35:20.110600027
133,118.45,15,118.46,12:35:20.110658613
151,118.45,15,118.46,12:35:20.111052289
151,118.45,9,118.46,12:35:20.111068542
153,118.45,9,118.46,12:35:20.111068542
153,118.45,7,118.46,12:35:20.111369786
153,118.45,6,118.46,12:35:20.111369786
153,118.45,3,118.46,12:35:20.113823525
153,118.45,2,118.46,12:35:20.113839998
153,118.45,1,118.46,12:35:20.113839998
153,118.45,112,118.47,12:35:20.113839998
153,118.45,111,118.47,12:35:20.114267032
2,118.46,111,118.47,12:35:20.114267032
3,118.46,111,118.47,12:35:20.114686645
5,118.46,111,118.47,12:35:20.114686645
5,118.46,109,118.47,12:35:20.114686645
5,118.46,102,118.47,12:35:20.124369594
5,118.46,113,118.47,12:35:20.219685448
5,118.46,115,118.47,12:35:20.219861204
6,118.46,115,118.47,12:35:20.277031607
5,118.46,115,118.47,12:35:20.277516519
5,118.46,113,118.47,12:35:20.278030966
16,118.46,113,118.47,12:35:20.576741559
16,118.46,114,118.47,12:35:22.240125675
5,118.46,114,118.47,12:35:22.240351480
5,118.46,115,118.47,12:35:22.240412162
3,118.46,115,118.47,12:35:22.240688267
1,118.46,115,118.47,12:35:22.240688267
2,118.46,115,118.47,12:35:22.266857488
1,118.46,115,118.47,12:35:22.292460494
1,118.46,118,118.47,12:35:22.292629122
160,118.45,118,118.47,12:35:22.491141920
160,118.45,117,118.47,12:35:22.532196236
160,118.45,118,118.47,12:35:22.541375675
7,118.46,118,118.47,12:35:22.618097714
9,118.46,118,118.47,12:35:22.618307797
10,118.46,118,118.47,12:35:22.618498892
10,118.46,117,118.47,12:35:24.610762935
8,118.46,117,118.47,12:35:24.610945174
7,118.46,117,118.47,12:35:24.611131104
7,118.46,128,118.47,12:35:28.559260883
153,118.45,128,118.47,12:35:28.559502144
153,118.45,1,118.46,12:35:28.559573337
153,118.45,5,118.46,12:35:28.559858659
135,118.45,5,118.46,12:35:28.559943513
135,118.45,6,118.46,12:35:28.560034254
132,118.45,6,118.46,12:35:28.560051416
132,118.45,8,118.46,12:35:28.560051416
139,118.45,8,118.46,12:35:28.560144186
139,118.45,9,118.46,12:35:28.560144186
142,118.45,9,118.46,12:35:28.560144186
142,118.45,10,118.46,12:35:28.560419240
142,118.45,9,118.46,12:35:28.560419240
145,118.45,9,118.46,12:35:28.560480415
145,118.45,10,118.46,12:35:28.581085170
145,118.45,9,118.46,12:35:28.581298699
145,118.45,13,118.46,12:35:28.581298699
142,118.45,13,118.46,12:35:28.595745551
142,118.45,9,118.46,12:35:28.894295610
142,118.45,8,118.46,12:35:29.029993692
142,118.45,4,118.46,12:35:29.030313910
142,118.45,2,118.46,12:35:29.030442629
142,118.45,1,118.46,12:35:29.030442629
142,118.45,106,118.47,12:35:29.030442629
148,118.45,106,118.47,12:35:29.030442629
148,118.45,105,118.47,12:35:29.030629275
148,118.45,116,118.47,12:35:29.031243307
148,118.45,117,118.47,12:35:29.091101620
148,118.45,116,118.47,12:35:29.947473860
142,118.45,116,118.47,12:35:30.003823763
142,118.45,4,118.46,12:35:36.121019389
142,118.45,6,118.46,12:35:36.121214016
142,118.45,14,118.46,12:35:36.121286207
142,118.45,22,118.46,12:35:36.121374351
142,118.45,23,118.46,12:35:36.121374351
142,118.45,39,118.46,12:35:36.121461257
142,118.45,40,118.46,12:35:36.121787372
140,118.45,40,118.46,12:35:36.121948831
140,118.45,41,118.46,12:35:36.141105065
139,118.45,41,118.46,12:35:36.141640380
139,118.45,33,118.46,12:35:36.155268027
139,118.45,17,118.46,12:35:36.155420005
140,118.45,17,118.46,12:35:36.155587886
142,118.45,17,118.46,12:35:36.155813265
140,118.45,17,118.46,12:35:36.472225924
140,118.45,19,118.46,12:35:36.513235116
140,118.45,22,118.46,12:35:36.513407459
140,118.45,20,118.46,12:35:36.533091571
140,118.45,17,118.46,12:35:36.534250303
140,118.45,18,118.46,12:35:36.632970367
140,118.45,19,118.46,12:35:36.633139161
140,118.45,18,118.46,12:35:36.638976685
140,118.45,19,118.46,12:35:36.665596578
140,118.45,18,118.46,12:35:36.683753828
140,118.45,17,118.46,12:35:37.016126658
140,118.45,20,118.46,12:35:39.215824089
140,118.45,31,118.46,12:35:39.216221071
139,118.45,31,118.46,12:35:39.216417894
139,118.45,49,118.46,12:35:39.216417894
139,118.45,51,118.46,12:35:39.216565656
138,118.45,51,118.46,12:35:39.216585023
120,118.45,51,118.46,12:35:39.216585023
119,118.45,51,118.46,12:35:39.216743830
119,118.45,49,118.46,12:35:39.216927199
118,118.45,49,118.46,12:35:39.919015118
118,118.45,50,118.46,12:35:40.030902773
117,118.45,50,118.46,12:35:40.031014344
118,118.45,50,118.46,12:35:41.285012671
120,118.45,50,118.46,12:35:41.285345294
121,118.45,50,118.46,12:35:41.285502344
121,118.45,32,118.46,12:35:41.285872606
121,118.45,29,118.46,12:35:41.286172232
122,118.45,29,118.46,12:35:41.286276846
124,118.45,29,118.46,12:35:41.286276846
123,118.45,29,118.46,12:35:42.426532451
123,118.45,31,118.46,12:35:42.426943302
123,118.45,33,118.46,12:35:42.427125145
123,118.45,34,118.46,12:35:42.427275136
123,118.45,35,118.46,12:35:42.480270148
121,118.45,35,118.46,12:35:42.490624728
120,118.45,35,118.46,12:35:42.490789118
120,118.45,53,118.46,12:35:42.971697410
119,118.45,53,118.46,12:35:42.971832751
119,118.45,55,118.46,12:35:42.971987144
117,118.45,55,118.46,12:35:42.973617495
118,118.45,55,118.46,12:35:43.552016677
123,118.45,55,118.46,12:35:43.552198904
122,118.45,55,118.46,12:35:44.504520542
117,118.45,55,118.46,12:35:44.505563463
125,118.45,55,118.46,12:35:48.165534956
127,118.45,55,118.46,12:35:50.783381858
127,118.45,56,118.46,12:35:53.982520182
127,118.45,62,118.46,12:35:53.982815168
128,118.45,62,118.46,12:35:58.021602686
128,118.45,44,118.46,12:35:58.561270880
128,118.45,43,118.46,12:35:58.561446227
130,118.45,43,118.46,12:35:58.561510064
130,118.45,37,118.46,12:35:58.561580179
130,118.45,35,118.46,12:35:58.561748051
131,118.45,35,118.46,12:35:58.570803583
131,118.45,36,118.46,12:35:59.528056241
130,118.45,36,118.46,12:35:59.528197819
130,118.45,37,118.46,12:35:59.528267079
130,118.45,44,118.46,12:35:59.528416228
130,118.45,45,118.46,12:35:59.528482970
128,118.45,45,118.46,12:35:59.528634417
129,118.45,45,118.46,12:35:59.559650925
129,118.45,44,118.46,12:35:59.564871480
129,118.45,45,118.46,12:35:59.590392667
129,118.45,47,118.46,12:35:59.590554491
129,118.45,45,118.46,12:35:59.592185648
129,118.45,38,118.46,12:35:59.592243321
129,118.45,37,118.46,12:35:59.778042359
130,118.45,37,118.46,12:35:59.778185777
131,118.45,37,118.46,12:35:59.778363085
131,118.45,36,118.46,12:35:59.778570543
131,118.45,35,118.46,12:35:59.778704807
131,118.45,33,118.46,12:35:59.778858214
131,118.45,31,118.46,12:35:59.779050755
132,118.45,31,118.46,12:35:59.779226358
133,118.45,31,118.46,12:35:59.779307974
135,118.45,31,118.46,12:36:00.145556051
137,118.45,31,118.46,12:36:00.145756140
151,118.45,31,118.46,12:36:00.192353469
151,118.45,20,118.46,12:36:00.192353469
151,118.45,19,118.46,12:36:00.192561936
151,118.45,11,118.46,12:36:00.192561936
151,118.45,7,118.46,12:36:00.192921126
153,118.45,7,118.46,12:36:00.193177784
154,118.45,7,118.46,12:36:00.193177784
158,118.45,7,118.46,12:36:00.193319285
162,118.45,7,118.46,12:36:00.193393362
161,118.45,7,118.46,12:36:00.193538171
161,118.45,6,118.46,12:36:00.193655420
161,118.45,5,118.46,12:36:00.194004995
161,118.45,4,118.46,12:36:00.194161169
161,118.45,3,118.46,12:36:00.194161169
161,118.45,2,118.46,12:36:00.194161169
161,118.45,1,118.46,12:36:00.194161169
161,118.45,123,118.47,12:36:00.194161169
162,118.45,123,118.47,12:36:00.194264503
170,118.45,123,118.47,12:36:00.194264503
170,118.45,122,118.47,12:36:00.194564820
170,118.45,111,118.47,12:36:00.194670506
170,118.45,1,118.46,12:36:00.204755442
170,118.45,111,118.47,12:36:00.217307553
1,118.46,111,118.47,12:36:00.217499515
2,118.46,111,118.47,12:36:00.217593646
2,118.46,120,118.47,12:36:00.217990942
3,118.46,120,118.47,12:36:00.217990942
4,118.46,120,118.47,12:36:00.229248325
5,118.46,120,118.47,12:36:00.229636388
6,118.46,120,118.47,12:36:00.233953658
7,118.46,120,118.47,12:36:00.234222929
9,118.46,120,118.47,12:36:00.234291924
9,118.46,117,118.47,12:36:00.234457455
9,118.46,116,118.47,12:36:00.234526122
9,118.46,114,118.47,12:36:00.235116310
8,118.46,114,118.47,12:36:00.247654395
7,118.46,114,118.47,12:36:00.262003024
5,118.46,114,118.47,12:36:00.460513494
4,118.46,114,118.47,12:36:00.460690890
3,118.46,114,118.47,12:36:00.460765046
4,118.46,114,118.47,12:36:00.487666599
8,118.46,114,118.47,12:36:00.487848290
10,118.46,114,118.47,12:36:00.797992523
6,118.46,114,118.47,12:36:01.112814521
5,118.46,114,118.47,12:36:01.112963305
7,118.46,114,118.47,12:36:01.165380733
8,118.46,114,118.47,12:36:01.165553418
13,118.46,114,118.47,12:36:01.844092753
13,118.46,115,118.47,12:36:02.336410369
15,118.46,115,118.47,12:36:02.665605390
15,118.46,114,118.47,12:36:03.089886992
23,118.46,114,118.47,12:36:03.181804651
26,118.46,114,118.47,12:36:03.182107845
23,118.46,114,118.47,12:36:03.182227224
26,118.46,114,118.47,12:36:06.165656812
26,118.46,105,118.47,12:36:06.165735647
27,118.46,105,118.47,12:36:06.165830767
24,118.46,105,118.47,12:36:06.165901177
25,118.46,105,118.47,12:36:06.166150188
36,118.46,105,118.47,12:36:06.166150188
35,118.46,105,118.47,12:36:06.166150188
35,118.46,87,118.47,12:36:06.166272457
36,118.46,87,118.47,12:36:06.166345618
37,118.46,87,118.47,12:36:06.166568092
36,118.46,87,118.47,12:36:06.166716069
35,118.46,87,118.47,12:36:06.166903761
36,118.46,87,118.47,12:36:06.168983543
35,118.46,87,118.47,12:36:06.169143747
36,118.46,87,118.47,12:36:06.170823576
42,118.46,87,118.47,12:36:06.170965826
36,118.46,87,118.47,12:36:06.171125954
35,118.46,87,118.47,12:36:06.171305381
24,118.46,87,118.47,12:36:06.200481110
22,118.46,87,118.47,12:36:06.504215599
22,118.46,98,118.47,12:36:06.504366540
21,118.46,98,118.47,12:36:06.944562444
20,118.46,98,118.47,12:36:06.945320034
19,118.46,98,118.47,12:36:06.945714206
19,118.46,109,118.47,12:36:07.248091358
18,118.46,109,118.47,12:36:07.248326890
18,118.46,112,118.47,12:36:07.248388509
19,118.46,112,118.47,12:36:08.829972427
20,118.46,112,118.47,12:36:08.857021768
19,118.46,112,118.47,12:36:09.921138613
19,118.46,109,118.47,12:36:09.921414932
20,118.46,109,118.47,12:36:12.120858811
22,118.46,109,118.47,12:36:12.121365515
22,118.46,98,118.47,12:36:12.121528465
22,118.46,87,118.47,12:36:12.121879201
23,118.46,87,118.47,12:36:12.122649373
22,118.46,87,118.47,12:36:12.123027731
29,118.46,87,118.47,12:36:12.123027731
30,118.46,87,118.47,12:36:12.123027731
23,118.46,87,118.47,12:36:12.123101801
21,118.46,87,118.47,12:36:12.958404613
21,118.46,98,118.47,12:36:12.963101322
23,118.46,98,118.47,12:36:13.921410498
23,118.46,87,118.47,12:36:13.921649113
21,118.46,87,118.47,12:36:13.921712001
23,118.46,87,118.47,12:36:13.921783796
22,118.46,87,118.47,12:36:13.922535877
22,118.46,96,118.47,12:36:13.922949025
20,118.46,96,118.47,12:36:13.924012109
21,118.46,96,118.47,12:36:13.924777612
22,118.46,96,118.47,12:36:13.926026831
21,118.46,96,118.47,12:36:13.927218254
23,118.46,96,118.47,12:36:16.713107994
25,118.46,96,118.47,12:36:16.713209680
25,118.46,87,118.47,12:36:16.713269887
23,118.46,87,118.47,12:36:16.713470674
24,118.46,87,118.47,12:36:16.713540832
22,118.46,87,118.47,12:36:16.716091507
21,118.46,87,118.47,12:36:16.716172208
20,118.46,87,118.47,12:36:16.716273405
21,118.46,87,118.47,12:36:16.717350950
22,118.46,87,118.47,12:36:16.717419632
23,118.46,87,118.47,12:36:16.717648834
28,118.46,87,118.47,12:36:16.717648834
30,118.46,87,118.47,12:36:16.718352332
31,118.46,87,118.47,12:36:16.718509720
30,118.46,87,118.47,12:36:16.718657025
29,118.46,87,118.47,12:36:16.719704727
28,118.46,87,118.47,12:36:16.727483534
29,118.46,87,118.47,12:36:16.780971874
28,118.46,87,118.47,12:36:16.781144380
29,118.46,87,118.47,12:36:16.781281685
28,118.46,87,118.47,12:36:17.015420482
29,118.46,87,118.47,12:36:18.287020600
30,118.46,87,118.47,12:36:18.287227410
29,118.46,87,118.47,12:36:18.461524536
29,118.46,98,118.47,12:36:18.461918101
27,118.46,98,118.47,12:36:18.466013029
26,118.46,98,118.47,12:36:18.466937665
21,118.46,98,118.47,12:36:18.467010286
21,118.46,108,118.47,12:36:18.470298929
21,118.46,110,118.47,12:36:18.470484568
20,118.46,110,118.47,12:36:19.547554426
18,118.46,110,118.47,12:36:19.547744037
16,118.46,110,118.47,12:36:19.547744037
11,118.46,110,118.47,12:36:19.547851002
3,118.46,110,118.47,12:36:19.547851002
2,118.46,110,118.47,12:36:19.547874074
1,118.46,110,118.47,12:36:19.547874074
183,118.45,110,118.47,12:36:19.547874074
183,118.45,1,118.46,12:36:19.547874074
183,118.45,5,118.46,12:36:19.547997072
182,118.45,5,118.46,12:36:19.548035981
182,118.45,26,118.46,12:36:19.548035981
182,118.45,37,118.46,12:36:19.548527792
174,118.45,37,118.46,12:36:19.548574146
174,118.45,39,118.46,12:36:19.548574146
156,118.45,39,118.46,12:36:19.548574146
156,118.45,41,118.46,12:36:19.548628085
156,118.45,42,118.46,12:36:19.548766448
156,118.45,43,118.46,12:36:19.548766448
156,118.45,32,118.46,12:36:19.548956642
155,118.45,32,118.46,12:36:19.549078728
155,118.45,30,118.46,12:36:19.549078728
155,118.45,31,118.46,12:36:19.549348684
155,118.45,32,118.46,12:36:19.549442362
153,118.45,32,118.46,12:36:19.549695282
153,118.45,31,118.46,12:36:19.549695282
153,118.45,33,118.46,12:36:19.549769023
153,118.45,34,118.46,12:36:19.549943771
152,118.45,34,118.46,12:36:19.550110670
151,118.45,34,118.46,12:36:19.550110670
151,118.45,45,118.46,12:36:19.550194206
150,118.45,45,118.46,12:36:19.550266683
148,118.45,45,118.46,12:36:19.551543885
148,118.45,47,118.46,12:36:19.551687770
148,118.45,61,118.46,12:36:19.552416861
148,118.45,65,118.46,12:36:19.552561043
144,118.45,65,118.46,12:36:19.553562457
130,118.45,65,118.46,12:36:19.553632680
126,118.45,65,118.46,12:36:19.553732536
126,118.45,67,118.46,12:36:19.553802183
126,118.45,74,118.46,12:36:19.554007451
108,118.45,74,118.46,12:36:19.554126011
108,118.45,67,118.46,12:36:19.555511606
106,118.45,67,118.46,12:36:19.557884760
105,118.45,67,118.46,12:36:19.559228769
105,118.45,82,118.46,12:36:19.561820943
105,118.45,87,118.46,12:36:19.561886002
105,118.45,93,118.46,12:36:19.562136542
104,118.45,93,118.46,12:36:19.564236373
104,118.45,97,118.46,12:36:19.569509532
104,118.45,103,118.46,12:36:19.569644370
103,118.45,103,118.46,12:36:19.569798472
