price,volume,timestamp
118.48,1,12:30:00.708203597
118.48,1,12:30:00.708417028
118.48,2,12:30:00.997537028
118.47,1,12:30:01.008303378
118.48,8,12:30:11.927442655
118.48,1,12:30:11.927442655
118.48,2,12:30:11.927533692
118.48,1,12:30:11.927847271
118.48,3,12:30:11.928184319
118.48,1,12:30:11.928202565
118.48,2,12:30:11.928202565
118.48,1,12:30:11.960836645
118.48,1,12:30:12.056257554
118.48,1,12:30:20.263414171
118.48,8,12:30:20.263414171
118.48,1,12:30:20.263486469
118.48,1,12:30:20.405912205
118.48,1,12:30:25.688203453
118.48,1,12:30:34.939349551
118.48,2,12:31:04.377180711
118.48,1,12:31:04.377267718
118.48,1,12:31:04.377286788
118.48,3,12:31:04.377286788
118.48,1,12:31:19.030105899
118.48,7,12:31:26.442345920
118.48,1,12:31:26.442345920
118.48,1,12:31:26.442476974
118.48,1,12:31:26.442502238
118.48,8,12:31:26.442502238
118.48,1,12:31:26.442524551
118.48,3,12:31:26.442613979
118.48,8,12:31:26.443073172
118.48,6,12:31:26.443073172
118.48,1,12:31:26.443221900
118.48,2,12:31:26.443221900
118.48,1,12:31:26.467134884
118.48,1,12:31:34.949635264
118.48,1,12:31:34.949755017
118.48,1,12:31:34.949777818
118.48,3,12:31:34.949777818
118.48,3,12:32:09.877916400
118.48,2,12:32:09.878042975
118.48,1,12:32:09.878042975
118.48,1,12:32:09.904006110
118.48,1,12:32:09.928047598
118.48,1,12:32:36.096628181
118.48,3,12:32:36.096712114
118.48,1,12:32:36.096712114
118.47,8,12:32:47.750937929
118.47,2,12:32:47.750937929
118.47,1,12:32:47.750951593
118.47,3,12:32:47.751036176
118.47,3,12:32:47.751053859
118.47,4,12:32:47.751441573
118.47,1,12:32:47.751441573
118.47,1,12:32:47.752262601
118.47,1,12:32:47.752684421
118.47,1,12:32:47.859943783
118.47,1,12:33:00.185944862
118.47,2,12:33:00.186638494
118.47,6,12:33:00.186656164
118.47,2,12:33:00.186687424
118.47,1,12:33:00.186770900
118.46,1,12:33:20.541544455
118.46,1,12:33:20.541644349
118.46,6,12:33:20.541667699
118.46,1,12:33:20.541667699
118.46,1,12:33:20.543090422
118.46,1,12:33:20.568076971
118.46,1,12:33:20.568485939
118.46,1,12:33:20.568988830
118.46,1,12:33:20.571549585
118.46,3,12:33:21.224827627
118.46,1,12:33:21.224953882
118.46,1,12:33:21.225945440
118.46,1,12:33:21.225962682
118.46,1,12:33:21.226319820
118.46,1,12:33:21.226582432
118.45,1,12:33:23.049690053
118.45,3,12:33:23.049690053
118.45,1,12:33:23.049925295
118.45,8,12:33:23.049938626
118.45,8,12:33:23.049953861
118.45,1,12:33:23.049953861
118.45,10,12:33:23.049953861
118.45,2,12:33:23.049967785
118.45,6,12:33:23.049983506
118.45,8,12:33:23.049983506
118.45,1,12:33:23.049983506
118.45,10,12:33:23.049983506
118.45,1,12:33:23.049996665
118.45,1,12:33:23.050012083
118.45,1,12:33:23.050025778
118.45,3,12:33:23.050040713
118.45,1,12:33:23.050040713
118.45,7,12:33:23.050053810
118.45,11,12:33:23.050069423
118.45,2,12:33:23.050083602
118.45,7,12:33:23.050097820
118.45,3,12:33:23.050120716
118.45,3,12:33:23.051194402
118.45,11,12:33:30.793745205
118.45,2,12:33:30.793745205
118.45,1,12:33:30.793892059
118.45,3,12:33:30.793892059
118.45,3,12:33:30.793923854
118.45,1,12:33:30.793923854
118.45,6,12:33:30.793923854
118.45,8,12:33:30.793923854
118.45,1,12:33:30.794346014
118.45,1,12:33:30.795199220
118.45,1,12:33:30.795566788
118.45,1,12:33:30.820904089
118.45,1,12:33:30.916010273
118.45,1,12:33:30.916564897
118.45,1,12:33:33.120130921
118.45,1,12:33:33.920648252
118.45,1,12:33:35.306432092
118.45,1,12:33:35.307324921
118.45,1,12:33:35.322276504
118.46,1,12:34:00.272791126
118.46,7,12:34:00.272867861
118.46,1,12:34:12.748067538
118.46,3,12:34:12.748437037
118.46,1,12:34:12.748437037
118.46,2,12:34:12.750118861
118.46,2,12:34:12.750232652
118.46,1,12:34:12.750251833
118.46,2,12:34:12.750251833
118.46,1,12:34:12.750267033
118.46,1,12:34:13.281299625
118.46,1,12:34:15.432389430
118.46,1,12:34:15.435316417
118.46,1,12:34:18.449076039
118.47,6,12:34:20.850049386
118.47,3,12:34:25.785044651
118.47,6,12:34:25.785169099
118.47,7,12:34:25.785169099
118.47,1,12:34:25.786924829
118.47,1,12:34:25.786940176
118.47,2,12:34:25.786940176
118.47,1,12:34:25.786954003
118.47,1,12:34:25.786969692
118.47,6,12:34:25.786969692
118.47,2,12:34:25.786983308
118.47,1,12:34:25.786997039
118.47,2,12:34:25.787011449
118.47,1,12:34:25.787011449
118.47,5,12:34:25.787254604
118.47,3,12:34:25.787270217
118.47,11,12:34:25.787455730
118.47,1,12:34:25.787864044
118.47,3,12:34:25.787864044
118.47,1,12:34:25.790033764
118.47,1,12:34:25.790121760
118.47,1,12:34:25.790767507
118.47,1,12:34:25.890396938
118.47,1,12:34:26.068108671
118.47,2,12:34:26.864043654
118.47,3,12:34:26.864159293
118.47,1,12:34:26.864178813
118.47,6,12:34:26.864178813
118.47,1,12:34:26.865961887
118.47,1,12:34:26.866051103
118.47,1,12:34:26.903421479
118.47,1,12:34:27.057453602
118.47,2,12:34:28.888526807
118.46,1,12:35:01.608261579
118.46,2,12:35:01.608276218
118.46,1,12:35:01.608472345
118.46,1,12:35:01.608486892
118.46,3,12:35:01.608501321
118.46,8,12:35:01.608501321
118.46,1,12:35:01.608516178
118.46,8,12:35:01.608516178
118.46,7,12:35:01.608531056
118.46,1,12:35:01.608531056
118.46,11,12:35:01.608531056
118.46,1,12:35:01.608545280
118.46,2,12:35:01.608545280
118.46,6,12:35:01.608559609
118.46,12,12:35:01.608559609
118.46,2,12:35:01.608580048
118.46,1,12:35:01.663783756
118.46,1,12:35:01.709847722
118.46,3,12:35:01.709847722
118.46,1,12:35:04.501923167
118.46,5,12:35:04.538378332
118.46,1,12:35:07.757885339
118.46,1,12:35:11.824805630
118.46,1,12:35:11.871651147
118.46,2,12:35:11.873438995
118.46,3,12:35:20.113823525
118.46,1,12:35:20.113839998
118.46,1,12:35:22.292460494
118.46,1,12:35:22.491141920
118.46,7,12:35:28.559502144
118.46,1,12:35:29.029993692
118.46,2,12:35:29.030442629
118.46,1,12:35:29.030442629
118.46,1,12:36:00.193655420
118.46,1,12:36:00.194161169
118.46,1,12:36:00.217307553
118.46,2,12:36:19.547744037
118.46,8,12:36:19.547851002
118.46,5,12:36:19.547851002
118.46,1,12:36:19.547874074
118.46,1,12:36:19.573099753
118.45,2,12:36:23.402541863
118.45,98,12:36:23.402541863
118.46,3,12:36:36.272394908
118.46,10,12:36:36.273405871
118.46,4,12:36:36.273436162
118.46,8,12:36:36.273436162
118.46,1,12:36:36.273449951
118.46,4,12:36:36.273463503
118.46,2,12:36:36.273867727
118.46,2,12:36:36.274265640
118.46,2,12:36:36.299326503
118.46,1,12:36:53.707292750
118.46,1,12:36:53.707306660
118.46,2,12:36:53.707402877
118.46,1,12:36:53.707402877
118.46,1,12:36:53.707418199
118.45,1,12:37:13.491777942
118.45,3,12:37:13.491860486
118.45,4,12:37:13.492198109
118.45,20,12:37:13.492225158
118.45,1,12:37:13.492225158
118.45,1,12:37:13.492472652
118.45,11,12:37:13.493069116
118.45,1,12:37:13.493225405
118.45,2,12:37:13.493225405
118.45,1,12:37:13.514350739
118.45,1,12:37:13.551679584
118.45,1,12:37:33.483989196
118.45,26,12:37:33.484104012
118.45,1,12:37:33.484124863
118.45,8,12:37:33.484124863
118.45,9,12:37:33.485190446
118.45,1,12:37:33.520426308
118.46,1,12:38:03.543045953
118.46,1,12:38:04.780543971
118.46,1,12:38:13.024310312
118.46,1,12:38:13.516183674
118.46,1,12:38:13.519902860
118.46,1,12:38:13.520057111
118.46,1,12:38:13.520202544
118.46,1,12:38:13.520217495
118.46,1,12:38:13.520305354
118.46,1,12:38:13.520860326
118.46,1,12:38:13.521292511
118.46,2,12:38:13.521397558
118.46,1,12:38:13.521416899
118.46,4,12:38:13.521792239
118.46,1,12:38:13.545095309
118.46,1,12:38:13.557113818
118.46,1,12:38:13.557356762
118.46,1,12:38:38.461244128
118.46,1,12:38:38.461349712
118.46,1,12:38:38.461374999
118.46,2,12:38:38.461374999
118.46,1,12:38:38.488794071
118.46,1,12:38:38.489179046
118.46,1,12:39:02.727507321
118.46,1,12:39:02.727913532
118.46,1,12:39:02.752275470
118.47,1,12:39:02.754828271
118.46,1,12:39:02.775178738
118.46,1,12:39:02.853202952
118.47,7,12:39:13.387341913
118.47,1,12:39:13.387341913
118.46,1,12:39:22.702484527
118.46,3,12:39:38.005394117
118.46,1,12:39:38.005497314
118.46,4,12:39:38.005543541
118.46,1,12:39:38.005624718
118.46,1,12:39:38.005650533
118.46,1,12:39:38.030746443
118.46,1,12:39:40.028307735
118.45,1,12:39:48.366766274
118.46,1,12:39:53.039985079
118.46,1,12:39:53.040008983
118.46,1,12:39:53.040131386
118.46,3,12:39:53.040131386
118.46,7,12:39:53.040131386
118.46,2,12:39:53.040574566
118.46,1,12:39:53.076800668
118.46,1,12:40:00.982604571
118.46,4,12:40:01.003949610
118.46,1,12:40:01.004311817
118.46,1,12:40:01.004410127
118.46,1,12:40:15.919360099
118.46,2,12:40:15.919577378
118.46,1,12:40:15.919643934
118.46,2,12:40:34.852626522
118.46,5,12:40:34.852898128
118.46,1,12:40:34.852898128
118.46,1,12:40:34.852912551
118.46,1,12:40:34.878337421
118.46,1,12:41:15.649721407
118.46,3,12:41:15.649721407
118.46,1,12:41:15.649786405
118.46,1,12:41:38.028292898
118.46,1,12:41:41.872392360
118.46,4,12:41:41.872479550
118.46,1,12:41:41.872479550
118.46,1,12:41:53.055622613
118.46,1,12:42:08.309282246
118.46,11,12:42:08.309388466
118.46,1,12:42:08.309407704
118.46,1,12:42:08.310084513
118.46,1,12:42:08.335443024
118.46,1,12:42:15.360684366
118.46,1,12:42:15.360759509
118.46,2,12:42:15.360777429
118.46,1,12:42:15.411084355
118.46,1,12:42:16.800470776
118.47,1,12:42:16.850437086
118.47,2,12:42:16.850437086
118.47,2,12:42:16.850495912
118.46,1,12:42:16.964125893
118.46,1,12:42:16.993091040
118.46,1,12:42:16.993557894
118.46,1,12:42:24.231127073
118.47,1,12:42:33.029630242
118.47,1,12:42:42.973838214
118.47,5,12:42:42.973901813
118.47,1,12:43:08.107801352
118.47,2,12:43:09.190858277
118.47,1,12:43:09.190945288
118.47,1,12:43:09.190961986
118.47,2,12:43:09.190961986
118.47,4,12:43:16.124080051
118.47,1,12:43:16.124080051
118.47,2,12:43:16.124496822
118.47,2,12:43:16.124631792
118.47,1,12:43:16.124661753
118.47,1,12:43:16.135566208
118.47,1,12:43:16.171485887
118.48,1,12:43:18.029623176
118.48,10,12:43:23.192288202
118.48,5,12:43:23.192288202
118.48,3,12:43:23.192462168
118.48,1,12:43:23.192476382
118.48,2,12:43:23.192476382
118.48,1,12:43:23.192493595
118.48,3,12:43:23.192493595
118.48,2,12:43:23.192493595
118.48,2,12:43:23.192584321
118.48,1,12:43:23.192599006
118.48,2,12:43:23.192819904
118.48,1,12:43:23.192819904
118.48,16,12:43:23.192999988
118.48,1,12:43:23.193029050
118.48,4,12:43:23.193029050
118.48,5,12:43:23.193408839
118.48,1,12:43:23.193620643
118.48,1,12:43:23.193634489
118.48,1,12:43:23.193652045
118.48,2,12:43:23.193652045
118.48,1,12:43:23.194463451
118.48,1,12:43:23.194664377
118.48,2,12:43:23.194793234
118.48,1,12:43:23.194793234
118.48,4,12:43:23.194919253
118.48,1,12:43:23.194919253
118.48,2,12:43:23.194919253
118.48,1,12:43:23.195177010
118.48,11,12:43:23.195539650
118.48,4,12:43:23.195539650
118.48,1,12:43:23.198900681
118.48,1,12:43:23.199178671
118.48,3,12:43:23.199178671
118.48,8,12:43:23.199199938
118.48,4,12:43:23.200147034
118.48,3,12:43:23.200160423
118.48,3,12:43:23.200175294
118.48,1,12:43:23.200175294
118.48,1,12:43:23.201471782
118.48,1,12:43:23.201486374
118.48,1,12:43:23.201523056
118.48,7,12:43:23.201536444
118.48,3,12:43:23.201551808
118.48,1,12:43:23.202140796
118.48,1,12:43:23.203374750
118.48,1,12:43:23.204386932
118.48,1,12:43:23.205051463
118.48,4,12:43:23.207162885
118.48,1,12:43:25.039125679
118.48,5,12:43:25.039125679
118.48,3,12:43:25.039125679
118.48,2,12:43:25.039125679
118.48,1,12:43:25.068010137
118.47,1,12:43:34.327639809
118.47,2,12:43:40.449827234
118.47,6,12:43:40.449827234
118.47,1,12:43:40.475970233
118.47,1,12:43:40.476395305
118.47,3,12:43:40.562272499
118.47,3,12:43:42.263872190
118.47,1,12:43:42.263952861
118.47,1,12:43:43.137915650
118.47,1,12:43:43.138270422
118.47,1,12:43:47.517233149
118.47,1,12:43:50.027269786
118.47,1,12:43:52.847598890
118.47,1,12:44:26.041237199
118.48,8,12:44:32.133726610
118.48,1,12:45:06.931502979
118.48,8,12:45:07.063469491
118.48,1,12:45:13.032066884
118.47,1,12:45:29.365713018
118.47,2,12:45:31.305197839
118.47,2,12:45:31.305471353
118.47,2,12:45:31.305769397
118.47,1,12:45:31.305921736
118.47,2,12:45:31.305956209
118.47,1,12:45:31.305956209
118.47,2,12:45:31.331903839
118.47,2,12:46:02.022919012
118.46,1,12:46:07.350063175
118.47,3,12:46:12.576594997
118.47,1,12:46:12.576686536
118.47,1,12:46:12.576703759
118.47,2,12:46:12.576703759
118.47,11,12:46:41.345550975
118.47,1,12:46:41.345550975
118.47,3,12:46:41.345550975
118.47,2,12:46:41.346071829
118.47,1,12:46:41.346186159
118.47,1,12:46:41.346208856
118.47,3,12:46:41.346208856
118.47,2,12:46:41.346208856
118.47,2,12:46:43.097750174
118.47,1,12:46:43.097750174
118.47,1,12:46:43.097819892
118.47,2,12:46:43.097983172
118.47,1,12:46:43.098529936
118.47,1,12:46:45.234984433
118.47,1,12:46:45.235175326
118.47,1,12:46:45.250061445
118.48,1,12:46:48.033479765
118.47,1,12:46:50.289050631
118.47,1,12:46:51.386335048
118.47,3,12:46:51.386712565
118.47,2,12:46:51.386712565
118.47,2,12:46:51.412433642
118.47,1,12:46:51.437940162
118.47,1,12:46:51.497577388
118.47,1,12:46:53.423575221
118.47,1,12:46:58.439081975
118.47,1,12:46:58.439201553
118.47,1,12:47:01.039810342
118.47,1,12:47:01.040063960
118.48,1,12:47:38.034345095
118.48,2,12:47:39.857049210
118.48,1,12:47:39.857168340
118.48,1,12:47:39.857190724
118.48,1,12:48:01.024567832
118.48,4,12:48:11.309155709
118.48,1,12:48:11.309155709
118.48,7,12:48:14.789311743
118.48,9,12:48:14.789713698
118.48,20,12:48:14.790036357
118.48,1,12:48:14.790148338
118.48,22,12:48:14.790534768
118.48,2,12:48:14.790534768
118.48,1,12:48:14.790713473
118.48,1,12:48:14.815580908
118.48,11,12:48:19.343478190
118.48,5,12:48:19.343764855
118.48,11,12:48:19.343841053
118.48,4,12:48:19.343925104
118.48,1,12:48:19.370530200
118.48,1,12:48:28.035076525
118.48,1,12:48:30.588787565
118.47,1,12:48:39.349466760
118.48,1,12:48:45.367579489
118.48,3,12:48:45.367679777
118.48,1,12:48:45.367679777
118.48,1,12:48:45.394001360
118.48,1,12:49:11.540180000
118.48,3,12:49:11.540269314
118.48,2,12:49:11.540284982
118.48,1,12:49:11.540284982
118.48,1,12:49:18.034638420
118.48,1,12:49:28.635608574
118.48,1,12:49:28.635711771
118.48,1,12:49:28.635795688
118.48,1,12:49:28.672995712
118.49,3,12:49:33.807616233
118.49,2,12:49:33.807616233
118.49,6,12:49:42.115426859
118.48,4,12:50:01.008811277
118.49,8,12:50:08.337199834
118.49,1,12:50:09.888316459
118.49,1,12:50:09.896634279
118.49,11,12:50:09.896654609
118.49,1,12:50:09.896654609
118.49,1,12:50:09.897988873
118.49,3,12:50:09.897988873
118.49,1,12:50:09.898543637
118.49,1,12:50:09.913733342
118.49,1,12:50:09.923244834
118.49,3,12:50:09.952205834
118.49,1,12:50:09.955793653
118.5,1,12:50:13.036987545
118.49,1,12:50:13.688368499
118.49,6,12:50:13.688874491
118.49,2,12:50:13.688874491
118.49,2,12:50:13.689000367
118.49,1,12:50:13.689015602
118.49,7,12:50:13.689015602
118.49,1,12:50:13.689036693
118.49,2,12:50:13.689036693
118.49,1,12:50:15.192063129
118.49,2,12:50:15.192259544
118.49,1,12:50:15.192365695
118.49,4,12:50:15.193128784
118.49,1,12:50:15.193128784
118.49,2,12:50:15.193700475
118.49,11,12:50:38.415726405
118.49,1,12:50:38.415810597
118.49,1,12:50:38.415826063
118.49,1,12:50:40.711426511
118.49,1,12:50:40.830764238
118.49,1,12:50:40.831043774
118.49,1,12:50:41.262421381
118.49,1,12:50:42.632188745
118.49,11,12:50:42.632289183
118.49,1,12:51:13.036522688
118.49,1,12:51:13.673136029
118.49,1,12:51:13.673232151
118.49,1,12:51:13.673253268
118.49,4,12:51:13.673268147
118.49,1,12:51:13.673763957
118.49,2,12:51:13.699649173
118.49,1,12:51:13.699729905
118.49,2,12:51:18.205277143
118.49,2,12:51:18.205365850
118.49,1,12:51:18.205384282
118.49,3,12:51:36.167930295
118.49,1,12:51:36.167930295
118.49,1,12:51:36.168030455
118.49,1,12:51:36.168051418
118.49,2,12:51:36.168684963
118.49,1,12:51:36.173080604
118.49,4,12:51:36.173080604
118.49,1,12:51:36.185955650
118.49,1,12:51:36.189832745
118.49,1,12:51:36.204127042
118.49,1,12:51:45.317618024
118.49,1,12:51:45.317842628
118.49,3,12:51:45.317842628
118.49,1,12:51:45.341124034
118.49,1,12:51:45.362797732
118.49,1,12:51:45.439383817
118.5,1,12:51:48.626406336
118.5,3,12:51:48.626719647
118.5,8,12:51:48.626719647
118.5,1,12:51:48.626842296
118.5,2,12:51:48.626842296
118.5,4,12:51:48.627957816
118.5,1,12:51:48.627957816
118.5,2,12:51:48.628381879
118.5,1,12:51:48.755782232
118.5,1,12:51:48.755879187
118.51,1,12:51:48.786741160
118.51,5,12:51:48.786741160
118.5,1,12:51:48.787763904
118.5,1,12:51:48.804425857
118.5,1,12:51:48.804502963
118.5,1,12:51:48.813930510
118.5,1,12:51:54.690392258
118.5,6,12:51:54.690392258
118.5,2,12:51:54.690485925
118.5,2,12:51:54.690505091
118.5,1,12:51:54.690505091
118.5,3,12:51:54.690716181
118.5,3,12:51:57.166562056
118.5,6,12:52:03.077239492
118.5,1,12:52:03.077239492
118.5,1,12:52:03.293265133
118.5,1,12:52:03.293446644
118.5,1,12:52:03.298548531
118.5,4,12:52:08.058059586
118.5,1,12:52:08.058197867
118.5,2,12:52:08.083203684
118.5,1,12:52:10.567573587
118.51,1,12:52:11.042089390
118.51,1,12:52:42.917421103
118.51,2,12:52:42.917421103
118.51,1,12:52:42.917703964
118.51,1,12:52:42.917726508
118.51,2,12:52:42.917761552
118.51,3,12:52:42.917761552
118.52,1,12:52:54.005674711
118.52,2,12:52:54.005827984
118.52,1,12:52:54.005849735
118.52,8,12:52:54.005849735
118.52,2,12:52:54.005849735
118.52,1,12:52:54.005871130
118.52,2,12:52:54.005871130
118.52,11,12:52:54.005871130
118.52,2,12:52:54.006425587
118.52,3,12:52:54.023733740
118.52,2,12:52:54.023827670
118.52,4,12:52:54.023843743
118.52,2,12:52:54.023843743
118.52,1,12:52:54.023843743
118.52,2,12:52:54.033314767
118.52,4,12:52:54.038616721
118.52,8,12:52:54.054523499
118.52,4,12:52:54.054786533
118.52,1,12:52:54.068033140
118.52,3,12:52:54.068033140
118.52,1,12:52:54.068125761
118.52,2,12:52:54.068144376
118.52,3,12:52:54.069174054
118.52,1,12:52:54.069174054
118.53,3,12:52:58.604631666
118.53,1,12:52:58.604631666
118.53,1,12:52:58.604712354
118.53,1,12:53:02.050947269
118.52,2,12:53:08.054273045
118.52,3,12:53:08.054572142
118.52,4,12:53:08.054661477
118.52,1,12:53:08.054920216
118.52,3,12:53:08.056305961
118.52,1,12:53:08.056305961
118.52,2,12:53:08.056425459
118.52,1,12:53:08.056444345
118.52,8,12:53:08.056444345
118.52,1,12:53:08.119981916
118.52,14,12:53:08.120226347
118.52,1,12:53:08.120226347
118.52,1,12:53:08.120643678
118.52,2,12:53:08.121099362
118.52,4,12:53:08.122128718
118.53,1,12:53:09.535467384
118.53,7,12:53:09.535543435
118.53,10,12:53:09.535543435
118.53,6,12:53:09.535559261
118.53,3,12:53:13.003386406
118.53,7,12:53:13.003477087
118.53,15,12:53:13.003563967
118.53,2,12:53:13.049424102
118.52,4,12:53:14.704544087
118.52,1,12:53:14.704544087
118.52,1,12:53:14.704876851
118.52,2,12:53:14.730410051
118.52,2,12:53:14.730797123
118.52,3,12:53:14.730797123
118.52,1,12:53:15.723156779
118.52,3,12:53:15.754649860
118.52,4,12:53:15.754649860
118.52,2,12:53:15.754649860
118.52,1,12:53:15.770864552
118.52,6,12:53:15.771339989
118.52,2,12:53:15.811480641
118.52,1,12:53:15.819986966
118.52,1,12:53:15.820837218
118.52,1,12:53:15.821184837
118.52,3,12:53:31.344108624
118.52,11,12:53:31.344234149
118.52,3,12:53:31.344234149
118.52,5,12:53:31.344570857
118.52,9,12:53:31.344833084
118.52,1,12:53:31.344833084
118.52,4,12:53:31.344833084
118.52,3,12:53:31.345475394
118.52,3,12:53:31.345489480
118.52,1,12:53:31.345504101
118.52,1,12:53:31.345518622
118.52,1,12:53:31.345859256
118.52,8,12:53:31.345859256
118.52,1,12:53:31.345972059
118.52,3,12:53:31.512185174
118.53,1,12:53:53.036634810
118.53,1,12:53:59.717874237
118.53,3,12:53:59.717961088
118.53,1,12:53:59.717961088
118.52,4,12:54:01.037367461
118.52,1,12:54:01.037367461
118.52,2,12:54:01.041720310
118.52,1,12:54:01.041862159
118.52,2,12:54:01.041894054
118.52,6,12:54:01.041894054
118.52,1,12:54:01.041894054
118.52,2,12:54:01.042719256
118.52,1,12:54:01.054131174
118.52,2,12:54:01.067039407
118.52,1,12:54:01.067164370
118.51,1,12:54:04.008248176
118.51,1,12:54:04.008373408
118.51,1,12:54:04.008404550
118.51,1,12:54:04.009823771
118.51,1,12:54:05.859109971
118.51,4,12:54:05.860354153
118.51,2,12:54:05.860434976
118.51,1,12:54:05.860598873
118.51,1,12:54:05.860774271
118.51,1,12:54:05.911699513
118.51,9,12:54:11.170557062
118.51,1,12:54:11.170557062
118.51,1,12:54:34.795151901
118.51,1,12:54:36.497825420
118.51,3,12:54:36.497825420
118.51,7,12:54:41.498028675
118.51,3,12:54:41.523519148
118.51,1,12:54:41.523606175
118.51,3,12:54:41.523620607
118.51,1,12:54:41.596567561
118.52,1,12:54:53.036800392
118.51,1,12:54:56.442535845
118.51,3,12:54:56.442535845
118.51,1,12:54:56.442630565
118.51,1,12:54:56.442647806
118.51,6,12:54:56.442647806
118.51,1,12:55:00.007934340
118.51,1,12:55:07.041393602
118.52,1,12:55:10.272480693
118.52,2,12:55:10.272551519
118.52,1,12:55:10.272551519
118.51,6,12:55:20.138734257
118.51,1,12:55:20.138836173
118.51,2,12:55:20.138865028
118.51,1,12:55:20.138865028
118.51,7,12:55:20.138865028
118.51,1,12:55:20.185580212
118.51,1,12:55:20.185726071
118.51,1,12:55:20.212230203
118.51,1,12:55:20.212511668
118.51,2,12:55:20.320604091
118.51,1,12:55:22.824516784
118.51,2,12:55:22.824535241
118.51,1,12:55:22.824631721
118.51,1,12:55:22.844268962
118.51,1,12:55:25.041941641
118.51,1,12:55:25.042219814
118.52,1,12:55:53.039690720
118.52,1,12:55:57.632300042
118.52,3,12:55:57.632399073
118.52,1,12:55:57.632414663
118.51,1,12:56:00.031948428
118.51,1,12:56:03.414636855
118.51,2,12:56:03.688561178
118.51,3,12:56:03.688832221
118.51,1,12:56:03.688927491
118.51,1,12:56:03.688945965
118.51,1,12:56:07.997314226
118.51,1,12:56:07.997652926
118.51,1,12:56:07.998052676
118.51,1,12:56:08.023410076
118.51,1,12:56:10.051797892
118.51,2,12:56:14.234294876
118.51,1,12:56:21.036127426
118.5,1,12:56:23.796902061
118.5,8,12:56:23.797077671
118.5,8,12:56:23.797101240
118.5,2,12:56:23.797101240
118.5,1,12:56:23.797101240
118.5,16,12:56:23.797116405
118.5,1,12:56:23.797116405
118.5,2,12:56:23.797116405
118.5,1,12:56:23.797281690
118.5,2,12:56:23.797295578
118.5,11,12:56:23.797310116
118.5,14,12:56:23.797323719
118.5,2,12:56:23.797338125
118.5,8,12:56:23.797352077
118.5,1,12:56:23.797365802
118.5,2,12:56:23.797379220
118.5,2,12:56:23.797396020
118.5,1,12:56:23.797410404
118.5,12,12:56:23.797435149
118.5,2,12:56:23.931040037
118.5,1,12:56:23.931040037
118.5,3,12:56:23.931136658
118.5,8,12:56:23.931150770
118.5,1,12:56:23.931150770
118.5,1,12:56:24.359504034
118.51,1,12:56:33.039606190
118.51,2,12:56:37.455258250
118.51,1,12:56:37.455258250
118.51,1,12:56:43.814130851
118.51,1,12:56:43.814217030
118.51,3,12:56:43.814233484
118.5,1,12:56:45.052714991
118.51,1,12:56:46.990471705
118.51,3,12:56:46.990471705
118.51,1,12:56:46.990578627
118.51,17,12:56:46.990605107
118.51,2,12:56:46.990605107
118.51,1,12:56:46.990605107
118.52,1,12:56:54.388183745
118.52,2,12:56:54.388183745
118.52,1,12:56:54.388266164
118.51,1,12:56:54.462556588
118.51,1,12:56:54.548694663
118.51,2,12:56:54.549198396
118.51,1,12:56:54.549198396
118.51,4,12:56:54.549212717
118.51,1,12:56:54.676764469
118.51,1,12:56:54.700634450
118.5,1,12:57:00.059269753
118.5,8,12:57:00.059269753
118.5,4,12:57:00.059344682
118.5,2,12:57:00.059344682
118.51,2,12:57:13.159765268
118.51,1,12:57:13.159882121
118.51,2,12:57:13.159910531
118.51,1,12:57:13.159910531
118.51,4,12:57:13.159910531
118.5,3,12:57:25.435074442
118.5,4,12:57:25.435273865
118.5,1,12:57:25.435293049
118.5,5,12:57:25.435293049
118.5,2,12:57:25.435293049
118.5,1,12:57:25.435319562
118.5,2,12:57:25.435319562
118.5,5,12:57:25.435319562
118.5,18,12:57:25.435333852
118.5,2,12:57:25.475971091
118.5,1,12:57:25.480762396
118.51,1,12:57:26.724350273
118.5,5,12:57:31.836144497
118.5,1,12:57:33.961232559
118.5,3,12:57:33.961596728
118.5,1,12:57:33.961619960
118.51,1,12:57:35.595393347
118.51,1,12:57:35.595447618
118.51,1,12:57:38.318132600
118.5,1,12:57:43.608531430
118.5,3,12:57:43.608531430
118.5,3,12:57:43.614914334
118.5,1,12:57:43.842585698
118.5,2,12:57:43.842585698
118.5,1,12:57:43.842686150
118.5,1,12:57:43.842702899
118.5,11,12:57:43.842702899
118.5,18,12:57:43.842720656
118.5,2,12:57:43.842847359
118.5,1,12:57:47.288087985
118.5,1,12:57:49.014612643
118.49,1,12:57:53.340563178
118.5,1,12:57:55.213466896
118.5,1,12:58:02.653372312
118.5,2,12:58:11.990773334
118.5,24,12:58:11.991073737
118.5,2,12:58:11.991190504
118.5,1,12:58:11.991565672
118.5,29,12:58:11.991565672
118.5,3,12:58:11.991742952
118.5,2,12:58:11.991778600
118.5,1,12:58:11.991778600
118.5,1,12:58:12.037795437
118.5,2,12:58:12.041979814
118.5,1,12:58:12.226447736
118.5,2,12:58:12.251631633
118.5,2,12:58:18.255180623
118.5,1,12:58:18.255533864
118.5,1,12:58:18.255665985
118.5,2,12:58:18.255685393
118.5,1,12:58:18.255685393
118.5,1,12:58:20.515684108
118.5,1,12:58:24.916158854
118.5,2,12:58:24.916443836
118.5,1,12:58:24.916566354
118.5,3,12:58:24.916566354
118.5,8,12:58:26.075774103
118.5,66,12:58:37.286177397
118.5,11,12:58:37.286612961
118.5,8,12:58:37.286612961
118.5,4,12:58:37.286881566
118.5,3,12:58:37.286909767
118.5,2,12:58:37.286909767
118.5,3,12:58:37.333208083
118.5,1,12:58:37.702239811
118.5,1,12:58:51.393079100
118.5,4,12:58:51.393408471
118.5,1,12:58:51.393563850
118.5,1,12:58:51.393675344
118.5,1,12:58:51.393696589
118.5,3,12:58:51.395173427
118.5,1,12:58:51.395173427
118.5,1,12:58:51.439122521
118.5,1,12:58:51.439275024
118.5,1,12:58:51.439341363
118.5,2,12:58:52.514189669
118.5,1,12:58:53.617637333
118.5,1,12:58:55.600221804
118.5,2,12:58:55.600314485
118.5,3,12:58:55.600335436
118.5,1,12:59:05.387117656
118.5,1,12:59:05.387132360
118.5,1,12:59:05.387198792
118.5,1,12:59:05.387220031
118.5,1,12:59:05.387292447
118.5,7,12:59:05.387661216
118.5,1,12:59:05.387679495
118.5,1,12:59:05.388041191
118.5,2,12:59:05.388041191
118.5,1,12:59:05.388369137
118.5,1,12:59:21.451093736
118.5,2,12:59:32.662086337
118.5,1,12:59:32.662086337
118.5,6,12:59:32.662175496
118.5,2,12:59:50.361660430
118.5,1,12:59:58.906541465
118.5,1,12:59:58.907015692
118.49,2,13:00:00.036422551
118.49,1,13:00:00.036422551
118.5,1,13:00:03.750787847
118.5,1,13:00:03.789549177
118.5,1,13:00:03.894167922
118.5,8,13:00:29.441603958
118.5,1,13:00:29.441733852
118.5,1,13:00:29.441769068
118.5,3,13:00:29.441769068
118.5,1,13:00:29.696358800
118.5,1,13:00:29.696374021
118.5,1,13:00:29.696554998
118.5,1,13:00:31.198278078
118.5,1,13:00:32.037711806
118.5,1,13:00:32.218631382
118.49,1,13:00:35.046445275
118.49,3,13:00:35.046528088
118.49,1,13:00:35.046528088
118.5,3,13:00:35.093094980
118.5,1,13:00:35.242548910
118.5,3,13:00:44.699776970
118.5,5,13:00:49.700362568
118.51,1,13:00:51.001139829
118.5,2,13:00:51.001362097
118.51,1,13:00:58.558045645
118.52,5,13:00:58.875299705
118.52,1,13:00:58.875387930
118.52,1,13:00:58.875405652
118.51,1,13:01:29.086608176
118.51,5,13:01:29.086940371
118.51,3,13:01:29.086940371
118.51,1,13:01:29.087024077
118.51,4,13:01:29.087039795
118.51,1,13:01:31.952893299
118.51,1,13:01:31.990979021
118.51,1,13:01:34.250250349
118.51,3,13:01:34.250250349
118.51,1,13:01:34.250341076
118.51,1,13:01:34.250607597
118.51,1,13:01:34.261076455
118.51,1,13:01:34.274264607
118.51,3,13:01:39.489223503
118.51,2,13:01:39.489483890
118.51,3,13:01:39.489613925
118.5,13,13:01:39.503175837
118.5,1,13:01:39.503315356
118.5,52,13:01:39.503315356
118.49,1,13:01:39.503832799
118.49,4,13:01:39.504726235
118.49,2,13:01:39.504741128
118.49,1,13:01:39.504741128
118.49,21,13:01:39.504762926
118.49,4,13:01:39.505140702
118.49,7,13:01:39.505156468
118.48,1,13:01:39.505798023
118.48,2,13:01:39.505814608
118.48,1,13:01:39.507021772
118.48,1,13:01:39.507038396
118.48,1,13:01:39.507051673
118.48,1,13:01:39.507065033
118.47,1,13:01:39.509233994
118.47,1,13:01:39.509250234
118.47,2,13:01:39.509277611
118.47,1,13:01:39.509408589
118.47,1,13:01:39.509426365
118.47,1,13:01:39.509441086
118.47,8,13:01:39.509457021
118.47,3,13:01:39.509900778
118.47,50,13:01:39.510020554
118.47,14,13:01:39.510174505
118.47,14,13:01:39.510188092
118.47,2,13:01:39.510395680
118.47,2,13:01:39.510600262
118.47,5,13:01:39.510737629
118.46,2,13:01:39.512737739
118.46,2,13:01:39.512842010
118.46,4,13:01:39.512975953
118.46,1,13:01:39.513697535
118.47,3,13:01:39.516313412
118.47,7,13:01:39.516313412
118.47,1,13:01:39.516313412
118.47,8,13:01:39.516825498
118.47,2,13:01:39.516825498
118.48,1,13:01:39.528489012
118.47,8,13:01:39.528615524
118.48,2,13:01:39.530226073
118.48,1,13:01:39.530342608
118.48,1,13:01:39.530366696
118.48,7,13:01:39.530366696
118.48,4,13:01:39.530366696
118.48,1,13:01:39.640306508
118.49,1,13:01:39.667746251
118.49,3,13:01:39.667746251
118.49,6,13:01:39.667746251
118.48,7,13:01:39.684316561
118.49,1,13:01:39.805719435
118.49,1,13:01:39.805733540
118.49,23,13:01:39.806153476
118.49,10,13:01:39.806153476
118.49,1,13:01:39.806153476
118.49,6,13:01:39.807625853
118.49,1,13:01:39.819547612
118.49,8,13:01:39.819547612
118.49,1,13:01:39.819836578
118.49,9,13:01:39.819836578
118.49,1,13:01:39.828118962
118.49,3,13:01:39.830777744
118.49,1,13:01:39.830777744
118.5,1,13:01:39.861800127
118.5,5,13:01:39.861957682
118.5,35,13:01:39.861997007
118.5,2,13:01:39.861997007
118.5,1,13:01:39.861997007
118.5,3,13:01:39.864927874
118.51,1,13:01:40.013903448
118.5,1,13:01:40.022351957
118.51,3,13:01:41.035433268
118.5,1,13:01:43.856407401
118.5,10,13:01:45.991399303
118.5,3,13:01:45.991880787
118.5,3,13:01:45.995451482
118.5,1,13:01:46.464391614
118.51,3,13:01:52.599889570
118.51,1,13:01:52.599903263
118.51,25,13:01:52.599983925
118.52,9,13:01:56.631986363
118.52,1,13:01:56.631986363
118.52,3,13:01:56.632218560
118.52,8,13:01:56.632233223
118.52,5,13:01:56.632233223
118.53,3,13:01:56.632247817
118.53,1,13:01:56.632247817
118.53,2,13:01:56.632247817
118.53,1,13:01:56.632263072
118.54,1,13:01:56.632294189
118.54,2,13:01:56.632306909
118.54,1,13:01:56.632323690
118.53,2,13:01:56.634906754
118.53,1,13:01:56.635257064
118.53,2,13:01:56.635271163
118.53,3,13:01:56.635637975
118.55,3,13:01:56.638325996
118.55,12,13:01:56.638325996
118.55,1,13:01:56.638325996
118.55,12,13:01:56.640205988
118.55,8,13:01:56.641433020
118.55,6,13:01:56.646334150
118.54,1,13:01:56.646527572
118.54,1,13:01:56.693591283
118.54,5,13:01:56.693591283
118.54,7,13:01:56.693593447
118.54,1,13:01:56.693593447
118.54,1,13:01:56.693595130
118.54,7,13:01:56.732719855
118.54,2,13:01:56.737417192
118.54,3,13:01:56.744176755
118.54,3,13:01:57.014331100
118.54,5,13:01:59.609676029
118.54,1,13:01:59.609676029
118.53,2,13:02:00.066987262
118.54,1,13:02:00.083684765
118.55,1,13:02:00.411292003
118.54,5,13:02:00.535224744
118.55,12,13:02:01.647986254
118.55,1,13:02:01.648347525
118.54,4,13:02:05.283039013
118.54,15,13:02:05.283039013
118.54,1,13:02:05.283039013
118.53,1,13:02:05.283508702
118.53,4,13:02:05.283508702
118.53,2,13:02:05.283508702
118.54,1,13:02:05.305285673
118.54,9,13:02:08.036908659
118.54,22,13:02:08.037103865
118.54,12,13:02:08.037292316
118.54,9,13:02:08.037669119
118.56,1,13:02:14.956010648
118.56,4,13:02:14.956010648
118.55,4,13:02:15.183279974
118.55,8,13:02:18.732646788
118.55,1,13:02:19.993298181
118.54,3,13:02:22.904700301
118.54,3,13:02:22.905715329
118.54,2,13:02:22.905715329
118.54,1,13:02:22.905715329
118.54,10,13:02:22.905786961
118.54,5,13:02:22.905921000
118.54,10,13:02:22.905921000
118.54,1,13:02:22.906010565
118.54,1,13:02:22.906027231
118.54,4,13:02:26.183491418
118.54,1,13:02:28.149974739
118.54,1,13:02:28.150254941
118.54,1,13:02:28.550364545
118.54,1,13:02:28.550584062
118.53,1,13:02:29.326080352
118.53,2,13:02:29.326080352
118.53,8,13:02:29.326179739
118.53,3,13:02:29.326203109
118.53,1,13:02:29.326203109
118.53,7,13:02:29.326203109
118.53,1,13:02:30.428116951
118.53,13,13:02:30.428116951
118.53,10,13:02:30.428567274
118.53,1,13:02:30.429722392
118.54,1,13:02:30.896499601
118.54,1,13:02:30.896622241
118.54,3,13:02:30.896635940
118.54,1,13:02:30.896720033
118.53,3,13:02:31.222536708
118.53,1,13:02:31.222551018
118.53,1,13:02:31.222619639
118.53,1,13:02:31.298525420
118.53,1,13:02:31.331264113
118.53,2,13:02:31.331264113
118.53,25,13:02:31.760140391
118.53,1,13:02:31.761810978
118.53,1,13:02:31.761841378
118.53,1,13:02:31.762508437
118.53,1,13:02:31.762592370
118.53,3,13:02:31.762999125
118.53,1,13:02:32.068948848
118.53,4,13:02:32.069445884
118.53,3,13:02:32.513854265
118.53,1,13:02:32.514108655
118.54,1,13:02:36.306456288
118.54,2,13:02:39.860100497
118.54,1,13:02:39.860100497
118.54,3,13:02:39.860193447
118.54,12,13:02:39.860504890
118.54,2,13:02:39.860504890
118.54,1,13:02:39.888609856
118.54,1,13:02:40.724341029
118.54,1,13:02:40.726142224
118.54,1,13:02:40.727207397
118.55,2,13:02:43.891530476
118.54,1,13:02:51.374248148
118.54,2,13:02:51.374358065
118.54,7,13:02:51.374388836
118.54,6,13:02:51.374388836
118.54,8,13:02:51.374388836
118.54,1,13:02:51.374388836
118.54,25,13:02:51.374388836
118.54,1,13:02:51.375252064
118.54,4,13:02:51.713684449
118.54,2,13:02:51.713975130
118.54,1,13:02:51.714106531
118.54,1,13:02:51.714486201
118.54,1,13:02:51.714974543
118.54,2,13:02:51.714974543
118.55,1,13:02:53.482893065
118.55,2,13:02:53.483026709
118.55,1,13:02:53.483058031
118.55,10,13:02:53.483058031
118.55,6,13:02:53.483058031
118.55,2,13:02:53.483058031
118.55,8,13:02:53.483058031
118.55,1,13:02:59.450417157
118.55,2,13:02:59.450523394
118.55,1,13:02:59.450548926
118.55,2,13:02:59.450548926
118.55,8,13:02:59.450548926
118.55,1,13:03:01.678162760
118.55,1,13:03:01.788305927
118.55,1,13:03:04.200121601
118.55,1,13:03:09.192267022
118.55,1,13:03:09.192359197
118.55,1,13:03:09.193322157
118.56,3,13:03:09.795536199
118.56,2,13:03:09.795613485
118.56,2,13:03:09.915742566
118.56,3,13:03:09.915805448
118.56,1,13:03:10.152205098
118.56,3,13:03:10.152278317
118.56,2,13:03:10.289109999
118.56,1,13:03:10.289109999
118.56,1,13:03:10.289202572
118.56,2,13:03:11.408139393
118.56,1,13:03:11.408225076
118.55,1,13:03:19.711493625
118.55,1,13:03:19.711709644
118.55,2,13:03:19.711860332
118.55,1,13:03:19.711860332
118.55,6,13:03:19.711897477
118.55,1,13:03:19.711897477
118.55,4,13:03:19.711897477
118.55,1,13:03:19.713290526
118.55,1,13:03:19.713309947
118.55,1,13:03:19.723733955
118.55,1,13:03:19.723935167
118.55,1,13:03:20.049379803
118.55,1,13:03:20.051883385
118.55,1,13:03:20.966660658
118.55,1,13:03:20.967077762
118.55,1,13:03:21.847309581
118.55,1,13:03:21.847808393
118.55,1,13:03:37.751517929
118.55,1,13:03:37.751609833
118.55,1,13:03:37.751628700
118.55,1,13:03:37.754302282
118.55,1,13:03:37.776744369
118.56,1,13:03:59.492022228
118.56,4,13:03:59.492136557
118.56,1,13:03:59.492158675
118.56,1,13:03:59.590651267
118.56,1,13:03:59.590884126
118.56,2,13:03:59.590974366
118.56,1,13:04:00.277609939
118.56,3,13:04:00.277609939
118.56,2,13:04:05.421904352
118.56,3,13:04:05.422310464
118.56,1,13:04:05.422310464
118.56,1,13:04:05.423229445
118.56,1,13:04:05.448620827
118.56,2,13:04:32.406187724
118.56,4,13:04:32.406187724
118.56,2,13:04:32.406289347
118.56,1,13:04:32.406411983
118.56,2,13:04:32.406441641
118.56,1,13:04:32.406441641
118.56,1,13:04:32.411354092
118.56,2,13:04:32.411354092
118.56,1,13:04:32.519219970
118.56,1,13:04:32.519645349
118.56,1,13:04:33.397071882
118.56,2,13:04:33.397160781
118.56,1,13:04:33.397175808
118.56,1,13:04:33.421987001
118.56,8,13:04:33.793566005
118.56,3,13:04:33.793566005
118.57,1,13:04:42.035848013
118.57,5,13:04:43.063903219
118.57,1,13:04:43.064141132
118.57,7,13:04:43.064141132
118.57,2,13:04:43.064270790
118.57,2,13:04:43.064356854
118.57,8,13:04:43.064479662
118.57,7,13:04:43.064479662
118.57,2,13:04:43.064626729
118.57,3,13:04:43.064626729
118.57,16,13:04:43.064626729
118.57,1,13:04:43.064864901
118.57,1,13:04:43.064882501
118.57,1,13:04:43.065030923
118.57,3,13:04:43.065642171
118.57,2,13:04:43.065999412
118.57,2,13:04:43.090541252
118.57,1,13:04:43.430687978
118.57,2,13:04:43.430687978
118.57,1,13:04:43.430792617
118.57,3,13:04:43.430809916
118.57,1,13:04:43.430809916
118.57,6,13:04:49.180039133
118.57,3,13:04:49.180039133
118.57,1,13:04:49.180039133
118.57,8,13:04:49.180127565
118.57,4,13:04:49.180149517
118.57,1,13:04:49.180149517
118.57,22,13:04:49.180149517
118.57,1,13:04:49.206353759
118.57,1,13:04:52.392182355
118.57,2,13:04:56.419934799
118.57,1,13:04:56.437210492
118.57,1,13:05:00.007589569
118.57,3,13:05:00.007687225
118.57,1,13:05:00.008010000
118.57,1,13:05:00.014215486
118.57,1,13:05:00.014466286
118.57,1,13:05:00.496826932
118.56,3,13:05:01.216238556
118.57,1,13:05:09.464283128
118.57,1,13:05:09.464503611
118.57,4,13:05:13.080771887
118.57,4,13:05:13.080960517
118.57,1,13:05:13.080987740
118.57,3,13:05:13.080987740
118.57,4,13:05:13.081554148
118.57,1,13:05:13.082267095
118.57,1,13:05:13.082465636
118.57,3,13:05:13.082586033
118.57,4,13:05:13.082605671
118.57,1,13:05:13.082925162
118.57,2,13:05:13.083285015
118.57,2,13:05:13.083676684
118.57,3,13:05:13.083875241
118.57,1,13:05:13.083875241
118.57,8,13:05:13.084022140
118.57,1,13:05:13.088293913
118.57,1,13:05:13.090179070
118.57,1,13:05:13.090445307
118.57,1,13:05:13.123699930
118.57,1,13:05:13.123786292
118.57,1,13:05:13.137849759
118.57,1,13:05:13.213545425
118.57,23,13:05:13.214046217
118.57,1,13:05:13.214046217
118.57,5,13:05:13.218911664
118.57,1,13:05:13.218911664
118.57,1,13:05:13.471010682
118.57,9,13:05:13.471094877
118.57,11,13:05:20.264799313
118.58,1,13:05:21.584391782
118.58,4,13:05:21.584405900
118.58,1,13:05:21.584405900
118.58,6,13:05:25.224010510
118.57,2,13:05:32.442543018
118.57,1,13:05:32.443460770
118.57,3,13:05:32.443460770
118.57,2,13:05:32.443474227
118.57,3,13:05:32.443474227
118.57,7,13:05:32.443553207
118.57,3,13:05:32.443569827
118.57,2,13:05:32.443569827
118.57,1,13:05:32.443867700
118.57,7,13:05:32.444015914
118.57,2,13:05:32.444047194
118.57,2,13:05:32.445027839
118.57,1,13:05:32.445027839
118.57,1,13:05:32.445328527
118.57,1,13:05:32.579218974
118.57,1,13:05:37.226092321
118.57,2,13:05:37.226092321
118.57,1,13:05:37.226602455
118.57,1,13:05:37.226619981
118.57,2,13:05:37.235250733
118.57,2,13:05:37.235429603
118.57,1,13:05:37.235607027
118.57,1,13:05:37.236016355
118.57,1,13:05:37.236219458
118.57,1,13:05:37.237508354
118.57,3,13:05:40.285926243
118.57,1,13:05:40.286009027
118.57,2,13:05:40.286027479
118.57,1,13:05:40.286027479
118.57,1,13:05:40.440410163
118.57,1,13:05:40.461410390
118.58,1,13:05:42.101487015
118.58,4,13:05:42.101856067
118.58,1,13:05:42.101906051
118.58,7,13:05:42.102059020
118.58,2,13:05:42.102076714
118.58,1,13:05:42.102188672
118.58,3,13:05:42.102308787
118.58,1,13:05:42.102563843
118.58,20,13:05:44.732094626
118.58,1,13:05:44.732094626
118.58,1,13:05:44.732193627
118.58,1,13:05:44.732215999
118.58,1,13:05:47.764911788
118.58,1,13:05:47.764926066
118.58,1,13:05:47.765032584
118.58,1,13:05:47.765058014
118.58,1,13:05:47.768512924
118.58,1,13:05:47.768612508
118.58,2,13:05:47.768627424
118.58,1,13:05:47.768627424
118.58,2,13:05:50.309424018
118.58,6,13:05:52.526699339
118.58,1,13:05:52.526699339
118.58,3,13:05:52.526699339
118.58,1,13:05:52.526856625
118.58,1,13:05:52.526878545
118.58,6,13:05:52.526905653
118.58,1,13:05:52.526905653
118.58,2,13:05:52.526905653
118.58,11,13:05:52.526905653
118.59,9,13:06:01.812781728
118.59,1,13:06:01.812781728
118.59,7,13:06:01.812993983
118.59,1,13:06:01.813007852
118.59,3,13:06:01.813007852
118.59,1,13:06:01.813021525
118.59,4,13:06:01.813021525
118.59,1,13:06:01.813035247
118.59,3,13:06:01.813054024
118.59,8,13:06:01.813054024
118.59,1,13:06:01.813074457
118.59,2,13:06:01.813074457
118.59,5,13:06:01.813074457
118.59,1,13:06:01.813093675
118.59,14,13:06:01.814638047
118.59,8,13:06:01.814905380
118.59,1,13:06:01.815088571
118.59,14,13:06:01.815244779
118.59,4,13:06:01.815244779
118.59,1,13:06:01.815244779
118.59,2,13:06:01.815410104
118.59,1,13:06:01.831327403
118.59,1,13:06:01.924897779
118.59,1,13:06:01.933347848
118.58,5,13:06:05.353145318
118.58,6,13:06:05.353237810
118.58,1,13:06:05.353729302
118.58,6,13:06:05.353729302
118.58,29,13:06:05.353729302
118.58,1,13:06:05.353749106
118.58,1,13:06:05.354577198
118.58,1,13:06:05.354887954
118.58,4,13:06:05.375609309
118.58,1,13:06:05.375707914
118.58,8,13:06:05.375804712
118.58,3,13:06:05.375804712
118.58,3,13:06:06.985641342
118.58,2,13:06:06.985641342
118.58,1,13:06:06.985737906
118.58,1,13:06:06.985757737
118.58,3,13:06:06.985757737
118.58,2,13:06:06.985757737
118.58,2,13:06:06.996593395
118.58,1,13:06:06.996607846
118.58,1,13:06:06.996671036
118.57,1,13:06:14.420254752
118.57,1,13:06:14.420369637
118.57,1,13:06:14.420390214
118.57,3,13:06:14.420390214
118.57,1,13:06:14.420405875
118.57,1,13:06:14.446020892
118.57,1,13:06:14.446375058
118.58,1,13:06:33.341926086
118.58,3,13:06:33.342003499
118.58,1,13:06:33.342345778
118.58,1,13:06:33.342485195
118.58,2,13:06:33.342517994
118.58,5,13:06:33.342517994
118.58,1,13:06:33.342517994
118.58,3,13:06:33.343018292
118.58,1,13:06:33.343689860
118.58,1,13:06:33.463501756
118.58,1,13:06:36.162718591
118.58,2,13:06:36.162964239
118.58,2,13:06:38.197396592
118.58,2,13:06:48.164870295
118.58,1,13:06:48.164870295
118.58,1,13:06:48.164968863
118.58,2,13:06:48.164968863
118.58,8,13:06:48.165121010
118.58,1,13:06:51.477013116
118.58,7,13:06:51.477341299
118.58,1,13:06:51.553741793
118.58,3,13:06:51.553822270
118.58,1,13:06:51.554333550
118.58,4,13:06:59.963367351
118.58,1,13:06:59.963367351
118.58,1,13:07:05.160061760
118.58,1,13:07:05.244203491
118.58,1,13:07:07.587823789
118.58,1,13:07:10.500145916
118.58,4,13:07:14.449518155
118.58,1,13:07:14.449959556
118.58,1,13:07:14.449976590
118.58,3,13:07:14.449976590
118.58,3,13:07:14.449991505
118.58,1,13:07:14.449991505
118.58,2,13:07:14.450269430
118.58,7,13:07:14.450283564
118.58,4,13:07:14.450298729
118.58,4,13:07:14.450343364
118.58,2,13:07:14.450356535
118.58,1,13:07:14.450373610
118.58,2,13:07:14.450389754
118.58,2,13:07:14.450682830
118.58,1,13:07:14.451256525
118.58,4,13:07:14.451271027
118.58,1,13:07:14.451271027
118.58,1,13:07:14.451284310
118.58,1,13:07:14.451297840
118.58,1,13:07:14.451473107
118.58,3,13:07:14.451911104
118.58,1,13:07:14.452252246
118.58,1,13:07:14.452911268
118.58,1,13:07:14.452924114
118.58,1,13:07:14.452946361
118.58,3,13:07:14.452968373
118.58,2,13:07:14.453386466
118.58,3,13:07:14.453401182
118.58,5,13:07:14.453415240
118.58,1,13:07:14.453415240
118.58,2,13:07:14.453430001
118.58,4,13:07:14.453645559
118.58,1,13:07:14.453658996
118.58,4,13:07:14.453852523
118.58,6,13:07:14.453895662
118.58,2,13:07:14.453911818
118.58,1,13:07:14.453929310
118.58,1,13:07:14.454039355
118.58,3,13:07:14.454459889
118.58,1,13:07:14.454532141
118.58,3,13:07:14.454615597
118.58,3,13:07:14.455530016
118.58,2,13:07:14.474373165
118.58,1,13:07:14.474373165
118.58,1,13:07:14.474450467
118.58,1,13:07:14.508568209
118.58,1,13:07:14.508752270
118.58,1,13:07:14.508765710
118.58,1,13:07:14.508780239
118.58,4,13:07:14.508780239
118.58,10,13:07:14.508797790
118.58,1,13:07:14.508797790
118.58,1,13:07:14.508811592
118.58,3,13:07:14.508811592
118.58,1,13:07:14.508825940
118.58,2,13:07:14.508825940
118.58,4,13:07:14.508840965
118.58,1,13:07:14.551057855
118.58,2,13:07:14.551145228
118.58,1,13:07:14.551160957
118.58,2,13:07:14.551160957
118.58,1,13:07:14.576674431
118.58,6,13:07:20.772547500
118.58,1,13:07:20.772547500
118.58,1,13:07:40.169766868
118.58,1,13:07:40.169884161
118.58,1,13:07:40.169908836
118.58,3,13:07:40.169908836
118.58,2,13:07:40.697722096
118.58,1,13:07:40.697722096
118.58,2,13:07:40.697735796
118.58,7,13:07:40.697749889
118.58,2,13:07:40.697763060
118.58,10,13:07:40.697916775
118.58,3,13:07:40.697936861
118.58,1,13:07:40.697953575
118.58,4,13:07:40.697977552
118.58,2,13:07:40.697994996
118.58,1,13:07:40.698015277
118.58,4,13:07:40.698048555
118.58,1,13:07:40.698064528
118.58,1,13:07:40.698078413
118.58,3,13:07:40.698097002
118.58,8,13:07:40.698119482
118.58,6,13:07:40.726635027
118.58,1,13:07:40.726649606
118.58,2,13:07:40.766986646
118.58,1,13:07:40.766986646
118.58,11,13:07:40.766986646
118.58,2,13:07:40.767012424
118.58,1,13:07:40.767012424
118.58,1,13:07:40.767255967
118.58,1,13:07:40.824476503
118.58,1,13:07:40.824567901
118.58,1,13:07:40.824583203
118.58,1,13:07:40.881186143
118.59,2,13:07:49.285902839
118.59,4,13:07:49.285902839
118.59,1,13:07:49.285982874
118.59,2,13:07:49.311958124
118.59,1,13:07:49.661749835
118.59,2,13:07:49.661749835
118.59,1,13:07:57.326462262
118.59,1,13:07:57.326850544
118.59,1,13:07:57.327003187
118.59,3,13:07:57.335945294
118.59,1,13:07:57.336018600
118.59,1,13:07:57.336478222
118.6,1,13:08:04.240545223
118.59,1,13:08:12.118675220
118.59,8,13:08:12.118689316
118.59,1,13:08:12.118805101
118.59,1,13:08:12.118835159
118.59,2,13:08:12.118835159
118.59,1,13:08:12.378777030
118.6,1,13:08:12.458121826
118.59,1,13:08:13.572903680
118.59,1,13:08:13.857888113
118.59,1,13:08:14.140791764
118.59,1,13:08:14.428363992
118.59,1,13:08:14.688492910
118.59,1,13:08:14.715756865
118.59,11,13:08:14.715848535
118.59,1,13:08:14.715864280
118.59,1,13:08:14.945188440
118.59,1,13:08:15.130215114
118.59,1,13:08:15.140331143
118.6,4,13:08:20.329214191
118.6,50,13:08:20.329214191
118.6,1,13:08:20.329214191
118.6,1,13:08:20.329307646
118.6,1,13:08:20.329335102
118.6,2,13:08:20.329335102
118.6,1,13:08:20.340193990
118.6,2,13:08:20.352879864
118.6,1,13:08:20.373645188
118.6,1,13:08:20.643313418
118.6,1,13:08:20.936905929
118.6,1,13:08:21.197103530
118.6,1,13:08:21.472781635
118.6,1,13:08:21.760210655
118.6,1,13:08:22.051903081
118.6,1,13:08:22.330662433
118.6,1,13:08:22.630908742
118.6,1,13:08:22.930313281
118.6,6,13:08:23.202265238
118.6,2,13:08:23.202417053
118.6,1,13:08:23.202544905
118.6,4,13:08:23.202544905
118.6,18,13:08:23.202544905
118.6,2,13:08:23.228349598
118.59,1,13:08:27.051552067
118.6,11,13:08:30.455579909
118.6,4,13:08:30.455579909
118.6,9,13:08:30.455668436
118.6,1,13:08:30.455687394
118.6,1,13:08:30.456218348
118.6,1,13:08:30.481562909
118.6,1,13:08:30.482129651
118.6,1,13:08:33.846527080
118.6,1,13:08:33.846623313
118.6,2,13:08:33.846639508
118.6,1,13:08:33.846639508
118.6,1,13:08:33.846945201
118.6,1,13:08:33.847032150
118.6,2,13:08:33.847052970
118.6,3,13:08:33.847659834
118.6,1,13:08:33.958766063
118.6,3,13:08:33.994571141
118.6,1,13:08:41.677749460
118.6,1,13:08:41.677824170
118.6,1,13:08:50.403710450
118.6,3,13:08:50.403802411
118.6,2,13:08:50.403802411
118.6,1,13:08:53.034394976
118.59,3,13:09:03.530258923
118.59,3,13:09:05.365380618
118.59,2,13:09:05.365552973
118.59,8,13:09:05.365693337
118.59,3,13:09:05.365730413
118.59,1,13:09:05.365730413
118.59,7,13:09:05.365730413
118.59,2,13:09:05.365730413
118.59,3,13:09:05.366026770
118.59,4,13:09:05.366026770
118.59,3,13:09:05.366044176
118.59,10,13:09:05.366580313
118.59,1,13:09:05.366794427
118.59,1,13:09:05.367108776
118.59,3,13:09:05.367143487
118.59,1,13:09:05.367143487
118.59,2,13:09:05.367303522
118.59,1,13:09:05.386647681
118.59,1,13:09:05.394407131
118.59,1,13:09:05.444963660
118.59,5,13:09:06.039623095
118.59,1,13:09:06.039705210
118.59,1,13:09:09.095119457
118.59,1,13:09:09.095133498
118.59,1,13:09:09.095210352
118.59,1,13:09:09.095225034
118.59,1,13:09:09.786340411
118.58,1,13:09:13.807560827
118.58,1,13:09:13.807956367
118.58,1,13:09:13.807980191
118.58,5,13:09:13.808157928
118.58,1,13:09:13.808157928
118.58,1,13:09:13.834265794
118.58,1,13:09:13.834384515
118.58,8,13:09:21.952839884
118.58,1,13:09:21.952839884
118.58,1,13:09:22.063814282
118.58,1,13:09:23.100268366
118.58,4,13:09:23.100268366
118.58,1,13:09:25.549158168
118.58,6,13:09:36.840254363
118.58,1,13:09:36.840269969
118.58,4,13:09:36.946887963
118.58,3,13:09:36.946887963
118.58,1,13:09:37.868626421
118.58,4,13:09:41.830064160
118.58,5,13:09:41.830064160
118.58,1,13:09:41.830187551
118.58,1,13:09:41.830212777
118.58,2,13:09:41.830212777
118.58,1,13:09:45.470042459
118.59,1,13:09:46.179714957
118.58,4,13:10:01.038205957
118.58,6,13:10:04.461276199
118.58,3,13:10:04.461276199
118.58,1,13:10:06.447191732
118.58,1,13:10:06.447549989
118.58,1,13:10:06.458742830
118.58,1,13:10:06.458824733
118.58,1,13:10:06.458849643
118.58,2,13:10:06.459162263
118.58,1,13:10:06.459162263
118.59,2,13:10:11.938654185
118.59,1,13:10:11.938654185
118.58,1,13:10:19.515890580
118.58,1,13:10:19.516124579
118.58,1,13:10:19.516354491
118.58,1,13:10:19.516369678
118.58,1,13:10:19.516388407
118.58,8,13:10:19.516654637
118.58,3,13:10:19.516654637
118.58,1,13:10:19.543410006
118.58,1,13:10:19.543762502
118.58,1,13:10:19.543994230
118.58,2,13:10:20.860858891
118.58,1,13:10:20.860858891
118.58,3,13:10:20.860858891
118.58,1,13:10:20.861307406
118.58,1,13:10:20.861553348
118.58,1,13:10:20.896271577
118.58,1,13:10:23.249823832
118.58,1,13:10:27.777625716
118.58,1,13:10:27.777729950
118.58,1,13:10:27.777764846
118.58,3,13:10:45.212675524
118.58,1,13:10:45.212690654
118.58,2,13:10:45.212690654
118.58,1,13:10:45.212962129
118.58,1,13:10:45.213089252
118.58,3,13:10:45.213114430
118.58,5,13:10:45.213114430
118.58,1,13:10:47.634785040
118.58,1,13:10:50.767416908
118.58,7,13:10:50.767416908
118.58,1,13:10:50.795002603
118.58,1,13:10:50.795441853
118.58,1,13:10:51.064894126
118.58,1,13:10:53.028668369
118.58,1,13:11:01.920785559
118.58,1,13:11:01.921450629
118.58,1,13:11:03.465721388
118.58,1,13:11:03.545831803
118.58,1,13:11:04.949163110
118.58,1,13:11:04.949340816
118.58,1,13:11:06.530740326
118.59,2,13:11:11.407190471
118.58,1,13:11:11.472776295
118.59,1,13:11:19.639164035
118.59,1,13:11:19.639287374
118.59,7,13:11:19.639316409
118.59,8,13:11:19.639316409
118.59,1,13:11:19.639474914
118.59,1,13:11:19.639750191
118.59,2,13:11:19.639930562
118.59,5,13:11:19.639960338
118.59,1,13:11:19.639960338
118.59,7,13:11:19.639960338
118.6,1,13:11:20.586938046
118.6,1,13:11:20.587018405
118.59,1,13:11:34.928907648
118.6,7,13:11:40.692208450
118.6,1,13:11:40.692208450
118.6,1,13:12:07.739672029
118.6,1,13:12:07.740050947
118.6,1,13:12:07.766333073
118.6,2,13:12:08.094666387
118.6,1,13:12:11.294842649
118.6,1,13:12:15.621407645
118.6,3,13:12:15.621407645
118.6,3,13:12:15.621475534
118.6,1,13:12:28.150135384
118.6,6,13:12:46.198483733
118.6,1,13:12:46.199013461
118.6,1,13:12:51.761750322
118.6,1,13:12:51.788828669
118.6,1,13:13:03.031078220
118.59,1,13:13:03.921085783
118.59,2,13:13:03.921327526
118.59,1,13:13:03.921327526
118.59,6,13:13:03.921508374
118.59,1,13:13:03.921508374
118.59,2,13:13:03.921680739
118.59,1,13:13:03.921695219
118.59,2,13:13:03.921695219
118.59,1,13:13:03.921709267
118.59,2,13:13:03.921724093
118.59,6,13:13:03.921724093
118.59,1,13:13:03.921742409
118.59,1,13:13:03.922779839
118.59,1,13:13:03.935316920
118.59,1,13:13:03.947641854
118.59,2,13:13:03.947895540
118.58,1,13:13:03.950690194
118.58,2,13:13:14.859565344
118.58,1,13:13:14.859751822
118.58,1,13:13:14.859772069
118.58,8,13:13:14.859772069
118.58,1,13:13:14.859809358
118.58,2,13:13:14.859809358
118.58,4,13:13:14.859809358
118.58,8,13:13:14.859809358
118.58,1,13:13:15.070650572
118.58,2,13:13:15.070738867
118.58,1,13:13:15.070738867
118.58,1,13:13:15.217436357
118.58,3,13:13:18.423762914
118.58,1,13:13:18.423762914
118.58,1,13:13:18.423845816
118.58,2,13:13:18.423863413
118.58,1,13:13:20.973373281
118.58,1,13:13:21.420088255
118.58,1,13:13:21.442472857
118.58,1,13:13:23.092045939
118.58,1,13:13:23.092061804
118.58,1,13:13:27.524730191
118.58,1,13:13:28.062962825
118.58,1,13:13:28.085011612
118.58,1,13:13:28.107101443
118.58,6,13:13:45.022403561
118.58,1,13:13:45.076567570
118.59,1,13:13:45.750203856
118.59,1,13:13:45.750418879
118.59,1,13:13:45.750433305
118.59,1,13:13:45.750447663
118.59,1,13:13:45.750461775
118.59,2,13:13:45.750475938
118.59,1,13:13:45.750490905
118.59,8,13:13:45.750490905
118.59,1,13:13:45.750506355
118.59,1,13:13:45.750519522
118.59,1,13:13:45.750533410
118.59,1,13:13:45.750547394
118.59,1,13:13:45.750561285
118.59,1,13:13:45.750575548
118.59,8,13:13:45.750575548
118.59,13,13:13:45.750588914
118.59,2,13:13:45.750602738
118.59,1,13:13:45.750617276
118.58,1,13:13:48.798940691
118.58,1,13:13:48.799037974
118.58,1,13:13:48.826053840
118.58,1,13:13:48.826412363
118.58,1,13:13:49.856152168
118.59,5,13:13:53.359514568
118.59,7,13:13:59.367973806
118.59,1,13:13:59.368139931
118.59,2,13:13:59.368189996
118.59,8,13:13:59.368189996
118.59,3,13:13:59.368189996
118.59,1,13:13:59.368189996
118.59,13,13:13:59.368189996
118.59,1,13:13:59.369447780
118.59,2,13:13:59.369447780
118.59,2,13:13:59.369461243
118.6,1,13:14:02.254461188
118.6,1,13:14:03.255072989
118.6,1,13:14:03.975196863
118.6,1,13:14:05.889191966
118.6,3,13:14:05.889191966
118.6,1,13:14:05.889260535
118.6,1,13:14:12.478248450
118.59,1,13:14:22.743459989
118.59,1,13:14:22.743539751
118.59,2,13:14:22.743872994
118.59,2,13:14:22.743989755
118.59,7,13:14:22.744008539
118.59,1,13:14:22.750272588
118.59,1,13:14:22.769764787
118.59,1,13:14:22.769865080
118.59,1,13:14:22.769890770
118.59,2,13:14:22.769890770
118.59,1,13:14:22.866965326
118.59,7,13:14:22.866965326
118.6,1,13:14:22.868074525
118.6,6,13:14:22.868089865
118.6,4,13:14:22.868089865
118.6,2,13:14:22.868089865
118.6,8,13:14:22.868105335
118.6,8,13:14:22.868895318
118.61,1,13:14:22.869142581
118.61,7,13:14:22.869156552
118.61,1,13:14:22.869367461
118.61,1,13:14:22.869382674
118.61,4,13:14:22.869382674
118.61,2,13:14:22.869397365
118.61,6,13:14:22.869804293
118.61,1,13:14:22.869822312
118.61,2,13:14:22.869841794
118.61,2,13:14:22.869856021
118.61,1,13:14:22.869871435
118.61,12,13:14:22.870179842
118.61,8,13:14:22.870379816
118.61,1,13:14:22.870726798
118.61,5,13:14:22.870824453
118.61,1,13:14:22.870838163
118.61,2,13:14:22.870852336
118.61,1,13:14:22.871298378
118.61,1,13:14:22.871315396
118.61,10,13:14:22.871381799
118.61,1,13:14:22.871400955
118.61,1,13:14:22.871630240
118.61,2,13:14:22.871681409
118.61,1,13:14:22.871888487
118.61,1,13:14:22.872098989
118.61,1,13:14:22.872117008
118.61,3,13:14:22.872157357
118.61,4,13:14:22.872187670
118.61,1,13:14:22.872201357
118.61,1,13:14:22.872419126
118.61,2,13:14:22.872762902
118.61,1,13:14:22.872881439
118.61,3,13:14:22.874445527
118.6,1,13:14:22.878331845
118.61,8,13:14:22.934946137
118.61,1,13:14:22.935310795
118.61,1,13:14:22.935491592
118.61,2,13:14:22.935491592
118.61,2,13:14:22.936244749
118.6,1,13:14:26.664111373
118.6,1,13:14:26.664413899
118.6,3,13:14:26.664413899
118.6,3,13:14:26.664527471
118.6,1,13:14:26.664663238
118.6,10,13:14:26.664793231
118.6,1,13:14:26.664793231
118.6,4,13:14:26.665530657
118.6,2,13:14:26.682263542
118.6,1,13:14:26.682263542
118.6,1,13:14:26.682367536
118.6,1,13:14:26.682384211
118.6,1,13:14:27.188298092
118.6,2,13:14:27.188298092
118.6,8,13:14:27.188394140
118.6,1,13:14:27.188416175
118.6,1,13:14:28.006183614
118.6,2,13:14:30.444113247
118.6,2,13:14:30.444670033
118.6,1,13:14:30.444670033
118.6,1,13:14:30.447040885
118.6,3,13:14:30.447040885
118.6,1,13:14:30.447364764
118.6,1,13:14:30.527550692
118.6,2,13:14:30.999011665
118.6,1,13:14:30.999011665
118.6,1,13:14:30.999330511
118.6,1,13:14:30.999451407
118.6,1,13:14:33.393695444
118.6,1,13:14:33.393777326
118.61,1,13:14:38.183800315
118.61,2,13:14:38.183800315
118.61,1,13:14:38.183885102
118.6,1,13:14:39.364183190
118.6,8,13:14:39.364301653
118.6,1,13:14:39.364333234
118.6,3,13:14:39.364333234
118.6,4,13:14:39.364333234
118.6,4,13:14:39.375196770
118.6,1,13:14:39.375294543
118.6,8,13:14:39.375312383
118.6,1,13:14:39.375312383
118.6,6,13:14:39.376143650
118.6,2,13:14:39.376452152
118.6,1,13:14:39.376730942
118.6,1,13:14:39.376827838
118.6,1,13:14:39.400563431
118.6,8,13:14:41.761973337
118.6,1,13:14:41.762076921
118.6,1,13:14:41.762178992
118.6,1,13:14:41.762374957
118.6,2,13:14:41.762481414
118.6,3,13:14:41.762481414
118.6,6,13:14:41.762745485
118.6,1,13:14:41.762745485
118.6,2,13:14:41.804361395
118.6,1,13:14:41.804361395
118.6,1,13:14:41.804466770
118.6,2,13:14:41.804491634
118.6,1,13:14:42.512747511
118.6,1,13:14:42.512952758
118.6,1,13:14:42.512967622
118.6,2,13:14:42.512967622
118.6,15,13:14:42.512985189
118.6,1,13:14:42.512985189
118.6,8,13:14:42.512985189
118.6,8,13:14:42.512999113
118.6,1,13:14:42.513018553
118.6,3,13:14:42.514894308
118.6,1,13:14:42.557526968
118.6,2,13:14:42.557526968
118.6,1,13:14:42.557618179
118.6,1,13:14:42.557642486
118.6,2,13:14:42.557642486
118.6,4,13:14:42.557642486
118.6,2,13:14:42.558018678
118.6,1,13:14:42.817883398
118.6,2,13:14:42.817883398
118.6,1,13:14:42.817897161
118.6,1,13:14:42.817962351
118.6,1,13:14:42.817977647
118.6,2,13:14:42.818401067
118.6,1,13:14:43.091645376
118.6,1,13:14:49.035221953
118.6,1,13:14:54.441967579
118.6,2,13:15:11.542849300
118.6,1,13:15:11.543252391
118.6,7,13:15:11.543437540
118.6,1,13:15:11.543573475
118.6,1,13:15:11.543608998
118.6,3,13:15:11.543608998
118.6,6,13:15:11.543608998
118.6,1,13:15:11.544104848
118.6,1,13:15:11.544277187
118.59,1,13:15:15.585892272
118.59,4,13:15:22.724048659
118.59,1,13:15:22.724177730
118.59,12,13:15:22.724211785
118.59,1,13:15:22.724211785
118.59,4,13:15:22.724211785
118.59,1,13:15:22.749909543
118.59,2,13:15:29.896535701
118.59,1,13:15:29.896644220
118.59,1,13:15:29.896674770
118.59,14,13:15:29.896674770
118.6,1,13:15:58.031206509
118.6,1,13:16:01.392089840
118.6,1,13:16:01.392167761
118.6,1,13:16:01.392650820
118.6,1,13:16:01.393030515
118.59,1,13:16:05.788900122
118.59,11,13:16:05.788900122
118.59,1,13:16:05.789122912
118.59,9,13:16:05.789137040
118.59,1,13:16:05.789137040
118.59,4,13:16:05.789150454
118.59,1,13:16:05.789166237
118.59,8,13:16:05.789166237
118.59,6,13:16:05.789180058
118.59,1,13:16:05.789196135
118.59,1,13:16:05.789210547
118.59,1,13:16:05.789225235
118.59,1,13:16:05.789239501
118.59,1,13:16:05.789253536
118.59,1,13:16:05.789269248
118.59,10,13:16:05.789283456
118.59,5,13:16:05.789297562
118.59,8,13:16:05.789452371
118.59,2,13:16:05.789466035
118.59,3,13:16:05.789479599
118.59,2,13:16:05.789496162
118.59,10,13:16:05.789515644
118.59,1,13:16:05.789515644
118.59,7,13:16:05.790164431
118.59,4,13:16:05.791059500
118.59,1,13:16:05.791306746
118.59,1,13:16:05.841460105
118.59,10,13:16:05.841698268
118.59,1,13:16:05.841698268
118.59,1,13:16:06.411631891
118.59,6,13:16:06.913116523
118.59,1,13:16:06.913116523
118.59,3,13:16:06.913238800
118.59,1,13:16:19.019329974
118.59,1,13:16:19.019360742
118.59,4,13:16:19.019360742
118.59,2,13:16:19.019384889
118.59,3,13:16:19.019384889
118.59,1,13:16:19.019384889
118.59,1,13:16:19.038729735
118.59,1,13:16:19.070149719
118.6,1,13:16:33.220772262
118.6,4,13:16:33.220772262
118.6,1,13:16:33.220830643
118.6,1,13:16:45.040692776
118.6,1,13:16:59.440618484
118.6,1,13:16:59.440696523
118.6,3,13:16:59.440710725
118.6,1,13:16:59.440710725
118.6,1,13:17:04.338548836
118.6,1,13:17:04.338778378
118.6,2,13:17:12.091656687
118.6,1,13:17:12.091974508
118.61,1,13:17:12.244734790
118.6,1,13:17:14.023522686
118.59,1,13:17:16.697636588
118.59,6,13:17:16.697636588
118.59,1,13:17:16.697768143
118.59,12,13:17:16.697792959
118.59,1,13:17:16.697792959
118.59,2,13:17:16.697792959
118.59,4,13:17:16.697792959
118.59,1,13:17:16.697809462
118.59,11,13:17:16.697809462
118.59,2,13:17:16.886143771
118.6,1,13:18:01.300590723
118.6,1,13:18:01.301267599
118.6,1,13:18:03.032042761
118.6,2,13:18:04.943910507
118.6,4,13:18:04.943910507
118.6,1,13:18:04.944335765
118.6,1,13:18:11.536534174
118.6,1,13:18:11.537020759
118.6,1,13:18:31.111481132
118.6,2,13:18:31.111481132
118.6,3,13:18:31.111540992
118.6,1,13:18:42.670954048
118.6,1,13:18:42.671169170
118.6,1,13:18:42.672632792
118.6,1,13:18:42.708070267
118.6,1,13:18:42.750037734
118.6,1,13:18:47.788314370
118.6,1,13:18:47.788603571
118.6,7,13:18:47.788603571
118.6,1,13:18:47.788743254
118.6,1,13:18:47.815573217
118.6,1,13:18:47.815662856
118.6,4,13:18:50.216704045
118.6,2,13:18:56.465654914
118.6,1,13:19:27.908512148
118.6,1,13:19:27.908526592
118.6,1,13:19:27.908617875
118.6,1,13:19:27.908632940
118.6,2,13:19:27.908632940
118.6,1,13:19:27.909440763
118.6,1,13:19:27.934842760
118.6,1,13:19:32.335909599
118.6,1,13:19:32.336474805
118.6,1,13:19:50.431685997
118.6,1,13:19:50.431776627
118.6,1,13:19:50.432208236
118.6,1,13:19:50.455760368
118.6,1,13:19:50.472644085
118.61,3,13:19:56.310765041
118.61,1,13:19:56.310765041
118.61,1,13:19:56.310832667
118.61,2,13:19:58.435661979
118.61,6,13:19:58.435661979
118.6,1,13:20:01.063470383
118.6,1,13:20:01.063558581
118.6,2,13:20:01.063558581
118.6,5,13:20:01.063836763
118.6,2,13:20:01.063936759
118.6,1,13:20:01.063957627
118.6,1,13:20:01.090068476
118.6,1,13:20:02.160577039
118.61,1,13:20:04.529486033
118.61,1,13:20:04.531687951
118.61,4,13:20:06.212355965
118.61,1,13:20:06.212489798
118.61,2,13:20:06.212540841
118.61,1,13:20:06.212540841
118.62,1,13:20:12.352170289
118.62,1,13:20:12.352243447
118.61,1,13:20:34.027506242
118.61,1,13:20:34.027592233
118.61,1,13:20:34.027612915
118.61,4,13:20:34.027612915
118.61,1,13:20:40.687853101
118.62,2,13:20:42.486028293
118.61,1,13:20:51.157194627
118.61,2,13:20:51.157319381
118.61,5,13:20:51.157341088
118.61,2,13:20:51.157341088
118.61,1,13:20:51.157341088
118.61,1,13:20:51.157459970
118.61,2,13:20:51.157459970
118.61,1,13:20:51.157562963
118.61,2,13:20:51.158641519
118.61,1,13:20:51.158641519
118.61,2,13:20:51.158664430
118.61,1,13:20:51.158664430
118.61,1,13:20:51.158974261
118.61,2,13:20:51.158974261
118.61,1,13:20:51.159138676
118.61,1,13:20:51.185018455
118.61,2,13:20:51.201889229
118.61,2,13:21:01.027531532
118.61,1,13:21:01.027531532
118.61,1,13:21:01.027649903
118.61,2,13:21:01.027683164
118.61,4,13:21:01.027683164
118.61,1,13:21:01.051008227
118.61,1,13:21:01.051275862
118.61,1,13:21:01.052795704
118.61,1,13:21:01.077240322
118.61,1,13:21:18.806306489
118.61,1,13:21:18.806401272
118.61,2,13:21:18.806470724
118.61,1,13:21:18.806489070
118.61,1,13:21:18.807818468
118.61,1,13:21:18.830119049
118.61,2,13:21:18.831675425
118.61,1,13:21:18.832020040
118.61,8,13:21:18.832135141
118.61,1,13:21:18.832152526
118.61,1,13:21:18.862700887
118.62,1,13:21:24.035912949
118.62,1,13:21:29.170699765
118.62,1,13:21:29.170777393
118.62,4,13:21:29.171167665
118.62,1,13:21:29.171167665
118.62,16,13:21:29.171167665
118.62,10,13:21:29.171292570
118.62,2,13:21:29.171896765
118.62,35,13:21:29.171896765
118.63,8,13:21:31.315789987
118.63,1,13:21:31.315789987
118.62,7,13:21:33.823197852
118.62,1,13:21:33.823197852
118.62,1,13:21:33.823769475
118.62,1,13:21:33.846404734
118.62,6,13:21:50.222214429
118.62,8,13:21:50.222214429
118.62,1,13:21:50.222317862
118.62,1,13:21:51.233468079
118.62,1,13:21:54.590279452
118.62,3,13:21:57.886241282
118.62,1,13:21:57.886663310
118.62,1,13:21:57.886792776
118.62,3,13:22:10.612800692
118.62,1,13:22:10.612800692
118.62,2,13:22:10.612800692
118.62,1,13:22:10.612897022
118.62,8,13:22:10.612897022
118.62,1,13:22:10.613448753
118.62,1,13:22:10.623866020
118.62,1,13:22:10.624006991
118.62,1,13:22:10.624037778
118.62,8,13:22:10.624037778
118.62,2,13:22:10.624037778
118.62,4,13:22:10.624037778
118.62,1,13:22:10.624283669
118.62,1,13:22:10.624915669
118.62,1,13:22:10.716139381
118.62,4,13:22:10.758275666
118.62,1,13:22:10.758275666
118.62,1,13:22:10.758350594
118.62,1,13:22:11.053024601
118.62,1,13:22:11.318882597
118.62,3,13:22:11.319174174
118.62,1,13:22:11.319267301
118.61,1,13:22:25.346005667
118.61,1,13:22:25.346108989
118.61,2,13:22:25.346123789
118.61,7,13:22:25.346123789
118.61,5,13:22:25.347041481
118.61,8,13:22:25.347239397
118.61,1,13:22:25.347258384
118.61,2,13:22:25.347258384
118.61,1,13:22:25.347276073
118.61,6,13:22:25.347276073
118.61,3,13:22:25.347276073
118.61,1,13:22:25.347293167
118.61,6,13:22:25.347293167
118.61,3,13:22:25.347796251
118.61,2,13:22:25.348133182
118.61,4,13:22:25.348786280
118.61,1,13:22:26.037753642
118.61,1,13:22:26.290371927
118.61,1,13:22:26.561907333
118.61,1,13:22:26.856076586
118.61,1,13:22:27.126376703
118.61,1,13:22:27.423612313
118.61,2,13:22:30.326388564
118.61,4,13:22:30.326388564
118.61,11,13:22:30.326500762
118.61,1,13:22:30.326500762
118.6,1,13:22:36.822500499
118.6,2,13:22:36.822518692
118.6,6,13:22:36.822518692
118.6,16,13:22:36.862491070
118.6,1,13:22:36.862932616
118.61,1,13:22:54.703933750
118.61,2,13:22:55.825291146
118.62,1,13:23:23.033591463
118.62,3,13:23:28.041215819
118.62,2,13:23:28.041215819
118.62,1,13:23:28.041295067
118.62,1,13:23:28.068876253
118.61,6,13:23:32.004792456
118.61,1,13:23:32.005165719
118.61,4,13:23:32.005180033
118.61,1,13:23:32.005180033
118.61,4,13:23:32.005195544
118.61,6,13:23:32.005195544
118.61,2,13:23:32.005209310
118.61,1,13:23:32.005209310
118.61,1,13:23:32.005225083
118.61,2,13:23:32.005241057
118.61,13,13:23:32.005254500
118.61,1,13:23:32.005254500
118.61,13,13:23:32.005267806
118.61,1,13:23:32.005282071
118.61,2,13:23:32.005296084
118.61,2,13:23:32.005318366
118.61,3,13:23:32.005737540
118.61,1,13:23:34.480698561
118.62,1,13:23:36.983586998
118.62,1,13:23:36.983675177
118.62,1,13:23:36.984051695
118.62,1,13:23:37.024049943
118.62,1,13:23:37.024146615
118.62,2,13:23:37.024162779
118.62,1,13:23:37.024162779
118.62,2,13:23:37.024400119
118.62,6,13:23:37.024977453
118.62,1,13:23:37.051093440
118.62,1,13:23:37.072839462
118.62,1,13:23:37.986452330
118.62,1,13:23:37.986545223
118.62,2,13:23:37.986564612
118.62,1,13:23:37.986564612
118.62,1,13:23:37.986998500
118.62,1,13:23:38.013725641
118.61,7,13:24:10.787425742
118.61,1,13:24:10.787536122
118.61,4,13:24:10.787563706
118.61,1,13:24:10.787563706
118.61,8,13:24:10.787563706
118.61,1,13:24:10.787811514
118.61,3,13:24:10.787811514
118.61,7,13:24:10.787948378
118.61,2,13:24:10.787985673
118.61,1,13:24:10.787985673
118.61,3,13:24:10.787985673
118.61,1,13:24:11.042875351
118.62,1,13:24:36.062124455
118.62,1,13:24:36.089104827
118.61,1,13:24:39.635646543
118.62,1,13:24:41.744253312
118.62,1,13:24:41.744598143
118.62,1,13:24:41.744715922
118.62,1,13:24:41.745026642
118.62,1,13:24:41.745159981
118.62,1,13:24:41.745188116
118.62,2,13:24:41.745188116
118.62,1,13:24:41.747020611
118.62,1,13:24:41.747517274
118.62,1,13:24:41.747702142
118.62,7,13:24:41.748341753
118.62,1,13:24:41.748737955
118.62,1,13:24:41.752021283
118.62,4,13:24:41.752117622
118.62,1,13:24:41.752373958
118.62,1,13:24:41.757940341
118.62,1,13:24:41.758038622
118.62,1,13:24:41.758055722
118.62,1,13:24:41.794293857
118.61,7,13:24:50.122803913
118.61,3,13:24:50.122966747
118.61,1,13:24:50.123000399
118.61,6,13:24:50.123000399
118.61,12,13:24:50.123000399
118.61,8,13:24:50.123000399
118.61,2,13:24:50.123000399
118.61,1,13:24:50.124686829
118.61,2,13:24:50.124686829
118.61,2,13:24:54.405102714
118.61,1,13:24:57.084821592
118.61,3,13:24:57.085087118
118.61,2,13:24:57.085198737
118.61,1,13:24:57.111238501
118.61,1,13:24:57.111349481
118.61,1,13:24:57.678699989
118.61,8,13:24:58.681432650
118.61,1,13:24:58.681988986
118.61,1,13:25:00.901462213
118.61,1,13:25:03.470314315
118.61,1,13:25:03.470422424
118.61,8,13:25:03.470442168
118.61,2,13:25:03.470442168
118.61,1,13:25:03.475793807
118.61,1,13:25:05.409090638
118.62,1,13:25:18.038239646
118.62,1,13:25:34.028859309
118.62,1,13:25:43.288278319
118.62,2,13:25:43.288942780
118.62,1,13:25:46.254392150
118.62,3,13:25:46.254392150
118.62,5,13:25:46.254520208
118.62,1,13:25:46.254520208
118.62,2,13:25:46.254536656
118.62,8,13:25:46.254536656
118.62,1,13:25:46.488991116
118.63,2,13:25:47.722662966
118.63,4,13:25:47.722662966
118.63,3,13:25:52.371710423
118.63,1,13:26:03.039496093
118.63,1,13:26:13.949224551
118.63,4,13:26:13.949224551
118.63,1,13:26:13.949283453
118.63,1,13:26:17.686431836
118.63,1,13:26:17.686547336
118.63,8,13:26:17.686571199
118.63,1,13:26:17.686571199
118.63,4,13:26:17.686571199
118.63,2,13:26:17.686571199
118.63,5,13:26:17.686585346
118.63,1,13:26:17.686997976
118.63,1,13:26:17.712199444
118.63,2,13:26:18.986231096
118.63,4,13:26:18.986231096
118.63,3,13:26:18.986231096
118.63,2,13:26:18.986328430
118.63,1,13:26:18.991205572
118.63,14,13:26:18.995937853
118.63,1,13:26:18.995956515
118.63,8,13:26:18.995956515
118.63,4,13:26:18.995956515
118.63,7,13:26:18.996085946
118.63,1,13:26:18.996085946
118.63,2,13:26:18.996085946
118.63,1,13:26:18.996101369
118.63,1,13:26:18.996444569
118.63,3,13:26:18.996570697
118.63,2,13:26:18.996913112
118.63,4,13:26:18.997110278
118.63,1,13:26:18.997513304
118.63,1,13:26:19.019637971
118.63,1,13:26:19.044985120
118.63,1,13:26:19.108658586
118.63,1,13:26:20.434344646
118.63,17,13:26:20.517594633
118.63,1,13:26:20.517594633
118.63,4,13:26:20.517670711
118.63,3,13:26:20.532766025
118.63,1,13:26:20.554612408
118.63,2,13:26:20.856611908
118.63,7,13:26:22.602427305
118.63,1,13:26:22.628834444
118.63,3,13:26:22.807660063
118.63,1,13:26:22.807754710
118.63,1,13:26:22.821869689
118.63,4,13:26:22.821869689
118.63,1,13:26:22.821948852
118.63,1,13:26:22.847039144
118.63,1,13:26:22.851574226
118.63,1,13:26:33.039594050
118.62,1,13:26:36.062519250
118.62,2,13:26:36.062704572
118.62,8,13:26:36.062718370
118.62,2,13:26:36.062733340
118.62,7,13:26:36.062733340
118.62,6,13:26:36.062746588
118.62,1,13:26:36.062761734
118.62,6,13:26:36.062761734
118.62,1,13:26:36.062775317
118.62,2,13:26:36.062789375
118.62,1,13:26:36.062789375
118.62,1,13:26:36.062804185
118.62,8,13:26:36.062804185
118.62,2,13:26:36.062817858
118.62,1,13:26:36.062831631
118.62,1,13:26:36.062921314
118.62,8,13:26:36.062936088
118.62,2,13:26:36.062951327
118.62,1,13:26:36.062951327
118.62,1,13:26:36.062967077
118.62,25,13:26:36.062980271
118.62,1,13:26:36.062994063
118.62,1,13:26:36.063009663
118.63,1,13:26:47.657203815
118.63,2,13:26:47.657292889
118.63,5,13:26:47.657313177
118.63,1,13:26:47.657313177
118.63,2,13:26:47.657313177
118.63,2,13:26:47.657764944
118.63,1,13:26:47.684054008
118.63,1,13:26:47.768014841
118.63,1,13:26:47.914989924
118.63,1,13:26:47.915081636
118.63,4,13:26:47.915099591
118.63,2,13:26:47.915099591
118.63,1,13:26:47.915099591
118.63,1,13:26:49.122558652
118.63,1,13:26:49.122572649
118.63,1,13:26:49.122633951
118.63,1,13:26:49.122867369
118.63,3,13:26:49.122970530
118.63,1,13:26:49.122991067
118.63,1,13:26:52.603517799
118.63,2,13:26:52.603517799
118.63,1,13:26:52.603609451
118.63,2,13:26:52.603609451
118.63,1,13:26:52.648476074
118.63,1,13:26:57.140332386
118.63,6,13:26:57.140348638
118.63,1,13:26:57.475490064
118.63,1,13:26:57.844819413
118.64,1,13:27:08.193969010
118.64,1,13:27:08.194043526
118.64,7,13:27:12.815766330
118.64,7,13:27:12.815845873
118.64,1,13:27:12.816234891
118.64,17,13:27:16.360306134
118.64,10,13:27:16.360388368
118.64,4,13:27:16.360388368
118.64,1,13:27:16.360678175
118.64,1,13:27:16.360817102
118.63,1,13:27:16.398774886
118.64,4,13:27:16.471376786
118.64,5,13:27:18.351488218
118.64,10,13:27:23.659192898
118.64,15,13:27:27.689153919
118.64,1,13:27:27.689733169
118.64,3,13:27:27.690118779
118.64,1,13:27:27.690247649
118.64,15,13:27:27.690265600
118.64,1,13:27:27.690265600
118.64,2,13:27:27.690265600
118.64,2,13:27:27.704711151
118.64,7,13:27:27.704823122
118.64,2,13:27:27.704846715
118.64,1,13:27:27.704846715
118.64,1,13:27:27.728224163
118.64,7,13:27:27.739462256
118.64,3,13:27:27.739462256
118.64,1,13:27:27.739462256
118.64,1,13:27:27.769073205
118.64,1,13:27:27.769186994
118.64,4,13:27:27.769212559
118.64,1,13:27:27.769212559
118.64,2,13:27:27.769212559
118.64,3,13:27:27.769212559
118.64,1,13:27:27.813252709
118.64,1,13:27:27.813366148
118.64,1,13:27:27.813387693
118.64,8,13:27:27.813387693
118.64,3,13:27:27.854018287
118.64,4,13:27:27.854114325
118.64,1,13:27:27.854114325
118.64,1,13:27:27.985547180
118.64,1,13:27:27.986231481
118.64,5,13:27:28.014406697
118.64,2,13:27:28.014470728
118.64,4,13:27:28.020724272
118.64,1,13:27:28.020838426
118.64,2,13:27:28.020862503
118.64,1,13:27:28.020862503
118.64,15,13:27:28.704509757
118.64,1,13:27:28.704509757
118.64,2,13:27:28.704600020
118.64,4,13:27:28.704619765
118.64,1,13:27:28.704892373
118.64,1,13:27:28.729513761
118.64,1,13:27:29.124375840
118.64,3,13:27:30.965385473
118.64,7,13:27:30.965385473
118.64,3,13:27:30.965897512
118.64,1,13:27:30.965942712
118.64,2,13:27:30.965942712
118.64,15,13:27:30.986562795
118.64,4,13:27:31.001200791
118.64,1,13:27:31.001200791
118.64,3,13:27:31.001200791
118.65,1,13:27:31.223463748
118.65,1,13:27:31.223578780
118.65,4,13:27:31.223604231
118.65,3,13:27:31.223604231
118.65,2,13:27:31.223604231
118.65,1,13:27:31.223604231
118.65,1,13:27:31.223905424
118.65,1,13:27:32.038430291
118.66,1,13:27:33.209366075
118.66,3,13:27:33.209430500
118.65,1,13:27:33.419992326
118.65,1,13:27:33.420475897
118.65,1,13:27:33.420694088
118.65,6,13:27:33.420798862
118.65,1,13:27:33.432841717
118.65,1,13:27:33.909599158
118.65,1,13:27:33.909694452
118.65,1,13:27:33.909710385
118.65,2,13:27:33.909710385
118.65,2,13:27:34.019497859
118.65,10,13:27:34.019497859
118.66,1,13:27:36.015527284
118.66,10,13:27:37.403080665
118.66,4,13:27:37.403080665
118.66,8,13:27:37.403154002
118.66,1,13:27:37.403168739
118.66,2,13:27:37.403168739
118.66,3,13:27:40.518546980
118.66,1,13:27:40.518546980
118.66,6,13:27:40.518546980
118.66,2,13:27:40.518677566
118.66,1,13:27:40.518699934
118.66,8,13:27:40.518699934
118.66,13,13:27:40.518699934
118.66,11,13:27:40.518719809
118.66,36,13:27:40.519373255
118.66,5,13:27:40.630727697
118.66,14,13:27:41.166010083
118.66,1,13:27:41.166010083
118.66,4,13:27:41.166010083
118.66,5,13:27:41.166101695
118.66,1,13:27:41.166101695
118.66,1,13:27:41.166356845
118.66,3,13:27:41.248145673
118.66,2,13:27:41.248145673
118.66,1,13:27:42.073783214
118.66,4,13:27:43.483306796
118.66,1,13:27:43.483306796
118.66,1,13:28:08.440814742
118.66,1,13:28:08.440889834
118.66,4,13:28:08.440906890
118.66,3,13:28:08.440906890
118.66,8,13:28:08.441309782
118.66,1,13:28:08.441410476
118.66,1,13:28:08.441431660
118.66,1,13:28:08.467254339
118.66,4,13:28:11.909788546
118.66,8,13:28:12.213441411
118.66,1,13:28:12.213441411
118.66,1,13:28:12.213558535
118.66,2,13:28:12.213985990
118.66,3,13:28:12.214380121
118.66,1,13:28:12.214870358
118.66,1,13:28:12.215178683
118.66,2,13:28:12.215178683
118.66,1,13:28:12.215626190
118.66,1,13:28:12.215643281
118.66,2,13:28:12.215643281
118.66,1,13:28:12.256929835
118.66,1,13:28:12.257273281
118.66,2,13:28:12.309969988
118.66,1,13:28:12.310345146
118.66,9,13:28:12.310345146
118.66,7,13:28:12.310345146
118.66,7,13:28:12.354204228
118.66,4,13:28:12.354490247
118.66,2,13:28:12.588457176
118.66,1,13:28:12.588540116
118.66,5,13:28:12.588556331
118.66,2,13:28:12.588815189
118.66,1,13:28:12.941266448
118.66,24,13:28:18.574979021
118.66,16,13:28:18.574979021
118.66,2,13:28:18.575081083
118.66,2,13:28:18.575102005
118.66,6,13:28:18.575102005
118.66,1,13:28:18.600374135
118.65,1,13:28:18.609051917
118.66,1,13:28:26.495773236
118.66,17,13:28:26.496706541
118.66,1,13:28:26.497197702
118.66,3,13:28:26.497197702
118.66,1,13:28:26.498618405
118.66,1,13:28:30.672797249
118.66,1,13:28:30.673144148
118.66,1,13:28:37.502511110
118.66,1,13:28:42.570377948
118.66,1,13:28:42.975301594
118.66,15,13:28:50.443953805
118.66,3,13:28:50.444065888
118.66,3,13:28:50.444085700
118.66,1,13:28:50.444085700
118.66,2,13:28:50.444085700
118.66,6,13:28:50.444101561
118.66,10,13:28:53.783419948
118.66,10,13:28:53.799994313
118.66,10,13:28:56.362257317
118.66,1,13:28:56.362464137
118.66,1,13:28:56.376739027
118.66,9,13:28:56.376739027
118.66,1,13:28:56.394263410
118.66,7,13:28:56.394344669
118.66,2,13:28:56.394344669
118.66,10,13:28:56.414794883
118.66,3,13:28:56.428953749
118.66,1,13:28:56.428973809
118.66,5,13:28:56.428973809
118.66,10,13:28:56.529643889
118.66,2,13:28:56.543916579
118.66,1,13:28:56.543916579
118.66,2,13:28:56.544282483
118.66,1,13:28:56.544481571
118.66,4,13:28:56.544578909
118.66,2,13:28:56.545013660
118.66,7,13:28:57.097284970
118.66,3,13:28:57.103513388
118.66,3,13:28:57.103589013
118.66,2,13:28:57.103757842
118.66,1,13:28:57.103757842
118.66,2,13:28:57.117388513
118.66,3,13:28:57.117413146
118.66,2,13:28:57.117413146
118.66,1,13:28:57.117413146
118.66,1,13:28:57.117658350
118.66,9,13:28:57.148926633
118.66,1,13:28:57.149148847
118.66,1,13:28:57.544358785
118.66,10,13:28:57.544358785
118.66,2,13:28:57.556435589
118.66,2,13:28:57.559221350
118.66,8,13:28:57.562772589
118.66,8,13:28:57.576399967
118.66,1,13:28:57.576399967
118.66,2,13:29:15.364831100
118.66,1,13:29:15.365138857
118.66,12,13:29:15.365169590
118.66,1,13:29:15.365169590
118.66,5,13:29:15.365169590
118.66,7,13:29:15.365169590
118.66,2,13:29:15.365169590
118.66,6,13:29:15.365169590
118.66,1,13:29:15.365195052
118.66,6,13:29:15.365195052
118.66,1,13:29:15.365617500
118.66,1,13:29:15.365798850
118.65,1,13:29:15.412124888
118.65,1,13:29:25.545275991
118.65,4,13:29:25.545338566
118.66,1,13:29:28.332659829
118.66,1,13:29:40.800723506
118.66,1,13:29:40.800929567
118.66,1,13:29:40.864905059
118.65,1,13:29:40.955409111
118.66,5,13:29:41.265191421
118.66,1,13:29:41.265191421
118.66,1,13:29:41.265285525
118.66,1,13:29:41.265301615
118.66,4,13:29:41.265301615
118.66,1,13:29:41.265537412
118.66,1,13:29:41.265691701
118.66,6,13:29:41.265691701
118.66,1,13:29:41.427133243
118.66,1,13:29:41.431777527
118.67,1,13:29:45.027648217
118.66,1,13:29:45.052013996
118.66,6,13:29:45.488681279
118.66,1,13:29:45.488681279
118.66,1,13:29:46.469634367
118.66,1,13:29:46.469959628
118.66,1,13:29:52.248147834
