bidVolume,bidPrice,askVolume,askPrice,timestamp
173,110.44,17,110.45,08:40:00.006400096
173,110.44,18,110.45,08:40:00.010455846
173,110.44,24,110.45,08:40:00.011660182
173,110.44,25,110.45,08:40:00.011740370
173,110.44,24,110.45,08:40:00.012278434
173,110.44,23,110.45,08:40:00.012350085
173,110.44,24,110.45,08:40:00.012431483
173,110.44,23,110.45,08:40:00.012507963
173,110.44,22,110.45,08:40:00.013636839
173,110.44,16,110.45,08:40:00.023640113
173,110.44,8,110.45,08:40:00.082479052
173,110.44,4,110.45,08:40:00.253307253
173,110.44,3,110.45,08:40:00.253388981
173,110.44,2,110.45,08:40:00.253493134
173,110.44,1,110.45,08:40:00.297899401
201,110.44,1,110.45,08:40:00.298236803
201,110.44,157,110.46,08:40:00.298236803
7,110.45,157,110.46,08:40:00.298236803
7,110.45,155,110.46,08:40:00.298294796
7,110.45,177,110.46,08:40:00.298725554
210,110.44,177,110.46,08:40:00.298848111
190,110.44,177,110.46,08:40:00.298848111
210,110.44,177,110.46,08:40:00.299033545
3,110.45,177,110.46,08:40:00.299190119
4,110.45,177,110.46,08:40:00.299382856
4,110.45,183,110.46,08:40:00.299512044
4,110.45,177,110.46,08:40:00.299512044
1,110.45,177,110.46,08:40:00.299933026
6,110.45,177,110.46,08:40:00.300057866
5,110.45,177,110.46,08:40:00.300453537
6,110.45,177,110.46,08:40:00.301395901
6,110.45,179,110.46,08:40:00.301567395
14,110.45,179,110.46,08:40:00.301853079
14,110.45,177,110.46,08:40:00.302202608
16,110.45,177,110.46,08:40:00.359091002
14,110.45,177,110.46,08:40:00.359248490
17,110.45,177,110.46,08:40:00.500432195
14,110.45,177,110.46,08:40:00.500842169
15,110.45,177,110.46,08:40:00.501704917
16,110.45,177,110.46,08:40:00.501886223
17,110.45,177,110.46,08:40:00.501954309
16,110.45,177,110.46,08:40:00.502122239
17,110.45,177,110.46,08:40:00.502682251
16,110.45,177,110.46,08:40:00.502910360
17,110.45,177,110.46,08:40:00.503573233
18,110.45,177,110.46,08:40:00.504009753
17,110.45,177,110.46,08:40:00.505981705
16,110.45,177,110.46,08:40:00.506053350
15,110.45,177,110.46,08:40:00.506128796
16,110.45,177,110.46,08:40:00.506286476
15,110.45,177,110.46,08:40:00.506672034
14,110.45,177,110.46,08:40:00.506737740
15,110.45,177,110.46,08:40:00.509253879
16,110.45,177,110.46,08:40:00.509398394
15,110.45,177,110.46,08:40:00.509632848
14,110.45,177,110.46,08:40:00.509705132
15,110.45,177,110.46,08:40:00.609745928
14,110.45,177,110.46,08:40:00.609900911
13,110.45,177,110.46,08:40:00.613157609
5,110.45,177,110.46,08:40:00.625847732
6,110.45,177,110.46,08:40:00.713681519
14,110.45,177,110.46,08:40:00.713971355
16,110.45,177,110.46,08:40:00.717671100
17,110.45,177,110.46,08:40:00.718030044
15,110.45,177,110.46,08:40:00.718242834
14,110.45,177,110.46,08:40:00.720617811
16,110.45,177,110.46,08:40:00.721316851
14,110.45,177,110.46,08:40:00.721475040
16,110.45,177,110.46,08:40:01.133407518
17,110.45,177,110.46,08:40:01.133555863
18,110.45,177,110.46,08:40:01.133624458
64,110.45,177,110.46,08:40:01.138948918
89,110.45,177,110.46,08:40:01.139106089
89,110.45,159,110.46,08:40:01.139188362
90,110.45,159,110.46,08:40:01.139188362
90,110.45,160,110.46,08:40:01.168447599
90,110.45,143,110.46,08:40:01.207942181
90,110.45,88,110.46,08:40:01.207978512
90,110.45,66,110.46,08:40:01.208046839
90,110.45,65,110.46,08:40:01.208046839
100,110.45,65,110.46,08:40:01.208278904
100,110.45,66,110.46,08:40:01.208472874
75,110.45,66,110.46,08:40:01.250067122
29,110.45,66,110.46,08:40:01.250138302
19,110.45,66,110.46,08:40:01.250249281
19,110.45,103,110.46,08:40:01.310298632
19,110.45,138,110.46,08:40:01.310361400
18,110.45,138,110.46,08:40:01.838281737
19,110.45,138,110.46,08:40:01.860916384
18,110.45,138,110.46,08:40:01.869868151
19,110.45,138,110.46,08:40:01.963553850
67,110.45,138,110.46,08:40:01.979898473
90,110.45,138,110.46,08:40:01.980026264
89,110.45,138,110.46,08:40:02.005204916
41,110.45,138,110.46,08:40:02.325912558
18,110.45,138,110.46,08:40:02.325978164
17,110.45,138,110.46,08:40:02.326238024
15,110.45,138,110.46,08:40:02.326317093
16,110.45,138,110.46,08:40:02.326696885
18,110.45,138,110.46,08:40:02.326845328
16,110.45,138,110.46,08:40:02.327489953
18,110.45,138,110.46,08:40:02.327702233
16,110.45,138,110.46,08:40:02.327977802
17,110.45,138,110.46,08:40:02.328165130
18,110.45,138,110.46,08:40:02.328314845
18,110.45,150,110.46,08:40:02.328508301
18,110.45,160,110.46,08:40:02.328578607
17,110.45,160,110.46,08:40:02.328662924
16,110.45,160,110.46,08:40:02.328662924
15,110.45,160,110.46,08:40:02.328733517
16,110.45,160,110.46,08:40:02.329025312
17,110.45,160,110.46,08:40:02.329143212
18,110.45,160,110.46,08:40:02.329214659
17,110.45,160,110.46,08:40:02.329799266
16,110.45,160,110.46,08:40:02.330015106
15,110.45,160,110.46,08:40:02.330212322
16,110.45,160,110.46,08:40:02.330495010
17,110.45,160,110.46,08:40:02.330649391
16,110.45,160,110.46,08:40:02.330874392
15,110.45,160,110.46,08:40:02.331355229
16,110.45,160,110.46,08:40:02.334154556
15,110.45,160,110.46,08:40:02.334864577
16,110.45,160,110.46,08:40:02.335057688
15,110.45,160,110.46,08:40:02.335278181
16,110.45,160,110.46,08:40:02.338033440
18,110.45,160,110.46,08:40:02.338658966
16,110.45,160,110.46,08:40:02.341030977
15,110.45,160,110.46,08:40:02.341155027
16,110.45,160,110.46,08:40:02.342716477
17,110.45,160,110.46,08:40:02.343010335
18,110.45,160,110.46,08:40:02.343455123
17,110.45,160,110.46,08:40:02.345308465
16,110.45,160,110.46,08:40:02.345371989
15,110.45,160,110.46,08:40:02.346420996
16,110.45,160,110.46,08:40:02.362470886
18,110.45,160,110.46,08:40:02.363505199
16,110.45,160,110.46,08:40:02.363945374
15,110.45,160,110.46,08:40:02.365362889
16,110.45,160,110.46,08:40:02.366726438
17,110.45,160,110.46,08:40:02.366879743
18,110.45,160,110.46,08:40:02.367708546
17,110.45,160,110.46,08:40:02.370143271
16,110.45,160,110.46,08:40:02.370294797
15,110.45,160,110.46,08:40:02.370432365
17,110.45,160,110.46,08:40:02.378031514
18,110.45,160,110.46,08:40:02.378167694
17,110.45,160,110.46,08:40:02.378953921
15,110.45,160,110.46,08:40:02.379108701
16,110.45,160,110.46,08:40:02.408111008
17,110.45,160,110.46,08:40:02.408173555
18,110.45,160,110.46,08:40:02.408308432
17,110.45,160,110.46,08:40:02.408458351
18,110.45,160,110.46,08:40:02.412344032
17,110.45,160,110.46,08:40:02.414656434
16,110.45,160,110.46,08:40:02.414824869
15,110.45,160,110.46,08:40:02.414895253
16,110.45,160,110.46,08:40:02.423423954
17,110.45,160,110.46,08:40:02.425756497
18,110.45,160,110.46,08:40:02.425933201
17,110.45,160,110.46,08:40:02.434121742
16,110.45,160,110.46,08:40:02.434188875
15,110.45,160,110.46,08:40:02.434260881
7,110.45,160,110.46,08:40:02.447561550
6,110.45,160,110.46,08:40:02.492257514
1,110.45,160,110.46,08:40:02.492324416
3,110.45,160,110.46,08:40:02.492599411
1,110.45,160,110.46,08:40:02.506567776
184,110.44,160,110.46,08:40:02.506761075
1,110.45,160,110.46,08:40:02.507098027
1,110.45,178,110.46,08:40:02.507098027
1,110.45,166,110.46,08:40:02.507172292
1,110.45,156,110.46,08:40:02.507172292
214,110.44,156,110.46,08:40:02.510206228
3,110.45,156,110.46,08:40:02.510366106
3,110.45,168,110.46,08:40:02.510552330
3,110.45,178,110.46,08:40:02.510621226
214,110.44,178,110.46,08:40:02.514267571
214,110.44,166,110.46,08:40:02.514507089
214,110.44,156,110.46,08:40:02.514507089
3,110.45,156,110.46,08:40:02.514752852
214,110.44,156,110.46,08:40:02.536958507
184,110.44,156,110.46,08:40:02.751650915
184,110.44,1,110.45,08:40:02.752430937
183,110.44,1,110.45,08:40:02.752430937
183,110.44,3,110.45,08:40:02.752923487
183,110.44,6,110.45,08:40:02.753022543
183,110.44,7,110.45,08:40:02.753053973
201,110.44,7,110.45,08:40:02.753053973
201,110.44,6,110.45,08:40:02.753053973
201,110.44,5,110.45,08:40:02.753078930
201,110.44,6,110.45,08:40:02.753078930
201,110.44,14,110.45,08:40:02.753171378
185,110.44,14,110.45,08:40:02.753312360
185,110.44,15,110.45,08:40:02.753312360
185,110.44,16,110.45,08:40:02.753492977
180,110.44,16,110.45,08:40:02.753492977
180,110.44,15,110.45,08:40:02.753492977
176,110.44,15,110.45,08:40:02.754194436
176,110.44,7,110.45,08:40:02.754572875
176,110.44,8,110.45,08:40:02.774757005
176,110.44,16,110.45,08:40:02.900656104
176,110.44,15,110.45,08:40:03.307831550
176,110.44,14,110.45,08:40:03.307904337
176,110.44,13,110.45,08:40:03.308128565
176,110.44,10,110.45,08:40:03.308212427
176,110.44,2,110.45,08:40:03.308496715
176,110.44,8,110.45,08:40:03.467903787
176,110.44,2,110.45,08:40:03.593516583
176,110.44,3,110.45,08:40:03.604735142
176,110.44,4,110.45,08:40:03.604903942
176,110.44,3,110.45,08:40:04.024823324
176,110.44,2,110.45,08:40:04.028890643
176,110.44,3,110.45,08:40:04.126464088
176,110.44,4,110.45,08:40:04.126520574
176,110.44,6,110.45,08:40:04.126625097
176,110.44,5,110.45,08:40:04.472197391
176,110.44,3,110.45,08:40:04.472277436
176,110.44,2,110.45,08:40:04.472277436
179,110.44,2,110.45,08:40:04.472713392
183,110.44,2,110.45,08:40:04.472713392
183,110.44,1,110.45,08:40:04.472951784
215,110.44,1,110.45,08:40:04.472951784
231,110.44,1,110.45,08:40:04.473118957
227,110.44,1,110.45,08:40:04.490937953
225,110.44,1,110.45,08:40:04.491312106
227,110.44,1,110.45,08:40:04.495675860
229,110.44,1,110.45,08:40:04.496049069
231,110.44,1,110.45,08:40:04.497764470
231,110.44,2,110.45,08:40:04.686744054
199,110.44,2,110.45,08:40:04.686812364
199,110.44,3,110.45,08:40:04.686889916
199,110.44,6,110.45,08:40:04.686997638
191,110.44,6,110.45,08:40:04.687067569
191,110.44,7,110.45,08:40:04.687532767
191,110.44,14,110.45,08:40:04.687532767
187,110.44,14,110.45,08:40:04.687691633
187,110.44,22,110.45,08:40:04.687810510
187,110.44,24,110.45,08:40:04.687917445
187,110.44,25,110.45,08:40:04.687917445
187,110.44,18,110.45,08:40:04.687937472
184,110.44,18,110.45,08:40:04.688004166
184,110.44,17,110.45,08:40:04.688311195
184,110.44,15,110.45,08:40:04.688351172
176,110.44,15,110.45,08:40:04.688351172
176,110.44,16,110.45,08:40:04.690772432
176,110.44,17,110.45,08:40:04.690985718
176,110.44,16,110.45,08:40:04.691071699
176,110.44,17,110.45,08:40:04.691362451
176,110.44,18,110.45,08:40:04.691786473
176,110.44,17,110.45,08:40:04.692744981
176,110.44,16,110.45,08:40:04.692895250
176,110.44,18,110.45,08:40:04.693004849
176,110.44,19,110.45,08:40:04.693128148
176,110.44,17,110.45,08:40:04.693620939
176,110.44,16,110.45,08:40:04.693785726
176,110.44,17,110.45,08:40:04.693851626
176,110.44,18,110.45,08:40:04.693958308
176,110.44,17,110.45,08:40:04.694483453
176,110.44,16,110.45,08:40:04.694586048
176,110.44,18,110.45,08:40:04.696166914
176,110.44,19,110.45,08:40:04.696348124
176,110.44,26,110.45,08:40:04.696436235
176,110.44,24,110.45,08:40:04.696824407
176,110.44,25,110.45,08:40:04.697880766
176,110.44,26,110.45,08:40:04.698024705
176,110.44,25,110.45,08:40:04.698262279
176,110.44,26,110.45,08:40:04.699826694
176,110.44,27,110.45,08:40:04.700413630
176,110.44,26,110.45,08:40:04.706193208
176,110.44,27,110.45,08:40:04.707379806
176,110.44,26,110.45,08:40:04.709137401
176,110.44,27,110.45,08:40:04.709288621
176,110.44,26,110.45,08:40:04.710916994
176,110.44,25,110.45,08:40:04.714855884
176,110.44,24,110.45,08:40:04.715118527
176,110.44,25,110.45,08:40:04.717730794
176,110.44,26,110.45,08:40:04.727707379
176,110.44,27,110.45,08:40:04.749726749
176,110.44,28,110.45,08:40:04.755925135
176,110.44,27,110.45,08:40:04.761775489
176,110.44,26,110.45,08:40:04.761842597
176,110.44,25,110.45,08:40:04.761916568
176,110.44,26,110.45,08:40:04.771060686
176,110.44,27,110.45,08:40:04.779570370
176,110.44,26,110.45,08:40:04.809179034
176,110.44,25,110.45,08:40:04.830954199
176,110.44,27,110.45,08:40:04.862711592
176,110.44,25,110.45,08:40:04.905592182
176,110.44,24,110.45,08:40:04.905800413
176,110.44,17,110.45,08:40:04.905945347
176,110.44,18,110.45,08:40:05.012752152
176,110.44,20,110.45,08:40:05.022304829
176,110.44,21,110.45,08:40:05.022432597
176,110.44,20,110.45,08:40:05.055199828
176,110.44,27,110.45,08:40:05.260270674
176,110.44,28,110.45,08:40:05.260412833
176,110.44,30,110.45,08:40:05.334834989
175,110.44,30,110.45,08:40:05.348903290
176,110.44,30,110.45,08:40:05.349216487
175,110.44,30,110.45,08:40:05.538362828
169,110.44,30,110.45,08:40:05.540326039
169,110.44,58,110.45,08:40:05.545080398
169,110.44,67,110.45,08:40:05.545154094
169,110.44,121,110.45,08:40:05.548010581
169,110.44,138,110.45,08:40:05.548260851
161,110.44,138,110.45,08:40:05.548950674
143,110.44,138,110.45,08:40:05.549121523
125,110.44,138,110.45,08:40:05.549273870
122,110.44,138,110.45,08:40:05.559726932
121,110.44,138,110.45,08:40:05.568876391
124,110.44,138,110.45,08:40:05.571151048
124,110.44,121,110.45,08:40:05.571235465
126,110.44,121,110.45,08:40:05.571482962
126,110.44,112,110.45,08:40:05.571499601
126,110.44,58,110.45,08:40:05.571539227
126,110.44,30,110.45,08:40:05.571539227
127,110.44,30,110.45,08:40:05.571719719
145,110.44,30,110.45,08:40:05.571885048
145,110.44,29,110.45,08:40:05.572058020
145,110.44,26,110.45,08:40:05.572079345
146,110.44,26,110.45,08:40:05.572079345
146,110.44,19,110.45,08:40:05.572079345
146,110.44,18,110.45,08:40:05.572103431
146,110.44,16,110.45,08:40:05.572103431
146,110.44,15,110.45,08:40:05.572103431
146,110.44,14,110.45,08:40:05.572212142
146,110.44,20,110.45,08:40:05.572212142
146,110.44,21,110.45,08:40:05.572593350
146,110.44,22,110.45,08:40:05.572593350
146,110.44,24,110.45,08:40:05.572610457
146,110.44,25,110.45,08:40:05.572703299
146,110.44,29,110.45,08:40:05.572722795
128,110.44,29,110.45,08:40:05.572722795
127,110.44,29,110.45,08:40:05.573897341
128,110.44,29,110.45,08:40:05.574012880
128,110.44,28,110.45,08:40:05.575258024
128,110.44,27,110.45,08:40:05.575258024
128,110.44,26,110.45,08:40:05.575274180
136,110.44,26,110.45,08:40:05.575864149
136,110.44,28,110.45,08:40:05.575962072
136,110.44,29,110.45,08:40:05.575962072
128,110.44,29,110.45,08:40:05.576037934
136,110.44,29,110.45,08:40:05.584211459
136,110.44,28,110.45,08:40:05.584424729
136,110.44,29,110.45,08:40:05.584858029
136,110.44,27,110.45,08:40:05.584931048
136,110.44,26,110.45,08:40:05.585044079
136,110.44,27,110.45,08:40:05.586022238
136,110.44,26,110.45,08:40:05.586212888
136,110.44,27,110.45,08:40:05.588751481
136,110.44,28,110.45,08:40:05.588822540
136,110.44,29,110.45,08:40:05.589027782
136,110.44,28,110.45,08:40:05.589529964
136,110.44,27,110.45,08:40:05.589834156
136,110.44,28,110.45,08:40:05.590163208
136,110.44,29,110.45,08:40:05.590248299
128,110.44,29,110.45,08:40:05.590393157
127,110.44,29,110.45,08:40:05.602321970
125,110.44,29,110.45,08:40:05.621281484
126,110.44,29,110.45,08:40:05.644548863
126,110.44,57,110.45,08:40:05.670518640
126,110.44,66,110.45,08:40:05.670616986
126,110.44,38,110.45,08:40:05.686472002
126,110.44,29,110.45,08:40:05.686545503
146,110.44,29,110.45,08:40:05.696638504
146,110.44,57,110.45,08:40:05.877059101
146,110.44,66,110.45,08:40:05.877059101
146,110.44,38,110.45,08:40:06.177457665
146,110.44,29,110.45,08:40:06.177538109
146,110.44,27,110.45,08:40:06.816259040
146,110.44,56,110.45,08:40:06.890587667
146,110.44,64,110.45,08:40:06.890701725
148,110.44,64,110.45,08:40:07.196441018
148,110.44,66,110.45,08:40:07.503263753
147,110.44,66,110.45,08:40:07.509134578
148,110.44,66,110.45,08:40:07.510225940
148,110.44,122,110.45,08:40:07.513079567
128,110.44,122,110.45,08:40:07.513483103
127,110.44,122,110.45,08:40:07.513500571
127,110.44,137,110.45,08:40:07.514041559
124,110.44,137,110.45,08:40:07.533963079
126,110.44,137,110.45,08:40:07.596985115
124,110.44,137,110.45,08:40:07.619775711
125,110.44,137,110.45,08:40:07.639856600
126,110.44,137,110.45,08:40:07.640003275
125,110.44,137,110.45,08:40:07.642187782
124,110.44,137,110.45,08:40:07.642248413
125,110.44,137,110.45,08:40:07.718533211
124,110.44,137,110.45,08:40:07.756626145
125,110.44,137,110.45,08:40:08.012719908
126,110.44,137,110.45,08:40:08.012868945
127,110.44,137,110.45,08:40:08.026540180
126,110.44,137,110.45,08:40:08.052371471
125,110.44,137,110.45,08:40:08.056759989
124,110.44,137,110.45,08:40:08.056895724
126,110.44,137,110.45,08:40:08.078313527
127,110.44,137,110.45,08:40:08.078462208
126,110.44,137,110.45,08:40:08.099548510
124,110.44,137,110.45,08:40:08.103883048
125,110.44,137,110.45,08:40:08.325236790
126,110.44,137,110.45,08:40:08.343382813
127,110.44,137,110.45,08:40:08.343509507
127,110.44,81,110.45,08:40:08.405577378
127,110.44,66,110.45,08:40:08.405649323
128,110.44,66,110.45,08:40:08.807710056
128,110.44,37,110.45,08:40:08.814356857
128,110.44,29,110.45,08:40:08.814409344
128,110.44,64,110.45,08:40:08.915881875
127,110.44,64,110.45,08:40:08.927135515
128,110.44,64,110.45,08:40:08.929515143
127,110.44,64,110.45,08:40:08.931634213
128,110.44,64,110.45,08:40:08.962778134
127,110.44,64,110.45,08:40:08.965943331
127,110.44,124,110.45,08:40:09.393835386
127,110.44,64,110.45,08:40:11.569990544
128,110.44,64,110.45,08:40:11.570207135
128,110.44,29,110.45,08:40:11.588316381
128,110.44,27,110.45,08:40:11.591543943
128,110.44,28,110.45,08:40:11.592473178
138,110.44,28,110.45,08:40:11.592614861
138,110.44,22,110.45,08:40:11.592614861
138,110.44,28,110.45,08:40:11.600650139
128,110.44,28,110.45,08:40:11.600817732
128,110.44,22,110.45,08:40:11.602837896
128,110.44,23,110.45,08:40:11.605919562
128,110.44,29,110.45,08:40:11.605919562
128,110.44,23,110.45,08:40:11.619415486
150,110.44,23,110.45,08:40:11.629387200
150,110.44,22,110.45,08:40:11.639140473
150,110.44,23,110.45,08:40:11.647421242
150,110.44,22,110.45,08:40:11.658596773
150,110.44,21,110.45,08:40:11.658673153
150,110.44,20,110.45,08:40:11.658781595
150,110.44,22,110.45,08:40:11.670239364
150,110.44,20,110.45,08:40:11.696457521
150,110.44,19,110.45,08:40:11.696838481
150,110.44,11,110.45,08:40:11.697987944
153,110.44,11,110.45,08:40:11.697987944
163,110.44,11,110.45,08:40:11.698232272
163,110.44,10,110.45,08:40:11.778996206
163,110.44,9,110.45,08:40:11.821392683
163,110.44,7,110.45,08:40:12.062902492
163,110.44,3,110.45,08:40:12.062988763
163,110.44,2,110.45,08:40:12.063094341
163,110.44,1,110.45,08:40:12.063359807
181,110.44,1,110.45,08:40:12.063806187
201,110.44,1,110.45,08:40:12.064123111
201,110.44,2,110.45,08:40:12.065221466
201,110.44,3,110.45,08:40:12.065665770
201,110.44,5,110.45,08:40:12.065951267
201,110.44,6,110.45,08:40:12.065951267
201,110.44,7,110.45,08:40:12.066032579
199,110.44,7,110.45,08:40:12.066032579
199,110.44,8,110.45,08:40:12.066132861
189,110.44,8,110.45,08:40:12.066304172
189,110.44,10,110.45,08:40:12.066398009
171,110.44,10,110.45,08:40:12.066475942
171,110.44,11,110.45,08:40:12.066560793
171,110.44,12,110.45,08:40:12.066704953
153,110.44,12,110.45,08:40:12.066704953
153,110.44,11,110.45,08:40:12.067093964
153,110.44,10,110.45,08:40:12.067245644
153,110.44,9,110.45,08:40:12.067855548
163,110.44,9,110.45,08:40:12.067952936
163,110.44,7,110.45,08:40:12.071268345
163,110.44,6,110.45,08:40:12.071268345
163,110.44,8,110.45,08:40:12.071459920
163,110.44,9,110.45,08:40:12.071671718
153,110.44,9,110.45,08:40:12.071773477
153,110.44,15,110.45,08:40:12.071775586
153,110.44,16,110.45,08:40:12.071832886
153,110.44,17,110.45,08:40:12.072291689
153,110.44,16,110.45,08:40:12.072854680
153,110.44,15,110.45,08:40:12.073188418
153,110.44,9,110.45,08:40:12.074794343
153,110.44,10,110.45,08:40:12.076650566
153,110.44,11,110.45,08:40:12.077006457
153,110.44,12,110.45,08:40:12.077158447
153,110.44,18,110.45,08:40:12.077227746
153,110.44,17,110.45,08:40:12.077580402
153,110.44,16,110.45,08:40:12.078071294
153,110.44,15,110.45,08:40:12.078650138
153,110.44,9,110.45,08:40:12.080326233
153,110.44,10,110.45,08:40:12.083014705
153,110.44,11,110.45,08:40:12.083200027
153,110.44,10,110.45,08:40:12.084576423
153,110.44,9,110.45,08:40:12.084717449
150,110.44,9,110.45,08:40:12.085786556
150,110.44,10,110.45,08:40:12.086073880
150,110.44,20,110.45,08:40:12.106483582
150,110.44,53,110.45,08:40:12.107029488
150,110.44,52,110.45,08:40:12.131264953
150,110.44,19,110.45,08:40:12.131418595
150,110.44,9,110.45,08:40:12.131580258
150,110.44,10,110.45,08:40:12.133223585
150,110.44,9,110.45,08:40:12.133726372
150,110.44,10,110.45,08:40:12.134259933
150,110.44,20,110.45,08:40:12.139964944
150,110.44,21,110.45,08:40:12.149423062
150,110.44,20,110.45,08:40:12.150052318
150,110.44,26,110.45,08:40:12.163508428
150,110.44,27,110.45,08:40:12.163573855
150,110.44,28,110.45,08:40:12.164869380
150,110.44,29,110.45,08:40:12.164979013
150,110.44,62,110.45,08:40:12.233581212
150,110.44,126,110.45,08:40:12.454772609
149,110.44,126,110.45,08:40:12.455105995
149,110.44,128,110.45,08:40:12.455606564
127,110.44,128,110.45,08:40:12.455954755
127,110.44,64,110.45,08:40:12.480445078
128,110.44,64,110.45,08:40:12.480589954
127,110.44,64,110.45,08:40:12.490671573
128,110.44,64,110.45,08:40:12.647309560
127,110.44,64,110.45,08:40:13.027595113
128,110.44,64,110.45,08:40:13.028084262
127,110.44,64,110.45,08:40:13.037320060
127,110.44,129,110.45,08:40:13.061853048
127,110.44,130,110.45,08:40:13.144107998
127,110.44,65,110.45,08:40:13.688146767
128,110.44,65,110.45,08:40:13.688434231
127,110.44,65,110.45,08:40:13.688560564
128,110.44,65,110.45,08:40:13.706347992
127,110.44,65,110.45,08:40:13.706886734
128,110.44,65,110.45,08:40:13.813211567
127,110.44,65,110.45,08:40:14.013051185
128,110.44,65,110.45,08:40:14.198178320
127,110.44,65,110.45,08:40:14.246481733
127,110.44,135,110.45,08:40:14.258326486
127,110.44,65,110.45,08:40:14.866016608
128,110.44,65,110.45,08:40:14.866284615
128,110.44,32,110.45,08:40:15.501680307
128,110.44,26,110.45,08:40:15.504161313
128,110.44,25,110.45,08:40:15.510355936
138,110.44,25,110.45,08:40:15.510442739
138,110.44,26,110.45,08:40:15.510862118
138,110.44,25,110.45,08:40:15.513097959
138,110.44,24,110.45,08:40:15.513408788
138,110.44,23,110.45,08:40:15.513802752
138,110.44,24,110.45,08:40:15.516386943
138,110.44,25,110.45,08:40:15.516754728
138,110.44,24,110.45,08:40:15.517498013
138,110.44,23,110.45,08:40:15.518440876
138,110.44,25,110.45,08:40:15.520505490
138,110.44,23,110.45,08:40:15.521990753
138,110.44,22,110.45,08:40:15.568179930
138,110.44,20,110.45,08:40:15.660134095
138,110.44,10,110.45,08:40:15.660207782
151,110.44,10,110.45,08:40:15.660310473
160,110.44,10,110.45,08:40:15.660380721
160,110.44,9,110.45,08:40:15.745436745
160,110.44,7,110.45,08:40:15.771887597
160,110.44,6,110.45,08:40:15.771964346
160,110.44,4,110.45,08:40:15.772033088
160,110.44,3,110.45,08:40:15.775948881
160,110.44,4,110.45,08:40:15.790912582
160,110.44,3,110.45,08:40:15.791239190
160,110.44,4,110.45,08:40:15.794960896
160,110.44,3,110.45,08:40:15.795780646
160,110.44,4,110.45,08:40:15.803820138
160,110.44,3,110.45,08:40:15.804215513
160,110.44,5,110.45,08:40:16.060705227
160,110.44,6,110.45,08:40:16.060885098
160,110.44,7,110.45,08:40:16.105453515
160,110.44,17,110.45,08:40:16.137798107
160,110.44,7,110.45,08:40:16.138726253
160,110.44,8,110.45,08:40:16.202059607
160,110.44,9,110.45,08:40:16.202736032
160,110.44,8,110.45,08:40:16.202884915
160,110.44,9,110.45,08:40:16.207303708
160,110.44,8,110.45,08:40:16.276278502
160,110.44,7,110.45,08:40:16.470098087
160,110.44,6,110.45,08:40:16.470182250
160,110.44,5,110.45,08:40:16.470197846
160,110.44,6,110.45,08:40:16.475809107
160,110.44,7,110.45,08:40:16.476235493
160,110.44,9,110.45,08:40:16.476388809
160,110.44,10,110.45,08:40:16.478261233
160,110.44,20,110.45,08:40:16.480742294
160,110.44,21,110.45,08:40:16.480742294
160,110.44,20,110.45,08:40:16.508516670
160,110.44,22,110.45,08:40:16.775924276
160,110.44,23,110.45,08:40:16.776067197
150,110.44,23,110.45,08:40:16.776295417
150,110.44,22,110.45,08:40:16.910887113
150,110.44,20,110.45,08:40:16.932171991
150,110.44,23,110.45,08:40:17.018076366
150,110.44,24,110.45,08:40:17.024210096
150,110.44,30,110.45,08:40:17.026457989
150,110.44,24,110.45,08:40:17.093749356
150,110.44,21,110.45,08:40:17.093895036
150,110.44,20,110.45,08:40:17.093964098
150,110.44,21,110.45,08:40:17.094592607
150,110.44,22,110.45,08:40:17.094862789
150,110.44,23,110.45,08:40:17.094934651
150,110.44,22,110.45,08:40:17.095184798
150,110.44,21,110.45,08:40:17.095260322
150,110.44,22,110.45,08:40:17.095628510
150,110.44,23,110.45,08:40:17.096002270
150,110.44,22,110.45,08:40:17.097913504
150,110.44,21,110.45,08:40:17.097991925
150,110.44,20,110.45,08:40:17.097991925
150,110.44,22,110.45,08:40:17.100521777
150,110.44,23,110.45,08:40:17.100660798
150,110.44,21,110.45,08:40:17.102385673
150,110.44,20,110.45,08:40:17.102454368
150,110.44,21,110.45,08:40:17.104153986
150,110.44,22,110.45,08:40:17.104522299
150,110.44,23,110.45,08:40:17.104590167
150,110.44,22,110.45,08:40:17.106764134
150,110.44,21,110.45,08:40:17.110398496
150,110.44,20,110.45,08:40:17.114386158
150,110.44,21,110.45,08:40:17.123754292
150,110.44,20,110.45,08:40:17.134660854
150,110.44,21,110.45,08:40:17.203008019
150,110.44,20,110.45,08:40:17.241521041
150,110.44,23,110.45,08:40:17.489621047
150,110.44,24,110.45,08:40:17.490137177
150,110.44,23,110.45,08:40:17.491605855
150,110.44,21,110.45,08:40:17.638328737
150,110.44,19,110.45,08:40:17.638438018
150,110.44,16,110.45,08:40:17.638456462
150,110.44,15,110.45,08:40:17.638456462
150,110.44,14,110.45,08:40:17.638456462
150,110.44,13,110.45,08:40:17.638699377
150,110.44,3,110.45,08:40:17.638699377
160,110.44,3,110.45,08:40:17.638919534
160,110.44,5,110.45,08:40:17.639132468
160,110.44,4,110.45,08:40:17.639319347
160,110.44,5,110.45,08:40:17.639403255
150,110.44,5,110.45,08:40:17.641214694
150,110.44,3,110.45,08:40:17.642384255
160,110.44,3,110.45,08:40:17.642541396
160,110.44,2,110.45,08:40:17.642738655
160,110.44,3,110.45,08:40:17.643041870
185,110.44,3,110.45,08:40:17.643338059
197,110.44,3,110.45,08:40:17.643421540
197,110.44,2,110.45,08:40:17.643497501
172,110.44,2,110.45,08:40:17.645778041
160,110.44,2,110.45,08:40:17.645844521
160,110.44,3,110.45,08:40:17.645995052
160,110.44,4,110.45,08:40:17.646153132
150,110.44,4,110.45,08:40:17.646153132
150,110.44,14,110.45,08:40:17.646223516
150,110.44,15,110.45,08:40:17.646301704
150,110.44,19,110.45,08:40:17.646713365
150,110.44,20,110.45,08:40:17.646797611
150,110.44,21,110.45,08:40:17.646797611
150,110.44,22,110.45,08:40:17.647244074
150,110.44,21,110.45,08:40:17.648451803
150,110.44,20,110.45,08:40:17.648451803
150,110.44,19,110.45,08:40:17.648546843
150,110.44,20,110.45,08:40:17.648785386
150,110.44,21,110.45,08:40:17.649379898
150,110.44,22,110.45,08:40:17.649539795
150,110.44,28,110.45,08:40:17.649613930
150,110.44,27,110.45,08:40:17.652321713
150,110.44,26,110.45,08:40:17.652729956
150,110.44,25,110.45,08:40:17.652956198
150,110.44,19,110.45,08:40:17.653264503
150,110.44,20,110.45,08:40:17.653434442
150,110.44,21,110.45,08:40:17.653749904
150,110.44,20,110.45,08:40:17.653870124
150,110.44,19,110.45,08:40:17.654112288
150,110.44,20,110.45,08:40:17.655552185
150,110.44,21,110.45,08:40:17.655725765
150,110.44,22,110.45,08:40:17.655871908
150,110.44,21,110.45,08:40:17.656167189
150,110.44,20,110.45,08:40:17.657373870
150,110.44,19,110.45,08:40:17.658607027
150,110.44,20,110.45,08:40:17.659274454
150,110.44,21,110.45,08:40:17.659419753
150,110.44,22,110.45,08:40:17.659489702
150,110.44,21,110.45,08:40:17.660011730
150,110.44,27,110.45,08:40:17.660499790
150,110.44,28,110.45,08:40:17.660679239
150,110.44,27,110.45,08:40:17.660966191
150,110.44,21,110.45,08:40:17.661415058
150,110.44,20,110.45,08:40:17.661555389
150,110.44,21,110.45,08:40:17.664126044
150,110.44,20,110.45,08:40:17.665857342
150,110.44,19,110.45,08:40:17.666130520
150,110.44,20,110.45,08:40:17.666684100
150,110.44,21,110.45,08:40:17.666759380
150,110.44,27,110.45,08:40:17.671648346
150,110.44,28,110.45,08:40:17.671773703
150,110.44,27,110.45,08:40:17.679204591
150,110.44,28,110.45,08:40:17.679386418
150,110.44,29,110.45,08:40:17.682425064
150,110.44,66,110.45,08:40:17.686008093
150,110.44,65,110.45,08:40:17.690370986
150,110.44,64,110.45,08:40:17.690606631
150,110.44,63,110.45,08:40:17.690681088
150,110.44,26,110.45,08:40:17.690762432
150,110.44,20,110.45,08:40:17.691984066
150,110.44,21,110.45,08:40:17.692255701
150,110.44,20,110.45,08:40:17.694845898
150,110.44,22,110.45,08:40:17.701683580
150,110.44,20,110.45,08:40:17.704490016
150,110.44,21,110.45,08:40:17.713580204
150,110.44,22,110.45,08:40:17.727235456
150,110.44,21,110.45,08:40:17.758144919
150,110.44,20,110.45,08:40:17.758211460
150,110.44,22,110.45,08:40:17.773776515
150,110.44,28,110.45,08:40:17.773920790
150,110.44,26,110.45,08:40:17.777245229
150,110.44,27,110.45,08:40:17.777410221
150,110.44,28,110.45,08:40:17.777600058
150,110.44,29,110.45,08:40:17.777704137
150,110.44,28,110.45,08:40:17.889783217
150,110.44,27,110.45,08:40:17.889854088
150,110.44,29,110.45,08:40:17.914248006
150,110.44,27,110.45,08:40:18.028971247
150,110.44,26,110.45,08:40:18.029038767
150,110.44,28,110.45,08:40:18.052704632
150,110.44,29,110.45,08:40:18.052872497
150,110.44,28,110.45,08:40:18.070637512
150,110.44,26,110.45,08:40:18.083366678
150,110.44,27,110.45,08:40:18.091528163
150,110.44,26,110.45,08:40:18.123576000
150,110.44,27,110.45,08:40:18.164755043
150,110.44,28,110.45,08:40:18.167669623
150,110.44,29,110.45,08:40:18.167773105
150,110.44,66,110.45,08:40:18.168130000
150,110.44,65,110.45,08:40:18.206908513
150,110.44,64,110.45,08:40:18.212224443
150,110.44,63,110.45,08:40:18.338768251
150,110.44,64,110.45,08:40:18.649165356
150,110.44,63,110.45,08:40:18.692124688
150,110.44,64,110.45,08:40:18.703413832
150,110.44,63,110.45,08:40:18.707476723
150,110.44,57,110.45,08:40:19.384109900
150,110.44,20,110.45,08:40:19.384221862
160,110.44,20,110.45,08:40:19.384384155
160,110.44,10,110.45,08:40:19.384910626
160,110.44,6,110.45,08:40:19.385502539
160,110.44,5,110.45,08:40:19.385502539
160,110.44,4,110.45,08:40:19.385593993
160,110.44,3,110.45,08:40:19.386011940
184,110.44,3,110.45,08:40:19.386541751
197,110.44,3,110.45,08:40:19.386541751
197,110.44,2,110.45,08:40:19.388446515
197,110.44,3,110.45,08:40:19.388859010
197,110.44,2,110.45,08:40:19.388992766
197,110.44,3,110.45,08:40:19.390613070
197,110.44,2,110.45,08:40:19.390956602
197,110.44,3,110.45,08:40:19.391231166
173,110.44,3,110.45,08:40:19.391538423
160,110.44,3,110.45,08:40:19.391614307
170,110.44,3,110.45,08:40:19.391941863
170,110.44,2,110.45,08:40:19.396088711
170,110.44,1,110.45,08:40:19.401771116
170,110.44,157,110.46,08:40:19.402066396
171,110.44,157,110.46,08:40:19.402130716
177,110.44,157,110.46,08:40:19.402305564
177,110.44,155,110.46,08:40:19.402373474
195,110.44,155,110.46,08:40:19.402467702
194,110.44,155,110.46,08:40:19.402572521
214,110.44,155,110.46,08:40:19.402652776
217,110.44,155,110.46,08:40:19.403777066
207,110.44,155,110.46,08:40:19.507523495
204,110.44,155,110.46,08:40:19.508539053
204,110.44,3,110.45,08:40:19.509195359
204,110.44,4,110.45,08:40:19.509742857
184,110.44,4,110.45,08:40:19.510108506
184,110.44,6,110.45,08:40:19.511278267
184,110.44,7,110.45,08:40:19.511354773
184,110.44,8,110.45,08:40:19.511439947
184,110.44,18,110.45,08:40:19.511660174
166,110.44,18,110.45,08:40:19.511771144
166,110.44,17,110.45,08:40:19.511857027
166,110.44,18,110.45,08:40:19.512689059
166,110.44,19,110.45,08:40:19.512887322
166,110.44,25,110.45,08:40:19.515823608
169,110.44,25,110.45,08:40:19.518572633
169,110.44,26,110.45,08:40:19.518812271
169,110.44,25,110.45,08:40:19.518981081
169,110.44,19,110.45,08:40:19.534332712
169,110.44,20,110.45,08:40:19.568179032
169,110.44,26,110.45,08:40:19.612799728
169,110.44,28,110.45,08:40:19.616832967
163,110.44,28,110.45,08:40:19.616848880
163,110.44,30,110.45,08:40:19.617495461
163,110.44,47,110.45,08:40:19.617605179
163,110.44,67,110.45,08:40:19.617856729
163,110.44,105,110.45,08:40:19.617892588
163,110.44,138,110.45,08:40:19.617892588
163,110.44,139,110.45,08:40:19.617892588
154,110.44,139,110.45,08:40:19.617988959
144,110.44,139,110.45,08:40:19.618006816
131,110.44,139,110.45,08:40:19.618025107
130,110.44,139,110.45,08:40:19.618025107
130,110.44,138,110.45,08:40:19.618025107
127,110.44,138,110.45,08:40:19.618167900
127,110.44,139,110.45,08:40:19.618369576
128,110.44,139,110.45,08:40:19.618461173
130,110.44,139,110.45,08:40:19.620015307
130,110.44,138,110.45,08:40:19.620234216
130,110.44,139,110.45,08:40:19.620777716
130,110.44,138,110.45,08:40:19.620915654
130,110.44,139,110.45,08:40:19.621355898
129,110.44,139,110.45,08:40:19.622734488
129,110.44,138,110.45,08:40:19.625485124
130,110.44,138,110.45,08:40:19.625485124
140,110.44,138,110.45,08:40:19.625664734
140,110.44,100,110.45,08:40:19.627840398
140,110.44,67,110.45,08:40:19.627900693
140,110.44,68,110.45,08:40:19.628007555
140,110.44,67,110.45,08:40:19.708655940
140,110.44,68,110.45,08:40:19.712176611
140,110.44,70,110.45,08:40:19.761527301
140,110.44,69,110.45,08:40:19.859662908
140,110.44,70,110.45,08:40:19.889763550
138,110.44,70,110.45,08:40:19.892955794
137,110.44,70,110.45,08:40:19.894255912
137,110.44,108,110.45,08:40:19.894255912
137,110.44,141,110.45,08:40:19.894395723
127,110.44,141,110.45,08:40:19.894483991
127,110.44,103,110.45,08:40:20.165845545
127,110.44,70,110.45,08:40:20.165911574
128,110.44,70,110.45,08:40:20.372273875
127,110.44,70,110.45,08:40:20.372429779
137,110.44,70,110.45,08:40:20.374164732
138,110.44,70,110.45,08:40:20.374324505
138,110.44,69,110.45,08:40:20.425373667
138,110.44,70,110.45,08:40:20.470411051
138,110.44,69,110.45,08:40:20.511385666
138,110.44,49,110.45,08:40:20.511648241
138,110.44,32,110.45,08:40:20.511662206
138,110.44,30,110.45,08:40:20.513505833
138,110.44,31,110.45,08:40:20.513843933
138,110.44,33,110.45,08:40:20.513843933
138,110.44,27,110.45,08:40:20.513927783
138,110.44,26,110.45,08:40:20.514231292
138,110.44,27,110.45,08:40:20.515302018
138,110.44,26,110.45,08:40:20.515541756
138,110.44,27,110.45,08:40:20.515742012
138,110.44,25,110.45,08:40:20.528055385
138,110.44,24,110.45,08:40:20.528227783
138,110.44,23,110.45,08:40:20.528735193
148,110.44,23,110.45,08:40:20.528918584
148,110.44,13,110.45,08:40:20.530460930
163,110.44,13,110.45,08:40:20.530687879
170,110.44,13,110.45,08:40:20.530760920
170,110.44,15,110.45,08:40:20.574392288
170,110.44,16,110.45,08:40:20.574546634
170,110.44,14,110.45,08:40:20.638355551
170,110.44,13,110.45,08:40:20.645296580
170,110.44,14,110.45,08:40:20.914012572
170,110.44,16,110.45,08:40:20.914076911
170,110.44,17,110.45,08:40:20.914180668
160,110.44,17,110.45,08:40:20.914417759
160,110.44,27,110.45,08:40:20.915025205
160,110.44,48,110.45,08:40:20.916664304
160,110.44,64,110.45,08:40:20.916770672
160,110.44,43,110.45,08:40:20.938537397
160,110.44,27,110.45,08:40:20.938604795
160,110.44,25,110.45,08:40:20.938679707
160,110.44,26,110.45,08:40:21.149583974
160,110.44,25,110.45,08:40:21.149906012
160,110.44,27,110.45,08:40:21.165318487
160,110.44,25,110.45,08:40:21.205668138
160,110.44,24,110.45,08:40:21.217064204
160,110.44,23,110.45,08:40:21.217341007
160,110.44,13,110.45,08:40:21.217504889
160,110.44,12,110.45,08:40:21.298649517
160,110.44,10,110.45,08:40:21.298761331
170,110.44,10,110.45,08:40:21.298967734
160,110.44,10,110.45,08:40:21.300768780
160,110.44,11,110.45,08:40:21.300873063
160,110.44,10,110.45,08:40:21.720660587
160,110.44,11,110.45,08:40:21.720872104
160,110.44,10,110.45,08:40:21.782657024
160,110.44,9,110.45,08:40:21.822360527
170,110.44,9,110.45,08:40:21.825116496
170,110.44,8,110.45,08:40:21.829622346
170,110.44,6,110.45,08:40:21.829950281
170,110.44,8,110.45,08:40:21.836441810
170,110.44,9,110.45,08:40:21.836836331
170,110.44,10,110.45,08:40:21.879257649
170,110.44,11,110.45,08:40:21.879274356
170,110.44,17,110.45,08:40:21.879274356
170,110.44,18,110.45,08:40:21.879369687
170,110.44,28,110.45,08:40:21.879369687
160,110.44,28,110.45,08:40:21.879383431
160,110.44,30,110.45,08:40:21.879508014
160,110.44,31,110.45,08:40:21.879820061
160,110.44,32,110.45,08:40:21.879820061
160,110.44,54,110.45,08:40:21.879966906
160,110.44,52,110.45,08:40:21.880084468
160,110.44,67,110.45,08:40:21.880109546
160,110.44,66,110.45,08:40:21.880109546
160,110.44,65,110.45,08:40:21.880697632
160,110.44,43,110.45,08:40:21.992160471
160,110.44,28,110.45,08:40:21.992231181
160,110.44,18,110.45,08:40:21.992328538
160,110.44,12,110.45,08:40:22.031565964
160,110.44,11,110.45,08:40:22.205957572
170,110.44,11,110.45,08:40:22.206104907
170,110.44,10,110.45,08:40:22.214815070
170,110.44,8,110.45,08:40:22.227411868
170,110.44,7,110.45,08:40:22.227487651
170,110.44,6,110.45,08:40:22.227600056
170,110.44,3,110.45,08:40:22.227682184
170,110.44,5,110.45,08:40:22.231440630
170,110.44,8,110.45,08:40:22.232731941
170,110.44,9,110.45,08:40:22.232829749
170,110.44,8,110.45,08:40:22.249459181
170,110.44,5,110.45,08:40:22.249664192
170,110.44,3,110.45,08:40:22.249737037
170,110.44,4,110.45,08:40:22.304303992
170,110.44,3,110.45,08:40:22.310681536
170,110.44,5,110.45,08:40:22.504001788
170,110.44,6,110.45,08:40:22.504182383
170,110.44,7,110.45,08:40:22.504252712
170,110.44,9,110.45,08:40:22.504324667
170,110.44,10,110.45,08:40:22.504548909
160,110.44,10,110.45,08:40:22.507291460
160,110.44,11,110.45,08:40:22.508768040
160,110.44,10,110.45,08:40:22.509392305
160,110.44,11,110.45,08:40:22.513355490
160,110.44,10,110.45,08:40:22.514687159
160,110.44,11,110.45,08:40:22.517164405
160,110.44,12,110.45,08:40:22.517331621
160,110.44,11,110.45,08:40:22.519403598
160,110.44,10,110.45,08:40:22.523083630
160,110.44,11,110.45,08:40:22.652279128
160,110.44,12,110.45,08:40:22.652384376
160,110.44,13,110.45,08:40:22.652731844
160,110.44,12,110.45,08:40:22.659684643
160,110.44,18,110.45,08:40:22.696233951
160,110.44,19,110.45,08:40:22.696334041
160,110.44,20,110.45,08:40:22.696408268
160,110.44,42,110.45,08:40:22.696567475
160,110.44,57,110.45,08:40:22.696641136
160,110.44,56,110.45,08:40:22.921850417
160,110.44,66,110.45,08:40:22.978774157
160,110.44,56,110.45,08:40:23.338421685
160,110.44,55,110.45,08:40:23.341177037
160,110.44,40,110.45,08:40:23.426759131
160,110.44,18,110.45,08:40:23.426828213
160,110.44,17,110.45,08:40:23.427008149
160,110.44,11,110.45,08:40:23.427091396
160,110.44,10,110.45,08:40:23.427091396
160,110.44,20,110.45,08:40:23.427166731
160,110.44,21,110.45,08:40:23.455769258
160,110.44,20,110.45,08:40:23.532046905
160,110.44,18,110.45,08:40:23.532353241
160,110.44,17,110.45,08:40:23.532468267
160,110.44,16,110.45,08:40:23.532468267
160,110.44,14,110.45,08:40:23.532487467
160,110.44,4,110.45,08:40:23.532588651
170,110.44,4,110.45,08:40:23.532730998
170,110.44,5,110.45,08:40:23.533765179
170,110.44,6,110.45,08:40:23.533975467
170,110.44,10,110.45,08:40:23.534055925
160,110.44,10,110.45,08:40:23.534055925
170,110.44,10,110.45,08:40:23.536765881
170,110.44,9,110.45,08:40:23.536905430
170,110.44,5,110.45,08:40:23.537178824
170,110.44,4,110.45,08:40:23.537251346
170,110.44,5,110.45,08:40:23.538716024
170,110.44,7,110.45,08:40:23.539797371
160,110.44,7,110.45,08:40:23.540034493
160,110.44,10,110.45,08:40:23.540125469
160,110.44,12,110.45,08:40:23.552162200
160,110.44,22,110.45,08:40:23.552847672
160,110.44,23,110.45,08:40:23.552997216
160,110.44,22,110.45,08:40:23.553349605
160,110.44,23,110.45,08:40:23.554819308
160,110.44,22,110.45,08:40:23.554972874
160,110.44,28,110.45,08:40:23.555534121
160,110.44,53,110.45,08:40:23.561264118
160,110.44,65,110.45,08:40:23.561363233
160,110.44,66,110.45,08:40:23.561470577
160,110.44,65,110.45,08:40:23.561610258
160,110.44,63,110.45,08:40:23.603034476
160,110.44,38,110.45,08:40:23.927119471
160,110.44,26,110.45,08:40:23.927194063
160,110.44,20,110.45,08:40:23.927272581
160,110.44,10,110.45,08:40:23.927456994
160,110.44,7,110.45,08:40:24.346455323
170,110.44,7,110.45,08:40:24.346610017
170,110.44,9,110.45,08:40:24.350612594
170,110.44,7,110.45,08:40:24.450732097
170,110.44,5,110.45,08:40:24.452252099
170,110.44,4,110.45,08:40:24.452356566
170,110.44,3,110.45,08:40:24.452495997
170,110.44,5,110.45,08:40:24.454147093
170,110.44,7,110.45,08:40:24.454421828
170,110.44,8,110.45,08:40:24.454493700
170,110.44,9,110.45,08:40:24.454583012
160,110.44,9,110.45,08:40:24.454738389
160,110.44,10,110.45,08:40:24.454814043
160,110.44,20,110.45,08:40:24.464368763
160,110.44,44,110.45,08:40:24.469575905
160,110.44,57,110.45,08:40:24.469680497
160,110.44,56,110.45,08:40:24.480727033
160,110.44,55,110.45,08:40:24.480727033
161,110.44,55,110.45,08:40:24.480834992
161,110.44,45,110.45,08:40:24.481015650
161,110.44,32,110.45,08:40:24.481033403
161,110.44,8,110.45,08:40:24.481033403
171,110.44,8,110.45,08:40:24.481033403
161,110.44,8,110.45,08:40:24.481247644
161,110.44,7,110.45,08:40:24.481460841
160,110.44,7,110.45,08:40:24.481460841
170,110.44,7,110.45,08:40:24.481604367
190,110.44,7,110.45,08:40:24.481859483
190,110.44,5,110.45,08:40:24.483861183
190,110.44,4,110.45,08:40:24.483861183
190,110.44,3,110.45,08:40:24.483962052
190,110.44,1,110.45,08:40:24.488490852
180,110.44,1,110.45,08:40:24.488759497
180,110.44,3,110.45,08:40:24.488959178
198,110.44,3,110.45,08:40:24.489598857
198,110.44,1,110.45,08:40:24.492454967
198,110.44,155,110.46,08:40:24.506238241
204,110.44,155,110.46,08:40:24.506452334
189,110.44,155,110.46,08:40:24.532499727
182,110.44,155,110.46,08:40:24.532661378
182,110.44,1,110.45,08:40:24.547948696
182,110.44,155,110.46,08:40:24.576635547
182,110.44,157,110.46,08:40:24.867400105
188,110.44,157,110.46,08:40:24.868370481
216,110.44,157,110.46,08:40:24.869504497
225,110.44,157,110.46,08:40:24.869577754
2,110.45,157,110.46,08:40:24.870257530
4,110.45,157,110.46,08:40:24.870492896
4,110.45,179,110.46,08:40:24.870574681
6,110.45,179,110.46,08:40:24.870657779
16,110.45,179,110.46,08:40:24.872099487
17,110.45,179,110.46,08:40:24.874454263
18,110.45,179,110.46,08:40:24.874565502
17,110.45,179,110.46,08:40:24.874697277
16,110.45,179,110.46,08:40:24.874762490
17,110.45,179,110.46,08:40:24.875483120
16,110.45,179,110.46,08:40:24.875633443
62,110.45,179,110.46,08:40:24.877249400
62,110.45,142,110.46,08:40:24.877249400
87,110.45,142,110.46,08:40:24.877249400
87,110.45,107,110.46,08:40:24.877249400
90,110.45,107,110.46,08:40:24.877475361
100,110.45,107,110.46,08:40:24.877593944
101,110.45,107,110.46,08:40:24.877625205
101,110.45,89,110.46,08:40:24.877967268
101,110.45,161,110.46,08:40:24.988120908
98,110.45,161,110.46,08:40:24.988252156
99,110.45,161,110.46,08:40:25.012863224
98,110.45,161,110.46,08:40:25.024381331
88,110.45,161,110.46,08:40:25.024951551
42,110.45,161,110.46,08:40:25.025140294
17,110.45,161,110.46,08:40:25.025140294
18,110.45,161,110.46,08:40:25.083428788
19,110.45,161,110.46,08:40:25.087992456
20,110.45,161,110.46,08:40:25.092641136
66,110.45,161,110.46,08:40:25.290954863
91,110.45,161,110.46,08:40:25.291025426
90,110.45,161,110.46,08:40:25.650930996
89,110.45,161,110.46,08:40:25.651548266
43,110.45,161,110.46,08:40:25.652013443
18,110.45,161,110.46,08:40:25.652013443
17,110.45,161,110.46,08:40:25.652013443
18,110.45,161,110.46,08:40:25.653836679
20,110.45,161,110.46,08:40:25.654218379
18,110.45,161,110.46,08:40:25.720673908
19,110.45,161,110.46,08:40:25.720829005
20,110.45,161,110.46,08:40:25.721922841
21,110.45,161,110.46,08:40:25.757005877
20,110.45,161,110.46,08:40:25.757156619
21,110.45,161,110.46,08:40:25.875055459
20,110.45,161,110.46,08:40:25.875193481
19,110.45,161,110.46,08:40:25.912147318
17,110.45,161,110.46,08:40:25.912202738
16,110.45,161,110.46,08:40:25.912202738
14,110.45,161,110.46,08:40:25.912223425
12,110.45,161,110.46,08:40:25.912223425
11,110.45,161,110.46,08:40:25.912223425
11,110.45,179,110.46,08:40:25.912678517
1,110.45,179,110.46,08:40:25.912678517
228,110.44,179,110.46,08:40:25.912824985
219,110.44,179,110.46,08:40:25.912845212
191,110.44,179,110.46,08:40:25.912845212
183,110.44,179,110.46,08:40:25.912865672
3,110.45,179,110.46,08:40:25.913230114
170,110.44,179,110.46,08:40:25.914294798
170,110.44,3,110.45,08:40:25.914682856
180,110.44,3,110.45,08:40:25.914682856
180,110.44,4,110.45,08:40:25.915083281
197,110.44,4,110.45,08:40:25.915189642
195,110.44,4,110.45,08:40:25.915206842
200,110.44,4,110.45,08:40:25.915206842
200,110.44,3,110.45,08:40:25.915401697
200,110.44,4,110.45,08:40:25.916396208
200,110.44,3,110.45,08:40:25.916647779
200,110.44,4,110.45,08:40:25.918066572
200,110.44,3,110.45,08:40:25.918248181
200,110.44,4,110.45,08:40:25.920385917
200,110.44,5,110.45,08:40:25.920545562
200,110.44,6,110.45,08:40:25.921569837
200,110.44,5,110.45,08:40:25.921844755
200,110.44,6,110.45,08:40:25.922328482
200,110.44,7,110.45,08:40:25.922400735
200,110.44,8,110.45,08:40:25.922479032
200,110.44,7,110.45,08:40:25.923615752
200,110.44,6,110.45,08:40:25.923740273
200,110.44,5,110.45,08:40:25.928167074
200,110.44,4,110.45,08:40:25.928365339
200,110.44,3,110.45,08:40:25.928434680
200,110.44,169,110.46,08:40:25.928555339
200,110.44,167,110.46,08:40:25.928781284
183,110.44,167,110.46,08:40:25.928876560
178,110.44,167,110.46,08:40:25.928876560
168,110.44,167,110.46,08:40:25.928876560
168,110.44,163,110.46,08:40:25.929154621
188,110.44,163,110.46,08:40:25.929240330
188,110.44,159,110.46,08:40:25.929501965
188,110.44,161,110.46,08:40:25.931817624
188,110.44,163,110.46,08:40:25.932135418
188,110.44,2,110.45,08:40:25.935147917
168,110.44,2,110.45,08:40:25.935764434
168,110.44,3,110.45,08:40:26.028025242
168,110.44,4,110.45,08:40:26.030561185
168,110.44,5,110.45,08:40:26.030663652
168,110.44,6,110.45,08:40:26.030857230
186,110.44,6,110.45,08:40:26.030857230
186,110.44,5,110.45,08:40:26.031054768
186,110.44,8,110.45,08:40:26.032315107
184,110.44,8,110.45,08:40:26.033181583
184,110.44,9,110.45,08:40:26.078051537
184,110.44,19,110.45,08:40:26.082648061
166,110.44,19,110.45,08:40:26.082846477
166,110.44,9,110.45,08:40:26.405860747
166,110.44,10,110.45,08:40:26.590140491
166,110.44,20,110.45,08:40:26.590242121
166,110.44,19,110.45,08:40:26.623281665
176,110.44,19,110.45,08:40:26.623281665
176,110.44,9,110.45,08:40:26.623281665
166,110.44,9,110.45,08:40:26.638455124
166,110.44,10,110.45,08:40:26.718220320
166,110.44,20,110.45,08:40:26.718393167
166,110.44,21,110.45,08:40:26.718545232
166,110.44,20,110.45,08:40:26.718823203
166,110.44,21,110.45,08:40:26.788225565
166,110.44,20,110.45,08:40:26.795848849
166,110.44,22,110.45,08:40:26.809445819
166,110.44,23,110.45,08:40:26.809541851
166,110.44,22,110.45,08:40:26.810416241
166,110.44,23,110.45,08:40:26.910064889
166,110.44,22,110.45,08:40:27.057416448
166,110.44,20,110.45,08:40:27.061131824
166,110.44,21,110.45,08:40:27.070399582
166,110.44,20,110.45,08:40:27.084847095
166,110.44,19,110.45,08:40:27.085235937
164,110.44,19,110.45,08:40:27.227981783
167,110.44,19,110.45,08:40:27.239164762
167,110.44,20,110.45,08:40:27.344766702
167,110.44,19,110.45,08:40:27.423959671
167,110.44,20,110.45,08:40:27.699837447
167,110.44,21,110.45,08:40:27.699986211
167,110.44,22,110.45,08:40:27.700138960
167,110.44,23,110.45,08:40:27.707110674
167,110.44,22,110.45,08:40:27.707775329
167,110.44,21,110.45,08:40:27.711747825
167,110.44,20,110.45,08:40:27.711889377
167,110.44,19,110.45,08:40:27.712030366
167,110.44,20,110.45,08:40:27.785957605
167,110.44,21,110.45,08:40:27.786262027
167,110.44,22,110.45,08:40:27.792668804
167,110.44,23,110.45,08:40:27.802411917
167,110.44,22,110.45,08:40:27.802598416
167,110.44,23,110.45,08:40:27.864629628
167,110.44,22,110.45,08:40:27.864786777
167,110.44,23,110.45,08:40:28.016197355
167,110.44,22,110.45,08:40:28.077551140
167,110.44,21,110.45,08:40:28.078672169
167,110.44,22,110.45,08:40:28.129605584
167,110.44,52,110.45,08:40:28.135233641
167,110.44,53,110.45,08:40:28.135233641
167,110.44,59,110.45,08:40:28.135316140
167,110.44,53,110.45,08:40:28.223415962
167,110.44,52,110.45,08:40:28.223480937
167,110.44,22,110.45,08:40:28.223552578
167,110.44,21,110.45,08:40:28.223949635
167,110.44,20,110.45,08:40:28.224249771
167,110.44,21,110.45,08:40:28.239273877
167,110.44,22,110.45,08:40:28.239423109
167,110.44,21,110.45,08:40:28.458997954
167,110.44,22,110.45,08:40:28.459163335
167,110.44,23,110.45,08:40:28.479814547
167,110.44,22,110.45,08:40:28.983306690
167,110.44,23,110.45,08:40:29.503802210
167,110.44,51,110.45,08:40:29.505248903
167,110.44,57,110.45,08:40:29.505415210
167,110.44,66,110.45,08:40:29.505415210
167,110.44,65,110.45,08:40:30.512329229
167,110.44,59,110.45,08:40:30.516609050
167,110.44,58,110.45,08:40:30.516609050
167,110.44,57,110.45,08:40:30.516679940
167,110.44,56,110.45,08:40:30.516787594
167,110.44,47,110.45,08:40:30.516870068
167,110.44,19,110.45,08:40:30.516870068
167,110.44,20,110.45,08:40:30.519249228
167,110.44,19,110.45,08:40:30.520930987
167,110.44,20,110.45,08:40:30.525177387
167,110.44,21,110.45,08:40:30.526534996
167,110.44,20,110.45,08:40:30.529515170
167,110.44,19,110.45,08:40:30.531134100
167,110.44,9,110.45,08:40:30.536569741
167,110.44,8,110.45,08:40:30.589135278
167,110.44,9,110.45,08:40:30.589910458
167,110.44,10,110.45,08:40:30.902213851
167,110.44,11,110.45,08:40:30.902639133
167,110.44,12,110.45,08:40:30.902722078
167,110.44,13,110.45,08:40:30.903114541
167,110.44,23,110.45,08:40:30.903384087
167,110.44,29,110.45,08:40:30.965035740
167,110.44,57,110.45,08:40:30.965104056
167,110.44,66,110.45,08:40:30.965182838
167,110.44,65,110.45,08:40:31.149023444
167,110.44,66,110.45,08:40:31.259276591
161,110.44,66,110.45,08:40:31.497610387
161,110.44,65,110.45,08:40:31.569934491
161,110.44,37,110.45,08:40:31.570400705
161,110.44,28,110.45,08:40:31.570561479
161,110.44,22,110.45,08:40:31.570984407
161,110.44,21,110.45,08:40:31.573410219
161,110.44,22,110.45,08:40:31.573721452
161,110.44,21,110.45,08:40:31.574066562
161,110.44,20,110.45,08:40:31.575268605
161,110.44,19,110.45,08:40:31.575335214
161,110.44,20,110.45,08:40:31.576018170
161,110.44,21,110.45,08:40:31.576309057
161,110.44,22,110.45,08:40:31.576525636
161,110.44,21,110.45,08:40:31.577530611
161,110.44,20,110.45,08:40:31.578361346
161,110.44,19,110.45,08:40:31.578451090
161,110.44,20,110.45,08:40:31.578601483
161,110.44,21,110.45,08:40:31.578820511
161,110.44,20,110.45,08:40:31.579075029
161,110.44,19,110.45,08:40:31.579223650
161,110.44,20,110.45,08:40:31.581981369
161,110.44,21,110.45,08:40:31.582141514
161,110.44,20,110.45,08:40:31.582381453
161,110.44,19,110.45,08:40:31.582454828
161,110.44,18,110.45,08:40:31.588910622
161,110.44,17,110.45,08:40:31.588910622
161,110.44,7,110.45,08:40:31.589035115
171,110.44,7,110.45,08:40:31.589174155
171,110.44,4,110.45,08:40:31.589174155
171,110.44,3,110.45,08:40:31.589191845
189,110.44,3,110.45,08:40:31.589462180
193,110.44,3,110.45,08:40:31.589575255
197,110.44,3,110.45,08:40:31.589872045
195,110.44,3,110.45,08:40:31.590320922
191,110.44,3,110.45,08:40:31.591287593
181,110.44,3,110.45,08:40:31.591451301
183,110.44,3,110.45,08:40:31.592008047
185,110.44,3,110.45,08:40:31.592529512
183,110.44,3,110.45,08:40:31.593865303
181,110.44,3,110.45,08:40:31.594330106
181,110.44,7,110.45,08:40:31.597997692
181,110.44,8,110.45,08:40:31.598171797
179,110.44,8,110.45,08:40:31.598284826
161,110.44,8,110.45,08:40:31.598467009
161,110.44,9,110.45,08:40:31.598532398
163,110.44,9,110.45,08:40:31.885473329
181,110.44,9,110.45,08:40:31.885668773
185,110.44,9,110.45,08:40:31.898611724
189,110.44,9,110.45,08:40:31.900469495
199,110.44,9,110.45,08:40:31.902562384
199,110.44,8,110.45,08:40:31.902707424
199,110.44,7,110.45,08:40:31.963449943
199,110.44,6,110.45,08:40:32.088260011
199,110.44,2,110.45,08:40:32.088591336
195,110.44,2,110.45,08:40:32.103712698
197,110.44,2,110.45,08:40:32.208555651
195,110.44,2,110.45,08:40:32.208911929
199,110.44,2,110.45,08:40:32.212389242
232,110.44,2,110.45,08:40:32.214551573
199,110.44,2,110.45,08:40:32.230489563
195,110.44,2,110.45,08:40:32.291529860
195,110.44,3,110.45,08:40:32.291689570
197,110.44,3,110.45,08:40:32.291909601
197,110.44,2,110.45,08:40:32.292065374
197,110.44,3,110.45,08:40:32.299256605
197,110.44,4,110.45,08:40:32.316261643
197,110.44,5,110.45,08:40:32.316368072
197,110.44,6,110.45,08:40:32.316441521
197,110.44,8,110.45,08:40:32.316833379
197,110.44,9,110.45,08:40:32.317053828
193,110.44,9,110.45,08:40:32.317135325
191,110.44,9,110.45,08:40:32.317458784
191,110.44,19,110.45,08:40:33.025077891
195,110.44,19,110.45,08:40:33.063731777
197,110.44,19,110.45,08:40:33.064116424
195,110.44,19,110.45,08:40:33.064712529
191,110.44,19,110.45,08:40:33.065101575
193,110.44,19,110.45,08:40:33.067675346
195,110.44,19,110.45,08:40:33.068046226
193,110.44,19,110.45,08:40:33.068812504
191,110.44,19,110.45,08:40:33.069150222
191,110.44,17,110.45,08:40:33.268462988
191,110.44,16,110.45,08:40:33.268462988
191,110.44,15,110.45,08:40:33.268558805
191,110.44,14,110.45,08:40:33.268558805
191,110.44,13,110.45,08:40:33.268578808
192,110.44,13,110.45,08:40:33.268837552
192,110.44,15,110.45,08:40:33.269051727
192,110.44,5,110.45,08:40:33.269051727
192,110.44,3,110.45,08:40:33.269179506
192,110.44,2,110.45,08:40:33.269207462
192,110.44,167,110.46,08:40:33.269207462
192,110.44,10,110.45,08:40:33.269207462
186,110.44,10,110.45,08:40:33.269207462
186,110.44,11,110.45,08:40:33.269335468
185,110.44,11,110.45,08:40:33.269335468
185,110.44,17,110.45,08:40:33.269354175
191,110.44,17,110.45,08:40:33.269354175
173,110.44,17,110.45,08:40:33.269687698
173,110.44,18,110.45,08:40:33.269687698
173,110.44,8,110.45,08:40:33.269711288
173,110.44,7,110.45,08:40:33.269711288
181,110.44,7,110.45,08:40:33.269801595
181,110.44,8,110.45,08:40:33.269942047
175,110.44,8,110.45,08:40:33.270069604
169,110.44,8,110.45,08:40:33.275317601
167,110.44,8,110.45,08:40:33.275624573
168,110.44,8,110.45,08:40:33.309982946
188,110.44,8,110.45,08:40:33.310166290
188,110.44,7,110.45,08:40:33.372778530
209,110.44,7,110.45,08:40:33.373086063
209,110.44,9,110.45,08:40:33.542132080
209,110.44,3,110.45,08:40:33.780785176
209,110.44,4,110.45,08:40:33.791027928
209,110.44,8,110.45,08:40:33.791153880
209,110.44,4,110.45,08:40:33.869657822
209,110.44,3,110.45,08:40:33.869814059
209,110.44,2,110.45,08:40:34.158061898
209,110.44,157,110.46,08:40:34.158210752
244,110.44,157,110.46,08:40:34.158380157
223,110.44,157,110.46,08:40:34.158502749
1,110.45,157,110.46,08:40:34.158801305
2,110.45,157,110.46,08:40:34.158801305
5,110.45,157,110.46,08:40:34.159050553
5,110.45,155,110.46,08:40:34.159050553
6,110.45,155,110.46,08:40:34.159346857
8,110.45,155,110.46,08:40:34.160078597
9,110.45,155,110.46,08:40:34.160096702
7,110.45,155,110.46,08:40:34.160573147
6,110.45,155,110.46,08:40:34.160666926
16,110.45,155,110.46,08:40:34.160920724
17,110.45,155,110.46,08:40:34.160968510
7,110.45,155,110.46,08:40:34.161294052
8,110.45,155,110.46,08:40:34.161294052
8,110.45,137,110.46,08:40:34.161294052
10,110.45,137,110.46,08:40:34.161375028
11,110.45,137,110.46,08:40:34.161613252
10,110.45,137,110.46,08:40:34.162150848
9,110.45,137,110.46,08:40:34.162150848
8,110.45,137,110.46,08:40:34.162574317
6,110.45,137,110.46,08:40:34.171188273
6,110.45,152,110.46,08:40:34.257847493
6,110.45,159,110.46,08:40:34.257950577
5,110.45,159,110.46,08:40:34.258423659
2,110.45,159,110.46,08:40:34.258926945
1,110.45,159,110.46,08:40:34.261378441
188,110.44,159,110.46,08:40:34.261497599
2,110.45,159,110.46,08:40:34.261737675
2,110.45,177,110.46,08:40:34.261737675
3,110.45,177,110.46,08:40:34.324521965
4,110.45,177,110.46,08:40:34.324717388
5,110.45,177,110.46,08:40:34.332094949
6,110.45,177,110.46,08:40:35.077356144
6,110.45,159,110.46,08:40:35.077664560
7,110.45,159,110.46,08:40:35.377012721
17,110.45,159,110.46,08:40:35.377291620
16,110.45,159,110.46,08:40:35.377291620
17,110.45,159,110.46,08:40:35.377468180
16,110.45,159,110.46,08:40:35.377873930
16,110.45,158,110.46,08:40:35.399593738
16,110.45,154,110.46,08:40:35.399593738
16,110.45,153,110.46,08:40:35.399788155
16,110.45,145,110.46,08:40:35.399813880
16,110.45,144,110.46,08:40:35.399813880
16,110.45,141,110.46,08:40:35.399813880
16,110.45,140,110.46,08:40:35.399813880
16,110.45,139,110.46,08:40:35.399837557
16,110.45,111,110.46,08:40:35.399837557
16,110.45,102,110.46,08:40:35.399837557
16,110.45,101,110.46,08:40:35.399837557
16,110.45,95,110.46,08:40:35.399837557
16,110.45,94,110.46,08:40:35.399837557
16,110.45,59,110.46,08:40:35.399837557
22,110.45,59,110.46,08:40:35.399975810
24,110.45,59,110.46,08:40:35.400077598
25,110.45,59,110.46,08:40:35.400092254
25,110.45,52,110.46,08:40:35.400326336
65,110.45,52,110.46,08:40:35.400326336
68,110.45,52,110.46,08:40:35.400326336
68,110.45,37,110.46,08:40:35.400523399
68,110.45,39,110.46,08:40:35.400523399
69,110.45,39,110.46,08:40:35.400523399
100,110.45,39,110.46,08:40:35.400724695
100,110.45,2,110.46,08:40:35.400741242
101,110.45,2,110.46,08:40:35.400786612
101,110.45,3,110.46,08:40:35.400786612
101,110.45,6,110.46,08:40:35.400786612
101,110.45,7,110.46,08:40:35.400786612
101,110.45,13,110.46,08:40:35.400786612
111,110.45,13,110.46,08:40:35.400932577
132,110.45,13,110.46,08:40:35.401167414
132,110.45,21,110.46,08:40:35.401388026
131,110.45,21,110.46,08:40:35.401409600
131,110.45,31,110.46,08:40:35.401426026
110,110.45,31,110.46,08:40:35.401803120
110,110.45,61,110.46,08:40:35.415473338
110,110.45,63,110.46,08:40:35.421436367
110,110.45,123,110.46,08:40:35.631081502
100,110.45,123,110.46,08:40:35.631293863
69,110.45,123,110.46,08:40:35.701399716
29,110.45,123,110.46,08:40:35.701399716
26,110.45,123,110.46,08:40:35.701684023
20,110.45,123,110.46,08:40:35.701684023
23,110.45,123,110.46,08:40:35.701859102
20,110.45,123,110.46,08:40:35.727162525
20,110.45,143,110.46,08:40:35.727357101
21,110.45,143,110.46,08:40:35.731016670
20,110.45,143,110.46,08:40:35.731234173
21,110.45,143,110.46,08:40:35.731492996
22,110.45,143,110.46,08:40:35.731563213
21,110.45,143,110.46,08:40:35.732205434
20,110.45,143,110.46,08:40:35.732377129
22,110.45,143,110.46,08:40:35.734582523
20,110.45,143,110.46,08:40:35.734817630
21,110.45,143,110.46,08:40:35.734929665
23,110.45,143,110.46,08:40:35.734999966
21,110.45,143,110.46,08:40:35.737324608
20,110.45,143,110.46,08:40:35.737392288
23,110.45,143,110.46,08:40:35.740158343
20,110.45,143,110.46,08:40:35.743946139
21,110.45,143,110.46,08:40:35.749727812
23,110.45,143,110.46,08:40:35.753168031
21,110.45,143,110.46,08:40:35.793298659
20,110.45,143,110.46,08:40:35.793450202
62,110.45,143,110.46,08:40:35.951383468
91,110.45,143,110.46,08:40:35.951594223
49,110.45,143,110.46,08:40:36.079298610
20,110.45,143,110.46,08:40:36.079358584
19,110.45,143,110.46,08:40:36.079545717
18,110.45,143,110.46,08:40:36.080847185
19,110.45,143,110.46,08:40:36.080960807
20,110.45,143,110.46,08:40:36.226857659
22,110.45,143,110.46,08:40:36.227339611
20,110.45,143,110.46,08:40:36.248445523
21,110.45,143,110.46,08:40:36.252417773
19,110.45,143,110.46,08:40:36.395627128
18,110.45,143,110.46,08:40:36.395736469
17,110.45,143,110.46,08:40:36.397882846
7,110.45,143,110.46,08:40:36.398138816
6,110.45,143,110.46,08:40:36.398255603
4,110.45,143,110.46,08:40:36.688935558
3,110.45,143,110.46,08:40:36.689133369
2,110.45,143,110.46,08:40:36.689133369
1,110.45,143,110.46,08:40:36.689153619
190,110.44,143,110.46,08:40:36.689153619
190,110.44,161,110.46,08:40:36.689153619
170,110.44,161,110.46,08:40:36.689375056
2,110.45,161,110.46,08:40:36.689475660
3,110.45,161,110.46,08:40:36.689552676
2,110.45,161,110.46,08:40:36.692987107
205,110.44,161,110.46,08:40:36.693058496
205,110.44,1,110.45,08:40:36.762889152
227,110.44,1,110.45,08:40:36.763158003
227,110.44,11,110.45,08:40:36.784199170
227,110.44,13,110.45,08:40:36.794007838
227,110.44,12,110.45,08:40:36.820627439
227,110.44,4,110.45,08:40:36.820691745
227,110.44,2,110.45,08:40:36.820861384
227,110.44,4,110.45,08:40:36.989717399
227,110.44,2,110.45,08:40:36.993064492
227,110.44,4,110.45,08:40:37.155398806
227,110.44,5,110.45,08:40:37.156167924
190,110.44,5,110.45,08:40:37.156167924
190,110.44,15,110.45,08:40:37.156274008
190,110.44,16,110.45,08:40:37.156343221
190,110.44,15,110.45,08:40:37.158251654
190,110.44,16,110.45,08:40:37.160305157
190,110.44,17,110.45,08:40:37.161636987
189,110.44,17,110.45,08:40:37.165613591
189,110.44,18,110.45,08:40:37.165908698
189,110.44,24,110.45,08:40:37.166014398
171,110.44,24,110.45,08:40:37.166203697
171,110.44,23,110.45,08:40:37.167677754
171,110.44,22,110.45,08:40:37.167748797
171,110.44,24,110.45,08:40:37.168883817
171,110.44,26,110.45,08:40:37.168994591
165,110.44,26,110.45,08:40:37.169296606
165,110.44,51,110.45,08:40:37.169441807
164,110.44,51,110.45,08:40:37.169513733
164,110.44,63,110.45,08:40:37.169662764
164,110.44,64,110.45,08:40:37.169682917
142,110.44,64,110.45,08:40:37.169945803
139,110.44,64,110.45,08:40:37.170086424
139,110.44,63,110.45,08:40:37.170086424
129,110.44,63,110.45,08:40:37.170282676
129,110.44,64,110.45,08:40:37.170567400
130,110.44,64,110.45,08:40:37.170584007
130,110.44,109,110.45,08:40:37.171227873
115,110.44,109,110.45,08:40:37.171227873
101,110.44,109,110.45,08:40:37.171537984
99,110.44,109,110.45,08:40:37.171537984
93,110.44,109,110.45,08:40:37.171537984
87,110.44,109,110.45,08:40:37.171656698
87,110.44,135,110.45,08:40:37.171684781
78,110.44,135,110.45,08:40:37.171684781
67,110.44,135,110.45,08:40:37.171684781
67,110.44,134,110.45,08:40:37.171684781
66,110.44,134,110.45,08:40:37.171684781
65,110.44,134,110.45,08:40:37.171684781
64,110.44,134,110.45,08:40:37.171684781
63,110.44,134,110.45,08:40:37.171864050
63,110.44,135,110.45,08:40:37.171973878
62,110.44,135,110.45,08:40:37.172095991
61,110.44,135,110.45,08:40:37.172287184
61,110.44,134,110.45,08:40:37.172386496
64,110.44,134,110.45,08:40:37.172386496
65,110.44,134,110.45,08:40:37.172640410
66,110.44,134,110.45,08:40:37.172715797
65,110.44,134,110.45,08:40:37.172911661
62,110.44,134,110.45,08:40:37.173071165
62,110.44,135,110.45,08:40:37.173144573
63,110.44,135,110.45,08:40:37.173257443
65,110.44,135,110.45,08:40:37.173343408
66,110.44,135,110.45,08:40:37.173428979
65,110.44,135,110.45,08:40:37.173762492
63,110.44,135,110.45,08:40:37.173833321
64,110.44,135,110.45,08:40:37.173975580
65,110.44,135,110.45,08:40:37.174050210
64,110.44,135,110.45,08:40:37.174515359
63,110.44,135,110.45,08:40:37.174592369
62,110.44,135,110.45,08:40:37.174592369
63,110.44,135,110.45,08:40:37.174738453
62,110.44,135,110.45,08:40:37.175131450
63,110.44,135,110.45,08:40:37.177177155
62,110.44,135,110.45,08:40:37.177319798
64,110.44,135,110.45,08:40:37.177536291
65,110.44,135,110.45,08:40:37.177673798
64,110.44,135,110.45,08:40:37.180495806
62,110.44,135,110.45,08:40:37.180567095
63,110.44,135,110.45,08:40:37.180664671
64,110.44,135,110.45,08:40:37.180809783
63,110.44,135,110.45,08:40:37.181266812
62,110.44,135,110.45,08:40:37.181424032
63,110.44,135,110.45,08:40:37.181976336
65,110.44,135,110.45,08:40:37.182218678
63,110.44,135,110.45,08:40:37.182559942
65,110.44,135,110.45,08:40:37.182722464
63,110.44,135,110.45,08:40:37.183557909
62,110.44,135,110.45,08:40:37.183631704
63,110.44,135,110.45,08:40:37.184096344
64,110.44,135,110.45,08:40:37.184750423
63,110.44,135,110.45,08:40:37.185121723
62,110.44,135,110.45,08:40:37.185451965
63,110.44,135,110.45,08:40:37.187345116
62,110.44,135,110.45,08:40:37.188746626
63,110.44,135,110.45,08:40:37.188924106
62,110.44,135,110.45,08:40:37.189109544
63,110.44,135,110.45,08:40:37.189905719
64,110.44,135,110.45,08:40:37.189976231
65,110.44,135,110.45,08:40:37.190049175
64,110.44,135,110.45,08:40:37.190565430
65,110.44,135,110.45,08:40:37.191148071
64,110.44,135,110.45,08:40:37.191909168
63,110.44,135,110.45,08:40:37.192159756
62,110.44,135,110.45,08:40:37.192239518
63,110.44,135,110.45,08:40:37.193318300
62,110.44,135,110.45,08:40:37.193543883
64,110.44,135,110.45,08:40:37.194969617
65,110.44,135,110.45,08:40:37.195078554
64,110.44,135,110.45,08:40:37.195763024
65,110.44,135,110.45,08:40:37.196267453
65,110.44,90,110.45,08:40:37.199276842
65,110.44,64,110.45,08:40:37.199276842
66,110.44,64,110.45,08:40:37.202622632
76,110.44,64,110.45,08:40:37.203314634
77,110.44,64,110.45,08:40:37.203478628
77,110.44,39,110.45,08:40:37.205633123
77,110.44,27,110.45,08:40:37.205633123
87,110.44,27,110.45,08:40:37.206021017
87,110.44,21,110.45,08:40:37.209570432
87,110.44,19,110.45,08:40:37.211255670
87,110.44,18,110.45,08:40:37.222743201
87,110.44,16,110.45,08:40:37.224343891
87,110.44,15,110.45,08:40:37.224551919
87,110.44,5,110.45,08:40:37.225978693
87,110.44,6,110.45,08:40:37.229018304
87,110.44,7,110.45,08:40:37.229255484
87,110.44,8,110.45,08:40:37.230077852
87,110.44,18,110.45,08:40:37.230207625
87,110.44,19,110.45,08:40:37.247386025
87,110.44,18,110.45,08:40:37.248209273
159,110.44,18,110.45,08:40:37.271324312
159,110.44,17,110.45,08:40:37.271499654
159,110.44,16,110.45,08:40:37.271580335
159,110.44,15,110.45,08:40:37.271580335
159,110.44,18,110.45,08:40:37.316671479
159,110.44,20,110.45,08:40:37.316757773
159,110.44,26,110.45,08:40:37.316895251
159,110.44,27,110.45,08:40:37.317388428
159,110.44,52,110.45,08:40:37.317404499
159,110.44,64,110.45,08:40:37.317478854
149,110.44,64,110.45,08:40:37.317746867
149,110.44,63,110.45,08:40:37.317829567
149,110.44,64,110.45,08:40:37.323775704
149,110.44,63,110.45,08:40:37.323964708
149,110.44,64,110.45,08:40:37.328212606
149,110.44,63,110.45,08:40:37.330701850
149,110.44,64,110.45,08:40:37.350731266
149,110.44,63,110.45,08:40:37.354940489
149,110.44,64,110.45,08:40:37.413467614
149,110.44,63,110.45,08:40:37.421126165
149,110.44,64,110.45,08:40:37.443040911
149,110.44,63,110.45,08:40:37.452604249
149,110.44,64,110.45,08:40:37.511455994
149,110.44,63,110.45,08:40:37.613675773
149,110.44,61,110.45,08:40:37.747464026
149,110.44,49,110.45,08:40:37.747667652
149,110.44,24,110.45,08:40:37.747745719
149,110.44,25,110.45,08:40:37.747850714
149,110.44,27,110.45,08:40:37.789184020
149,110.44,26,110.45,08:40:37.818035466
149,110.44,20,110.45,08:40:37.822413386
149,110.44,17,110.45,08:40:37.822603725
168,110.44,17,110.45,08:40:37.822693799
186,110.44,17,110.45,08:40:37.822782777
186,110.44,19,110.45,08:40:37.825105839
186,110.44,20,110.45,08:40:37.825954328
186,110.44,19,110.45,08:40:37.826186964
186,110.44,17,110.45,08:40:37.826758829
168,110.44,17,110.45,08:40:37.826827703
149,110.44,17,110.45,08:40:37.826915033
149,110.44,18,110.45,08:40:37.827192655
149,110.44,24,110.45,08:40:38.098782619
149,110.44,48,110.45,08:40:39.246341896
149,110.44,61,110.45,08:40:39.246406831
149,110.44,62,110.45,08:40:39.248037175
149,110.44,61,110.45,08:40:39.248220522
149,110.44,62,110.45,08:40:39.251535422
149,110.44,61,110.45,08:40:39.312881524
149,110.44,37,110.45,08:40:39.313077396
149,110.44,24,110.45,08:40:39.313145863
149,110.44,25,110.45,08:40:39.316727749
149,110.44,24,110.45,08:40:39.317218984
149,110.44,26,110.45,08:40:39.357841436
149,110.44,24,110.45,08:40:39.769553594
149,110.44,18,110.45,08:40:39.769697466
149,110.44,24,110.45,08:40:39.787878004
149,110.44,26,110.45,08:40:39.787899476
149,110.44,50,110.45,08:40:39.787899476
149,110.44,51,110.45,08:40:39.787899476
149,110.44,97,110.45,08:40:39.788151767
77,110.44,97,110.45,08:40:39.788151767
77,110.44,110,110.45,08:40:39.788208346
67,110.44,110,110.45,08:40:39.788607613
67,110.44,135,110.45,08:40:39.788826611
67,110.44,89,110.45,08:40:39.798547734
67,110.44,64,110.45,08:40:39.798613818
77,110.44,64,110.45,08:40:39.799253628
87,110.44,64,110.45,08:40:39.801622875
127,110.44,64,110.45,08:40:39.899198472
159,110.44,64,110.45,08:40:39.899260756
159,110.44,63,110.45,08:40:39.899365956
159,110.44,64,110.45,08:40:40.516475369
159,110.44,63,110.45,08:40:40.527152578
159,110.44,64,110.45,08:40:40.562809235
149,110.44,64,110.45,08:40:40.753990578
109,110.44,64,110.45,08:40:40.764654897
109,110.44,112,110.45,08:40:40.764739345
77,110.44,112,110.45,08:40:40.764759684
76,110.44,112,110.45,08:40:40.764810749
66,110.44,112,110.45,08:40:40.764917201
65,110.44,112,110.45,08:40:40.765502912
63,110.44,112,110.45,08:40:40.765502912
63,110.44,135,110.45,08:40:40.765817021
61,110.44,135,110.45,08:40:40.766011666
58,110.44,135,110.45,08:40:40.766011666
57,110.44,135,110.45,08:40:40.766292018
57,110.44,137,110.45,08:40:40.766292018
57,110.44,139,110.45,08:40:40.766390866
58,110.44,139,110.45,08:40:40.766390866
57,110.44,139,110.45,08:40:40.766408991
58,110.44,139,110.45,08:40:40.766607334
59,110.44,139,110.45,08:40:40.766706658
60,110.44,139,110.45,08:40:40.766721151
61,110.44,139,110.45,08:40:40.766797404
62,110.44,139,110.45,08:40:40.766797404
63,110.44,139,110.45,08:40:40.766989420
62,110.44,139,110.45,08:40:40.767176716
63,110.44,139,110.45,08:40:40.767506600
62,110.44,139,110.45,08:40:40.768757099
61,110.44,139,110.45,08:40:40.774786214
60,110.44,139,110.45,08:40:40.787446567
59,110.44,139,110.45,08:40:40.787446567
58,110.44,139,110.45,08:40:40.787446567
57,110.44,139,110.45,08:40:40.787468775
56,110.44,139,110.45,08:40:40.787933446
55,110.44,139,110.45,08:40:40.787933446
41,110.44,139,110.45,08:40:40.787949279
41,110.44,153,110.45,08:40:40.788086527
41,110.44,171,110.45,08:40:40.788086527
40,110.44,171,110.45,08:40:40.788101103
40,110.44,178,110.45,08:40:40.788101103
4,110.44,178,110.45,08:40:40.788487420
3,110.44,178,110.45,08:40:40.788487420
164,110.43,178,110.45,08:40:40.788487420
155,110.43,178,110.45,08:40:40.788576246
152,110.43,178,110.45,08:40:40.788604021
168,110.43,178,110.45,08:40:40.788604021
171,110.43,178,110.45,08:40:40.788753011
172,110.43,178,110.45,08:40:40.788753011
173,110.43,178,110.45,08:40:40.788772072
173,110.43,2,110.44,08:40:40.788772072
179,110.43,2,110.44,08:40:40.788772072
159,110.43,2,110.44,08:40:40.788981042
159,110.43,165,110.45,08:40:40.791717994
159,110.43,1,110.44,08:40:40.792079319
159,110.43,2,110.44,08:40:40.792157581
180,110.43,2,110.44,08:40:40.792338163
200,110.43,2,110.44,08:40:40.792695858
200,110.43,6,110.44,08:40:40.795136216
180,110.43,6,110.44,08:40:40.795720983
180,110.43,5,110.44,08:40:40.796399792
180,110.43,6,110.44,08:40:40.798669977
180,110.43,8,110.44,08:40:40.802285852
180,110.43,10,110.44,08:40:40.802285852
143,110.43,10,110.44,08:40:40.802675960
143,110.43,20,110.44,08:40:40.802788383
143,110.43,21,110.44,08:40:40.802806827
143,110.43,22,110.44,08:40:40.802947198
143,110.43,21,110.44,08:40:40.803459016
143,110.43,20,110.44,08:40:40.805331076
143,110.43,21,110.44,08:40:40.805618138
143,110.43,20,110.44,08:40:40.805963437
143,110.43,21,110.44,08:40:40.806135215
143,110.43,22,110.44,08:40:40.806204841
143,110.43,24,110.44,08:40:40.806738319
143,110.43,23,110.44,08:40:40.806990598
143,110.43,22,110.44,08:40:40.807816555
143,110.43,20,110.44,08:40:40.809380385
143,110.43,21,110.44,08:40:40.811095628
143,110.43,20,110.44,08:40:40.811460514
143,110.43,21,110.44,08:40:40.811672098
143,110.43,20,110.44,08:40:40.811860591
143,110.43,21,110.44,08:40:40.815977467
143,110.43,22,110.44,08:40:40.816173474
143,110.43,23,110.44,08:40:40.816440245
143,110.43,29,110.44,08:40:40.816511733
143,110.43,30,110.44,08:40:40.816673842
143,110.43,29,110.44,08:40:40.816739295
143,110.43,23,110.44,08:40:40.817312574
143,110.43,22,110.44,08:40:40.817328887
143,110.43,21,110.44,08:40:40.817328887
143,110.43,20,110.44,08:40:40.817413528
143,110.43,21,110.44,08:40:40.819420905
143,110.43,22,110.44,08:40:40.819556464
143,110.43,21,110.44,08:40:40.819700902
143,110.43,20,110.44,08:40:40.819777177
143,110.43,22,110.44,08:40:40.819933356
143,110.43,23,110.44,08:40:40.820007916
143,110.43,22,110.44,08:40:40.820226364
143,110.43,20,110.44,08:40:40.820484889
143,110.43,21,110.44,08:40:40.820854953
143,110.43,22,110.44,08:40:40.821248706
143,110.43,21,110.44,08:40:40.821389147
143,110.43,22,110.44,08:40:40.821525650
143,110.43,23,110.44,08:40:40.821591643
143,110.43,24,110.44,08:40:40.821698677
143,110.43,23,110.44,08:40:40.821769403
143,110.43,22,110.44,08:40:40.821930693
143,110.43,21,110.44,08:40:40.822011963
143,110.43,20,110.44,08:40:40.822255034
143,110.43,19,110.44,08:40:40.822501953
143,110.43,15,110.44,08:40:40.822577601
143,110.43,14,110.44,08:40:40.822577601
143,110.43,15,110.44,08:40:40.824184841
143,110.43,17,110.44,08:40:40.824251801
143,110.43,18,110.44,08:40:40.824446054
143,110.43,19,110.44,08:40:40.824657084
143,110.43,20,110.44,08:40:40.824723107
143,110.43,21,110.44,08:40:40.824825154
143,110.43,20,110.44,08:40:40.826386993
143,110.43,19,110.44,08:40:40.828079165
143,110.43,17,110.44,08:40:40.828160064
143,110.43,16,110.44,08:40:40.828160064
143,110.43,15,110.44,08:40:40.828160064
143,110.43,14,110.44,08:40:40.828225315
143,110.43,15,110.44,08:40:40.829261378
143,110.43,13,110.44,08:40:40.829346857
143,110.43,14,110.44,08:40:40.829485756
143,110.43,15,110.44,08:40:40.829580601
143,110.43,16,110.44,08:40:40.829580601
143,110.43,17,110.44,08:40:40.829652002
143,110.43,19,110.44,08:40:40.829725579
143,110.43,20,110.44,08:40:40.829819627
143,110.43,22,110.44,08:40:40.829836305
143,110.43,23,110.44,08:40:40.829896120
143,110.43,22,110.44,08:40:40.829968527
143,110.43,23,110.44,08:40:40.830038709
143,110.43,22,110.44,08:40:40.830218690
143,110.43,23,110.44,08:40:40.832625846
143,110.43,24,110.44,08:40:40.833253523
143,110.43,23,110.44,08:40:40.834266933
143,110.43,22,110.44,08:40:40.834536453
143,110.43,21,110.44,08:40:40.834646456
143,110.43,23,110.44,08:40:40.835384830
143,110.43,24,110.44,08:40:40.835562216
143,110.43,22,110.44,08:40:40.838328242
143,110.43,24,110.44,08:40:40.838658037
143,110.43,22,110.44,08:40:40.840536727
143,110.43,23,110.44,08:40:40.840672177
143,110.43,22,110.44,08:40:40.841879689
143,110.43,23,110.44,08:40:40.842179644
143,110.43,24,110.44,08:40:40.846068138
143,110.43,23,110.44,08:40:40.847843455
143,110.43,24,110.44,08:40:40.850025744
143,110.43,25,110.44,08:40:40.856106959
143,110.43,31,110.44,08:40:40.858152675
122,110.43,31,110.44,08:40:40.859241696
122,110.43,25,110.44,08:40:40.867177633
122,110.43,24,110.44,08:40:40.867344596
122,110.43,25,110.44,08:40:40.868347523
122,110.43,24,110.44,08:40:40.872313276
122,110.43,23,110.44,08:40:40.874151397
122,110.43,22,110.44,08:40:40.874477074
122,110.43,21,110.44,08:40:40.888635963
142,110.43,21,110.44,08:40:40.971257967
142,110.43,20,110.44,08:40:41.028239818
163,110.43,20,110.44,08:40:41.028465242
163,110.43,19,110.44,08:40:41.028546630
163,110.43,20,110.44,08:40:41.030458913
163,110.43,19,110.44,08:40:41.084037871
163,110.43,18,110.44,08:40:41.084180254
163,110.43,16,110.44,08:40:41.084483509
163,110.43,15,110.44,08:40:41.084561815
163,110.43,14,110.44,08:40:41.084652270
200,110.43,14,110.44,08:40:41.084669470
200,110.43,13,110.44,08:40:41.084669470
200,110.43,11,110.44,08:40:41.085690487
200,110.43,17,110.44,08:40:41.189411730
163,110.43,17,110.44,08:40:41.192202580
163,110.43,18,110.44,08:40:41.194185762
163,110.43,20,110.44,08:40:41.195040430
163,110.43,21,110.44,08:40:41.195055157
163,110.43,23,110.44,08:40:41.195055157
163,110.43,21,110.44,08:40:41.195718622
163,110.43,27,110.44,08:40:41.196599457
163,110.43,49,110.44,08:40:41.197375603
163,110.43,64,110.44,08:40:41.197393785
142,110.43,64,110.44,08:40:41.198269433
124,110.43,64,110.44,08:40:41.198386006
121,110.43,64,110.44,08:40:41.198402860
121,110.43,82,110.44,08:40:41.198573478
113,110.43,82,110.44,08:40:41.198573478
113,110.43,64,110.44,08:40:41.198848949
93,110.43,64,110.44,08:40:41.199098551
93,110.43,65,110.44,08:40:41.205769297
93,110.43,66,110.44,08:40:41.248573074
93,110.43,67,110.44,08:40:41.348431188
87,110.43,67,110.44,08:40:41.353288864
86,110.43,67,110.44,08:40:41.359012192
87,110.43,67,110.44,08:40:41.383037253
87,110.43,66,110.44,08:40:41.457735390
87,110.43,65,110.44,08:40:41.468445478
87,110.43,66,110.44,08:40:41.698890469
87,110.43,67,110.44,08:40:41.703202821
86,110.43,67,110.44,08:40:41.707787393
85,110.43,67,110.44,08:40:41.722656959
86,110.43,67,110.44,08:40:41.722980347
85,110.43,67,110.44,08:40:41.727220539
84,110.43,67,110.44,08:40:41.727480440
85,110.43,67,110.44,08:40:41.730962466
84,110.43,67,110.44,08:40:41.797185748
85,110.43,67,110.44,08:40:41.797740564
84,110.43,67,110.44,08:40:41.827982383
85,110.43,67,110.44,08:40:41.829510884
84,110.43,67,110.44,08:40:41.831787138
84,110.43,109,110.44,08:40:41.840842319
84,110.43,139,110.44,08:40:41.841939556
85,110.43,139,110.44,08:40:41.885302624
84,110.43,139,110.44,08:40:41.889811165
85,110.43,139,110.44,08:40:42.253280722
84,110.43,139,110.44,08:40:42.253580888
85,110.43,139,110.44,08:40:42.435190412
86,110.43,139,110.44,08:40:42.435332725
87,110.43,139,110.44,08:40:42.436398368
87,110.43,97,110.44,08:40:42.437606272
87,110.43,67,110.44,08:40:42.437675469
88,110.43,67,110.44,08:40:42.437799472
88,110.43,66,110.44,08:40:42.437882940
88,110.43,65,110.44,08:40:42.438760226
88,110.43,64,110.44,08:40:42.440693803
88,110.43,65,110.44,08:40:42.451627732
88,110.43,67,110.44,08:40:42.455673345
88,110.43,65,110.44,08:40:42.571715273
88,110.43,66,110.44,08:40:42.689573385
88,110.43,67,110.44,08:40:42.692472061
88,110.43,66,110.44,08:40:42.909698647
88,110.43,65,110.44,08:40:42.920976930
88,110.43,50,110.44,08:40:42.920976930
88,110.43,49,110.44,08:40:42.921053016
88,110.43,43,110.44,08:40:42.921053016
88,110.43,21,110.44,08:40:42.921188412
98,110.43,21,110.44,08:40:42.921188412
98,110.43,24,110.44,08:40:42.921414831
100,110.43,24,110.44,08:40:42.921764238
102,110.43,24,110.44,08:40:42.922099575
98,110.43,24,110.44,08:40:42.922476823
98,110.43,22,110.44,08:40:42.949916353
98,110.43,19,110.44,08:40:42.950339086
106,110.43,19,110.44,08:40:42.950490490
116,110.43,19,110.44,08:40:42.950832841
116,110.43,20,110.44,08:40:42.951001873
116,110.43,21,110.44,08:40:42.951458221
98,110.43,21,110.44,08:40:42.951560063
98,110.43,22,110.44,08:40:42.951681744
98,110.43,21,110.44,08:40:42.952273734
98,110.43,20,110.44,08:40:42.952356015
98,110.43,19,110.44,08:40:42.952356015
98,110.43,20,110.44,08:40:42.952479276
98,110.43,19,110.44,08:40:42.953352485
98,110.43,20,110.44,08:40:42.955214093
98,110.43,19,110.44,08:40:42.955746570
98,110.43,18,110.44,08:40:42.956738723
135,110.43,18,110.44,08:40:42.959578852
135,110.43,12,110.44,08:40:42.959869552
135,110.43,11,110.44,08:40:42.960169593
156,110.43,11,110.44,08:40:42.960230506
156,110.43,2,110.44,08:40:42.961513718
156,110.43,3,110.44,08:40:42.962323026
156,110.43,2,110.44,08:40:42.962393759
156,110.43,3,110.44,08:40:42.964995831
156,110.43,2,110.44,08:40:42.966342003
156,110.43,3,110.44,08:40:42.966633974
156,110.43,2,110.44,08:40:42.966862550
156,110.43,12,110.44,08:40:42.966862550
156,110.43,13,110.44,08:40:42.967591093
156,110.43,14,110.44,08:40:42.967733355
156,110.43,13,110.44,08:40:42.968225056
156,110.43,14,110.44,08:40:42.970017549
156,110.43,15,110.44,08:40:42.970129194
119,110.43,15,110.44,08:40:42.970203984
119,110.43,18,110.44,08:40:42.970456797
119,110.43,19,110.44,08:40:42.977799188
119,110.43,18,110.44,08:40:43.028407421
119,110.43,15,110.44,08:40:43.028497656
119,110.43,14,110.44,08:40:43.028497656
119,110.43,13,110.44,08:40:43.028514885
119,110.43,12,110.44,08:40:43.028514885
119,110.43,2,110.44,08:40:43.029368160
119,110.43,3,110.44,08:40:43.032701706
119,110.43,4,110.44,08:40:43.035498803
119,110.43,6,110.44,08:40:43.035603871
119,110.43,16,110.44,08:40:43.035674758
119,110.43,17,110.44,08:40:43.035674758
119,110.43,18,110.44,08:40:43.039993513
119,110.43,19,110.44,08:40:43.040126563
119,110.43,18,110.44,08:40:43.166737845
119,110.43,17,110.44,08:40:43.166803774
119,110.43,7,110.44,08:40:43.166916036
139,110.43,7,110.44,08:40:43.167924922
139,110.43,9,110.44,08:40:43.246629793
139,110.43,19,110.44,08:40:43.247432537
119,110.43,19,110.44,08:40:43.248152601
119,110.43,21,110.44,08:40:43.281197342
119,110.43,27,110.44,08:40:43.281197342
119,110.43,28,110.44,08:40:43.281399231
119,110.43,26,110.44,08:40:43.281592492
119,110.43,20,110.44,08:40:43.281607074
119,110.43,19,110.44,08:40:43.281688117
119,110.43,18,110.44,08:40:43.718242732
119,110.43,20,110.44,08:40:44.070969816
119,110.43,18,110.44,08:40:44.071134063
119,110.43,16,110.44,08:40:44.073147487
119,110.43,6,110.44,08:40:44.077858525
119,110.43,5,110.44,08:40:44.078013024
119,110.43,4,110.44,08:40:44.081401825
119,110.43,2,110.44,08:40:44.081578264
138,110.43,2,110.44,08:40:44.081650427
156,110.43,2,110.44,08:40:44.081721643
156,110.43,1,110.44,08:40:44.081876465
176,110.43,1,110.44,08:40:44.082187020
176,110.43,3,110.44,08:40:44.131525926
176,110.43,13,110.44,08:40:44.131790409
172,110.43,13,110.44,08:40:44.132275656
172,110.43,14,110.44,08:40:44.132478424
154,110.43,14,110.44,08:40:44.132622556
135,110.43,14,110.44,08:40:44.132705527
119,110.43,14,110.44,08:40:44.132705527
119,110.43,15,110.44,08:40:44.134997607
119,110.43,16,110.44,08:40:44.135440826
119,110.43,18,110.44,08:40:44.135515357
119,110.43,19,110.44,08:40:44.167609070
119,110.43,18,110.44,08:40:44.167783889
119,110.43,17,110.44,08:40:44.171233810
119,110.43,18,110.44,08:40:44.172681585
119,110.43,17,110.44,08:40:44.291846282
119,110.43,18,110.44,08:40:44.571144039
119,110.43,19,110.44,08:40:44.571288659
119,110.43,18,110.44,08:40:44.640574673
119,110.43,17,110.44,08:40:44.640737345
119,110.43,16,110.44,08:40:44.885517096
119,110.43,15,110.44,08:40:44.885601682
119,110.43,13,110.44,08:40:44.885601682
119,110.43,3,110.44,08:40:44.885852973
139,110.43,3,110.44,08:40:44.885955665
156,110.43,3,110.44,08:40:44.885955665
156,110.43,1,110.44,08:40:44.886199611
176,110.43,1,110.44,08:40:44.886672365
194,110.43,1,110.44,08:40:44.908199004
194,110.43,155,110.45,08:40:44.923021707
200,110.43,155,110.45,08:40:44.923165557
200,110.43,156,110.45,08:40:45.098760183
6,110.44,156,110.45,08:40:45.975188399
16,110.44,156,110.45,08:40:45.975308574
16,110.44,138,110.45,08:40:45.975612965
19,110.44,138,110.45,08:40:45.975632472
21,110.44,138,110.45,08:40:45.975632472
31,110.44,138,110.45,08:40:45.975632472
31,110.44,155,110.45,08:40:45.975835358
32,110.44,155,110.45,08:40:45.975850926
30,110.44,155,110.45,08:40:45.975946667
30,110.44,138,110.45,08:40:45.977635130
20,110.44,138,110.45,08:40:46.021652812
19,110.44,138,110.45,08:40:46.164131552
20,110.44,138,110.45,08:40:46.164910214
17,110.44,138,110.45,08:40:46.168539476
18,110.44,138,110.45,08:40:46.169159053
19,110.44,138,110.45,08:40:46.169328288
18,110.44,138,110.45,08:40:46.173963133
17,110.44,138,110.45,08:40:46.174165743
16,110.44,138,110.45,08:40:46.174180607
17,110.44,138,110.45,08:40:46.174638377
18,110.44,138,110.45,08:40:46.174765409
19,110.44,138,110.45,08:40:46.174829426
13,110.44,138,110.45,08:40:46.367306230
12,110.44,138,110.45,08:40:46.367326348
11,110.44,138,110.45,08:40:46.367326348
10,110.44,138,110.45,08:40:46.367326348
10,110.44,155,110.45,08:40:46.367736624
10,110.44,173,110.45,08:40:46.367839725
179,110.43,173,110.45,08:40:46.368145683
185,110.43,173,110.45,08:40:46.368342899
175,110.43,173,110.45,08:40:46.368436915
165,110.43,173,110.45,08:40:46.368782130
185,110.43,173,110.45,08:40:46.474962950
185,110.43,156,110.45,08:40:46.715589393
1,110.44,156,110.45,08:40:47.254066828
185,110.43,156,110.45,08:40:47.254291556
185,110.43,173,110.45,08:40:47.254351854
185,110.43,1,110.44,08:40:47.254508056
198,110.43,1,110.44,08:40:47.254775922
198,110.43,173,110.45,08:40:47.254857912
206,110.43,173,110.45,08:40:47.254857912
206,110.43,156,110.45,08:40:47.303818496
206,110.43,6,110.44,08:40:47.701963849
205,110.43,6,110.44,08:40:47.702599986
205,110.43,8,110.44,08:40:47.702599986
205,110.43,9,110.44,08:40:47.703058171
205,110.43,19,110.44,08:40:47.703058171
187,110.43,19,110.44,08:40:47.703058171
167,110.43,19,110.44,08:40:47.703549937
147,110.43,19,110.44,08:40:47.707225872
130,110.43,19,110.44,08:40:47.707251108
130,110.43,20,110.44,08:40:47.707328394
130,110.43,19,110.44,08:40:47.708747794
130,110.43,20,110.44,08:40:47.717056926
130,110.43,21,110.44,08:40:47.720258756
130,110.43,20,110.44,08:40:47.722823141
130,110.43,21,110.44,08:40:47.763720051
130,110.43,22,110.44,08:40:47.764302172
117,110.43,22,110.44,08:40:47.764593097
109,110.43,22,110.44,08:40:47.764593097
109,110.43,29,110.44,08:40:47.764722504
109,110.43,28,110.44,08:40:47.764844188
109,110.43,27,110.44,08:40:47.764844188
109,110.43,45,110.44,08:40:47.764921586
109,110.43,46,110.44,08:40:47.764921586
104,110.43,46,110.44,08:40:47.765026156
104,110.43,47,110.44,08:40:47.765026156
104,110.43,77,110.44,08:40:47.765042684
104,110.43,78,110.44,08:40:47.765411130
104,110.43,77,110.44,08:40:47.765411130
104,110.43,76,110.44,08:40:47.765430683
94,110.43,76,110.44,08:40:47.765430683
94,110.43,75,110.44,08:40:47.765522119
94,110.43,57,110.44,08:40:47.765599384
104,110.43,57,110.44,08:40:47.768059543
104,110.43,27,110.44,08:40:47.768321545
104,110.43,20,110.44,08:40:47.768427709
104,110.43,23,110.44,08:40:47.797627113
104,110.43,24,110.44,08:40:47.872252807
104,110.43,23,110.44,08:40:47.872497696
104,110.43,20,110.44,08:40:47.877631322
104,110.43,10,110.44,08:40:47.952068147
104,110.43,11,110.44,08:40:47.993453317
104,110.43,21,110.44,08:40:47.993605486
104,110.43,22,110.44,08:40:47.997263324
104,110.43,23,110.44,08:40:48.013918769
104,110.43,24,110.44,08:40:48.014057770
104,110.43,23,110.44,08:40:48.014240497
94,110.43,23,110.44,08:40:48.014315649
94,110.43,53,110.44,08:40:48.014510864
94,110.43,55,110.44,08:40:48.014599575
94,110.43,61,110.44,08:40:48.014613520
88,110.43,61,110.44,08:40:48.014613520
88,110.43,62,110.44,08:40:48.015436416
78,110.43,62,110.44,08:40:48.015620636
78,110.43,80,110.44,08:40:48.016537643
78,110.43,140,110.44,08:40:48.018074587
77,110.43,140,110.44,08:40:48.019326576
78,110.43,140,110.44,08:40:48.021349129
77,110.43,140,110.44,08:40:48.026793880
76,110.43,140,110.44,08:40:48.035073862
75,110.43,140,110.44,08:40:48.087133523
76,110.43,140,110.44,08:40:48.088270719
75,110.43,140,110.44,08:40:48.089799934
76,110.43,140,110.44,08:40:48.091952415
73,110.43,140,110.44,08:40:48.357465696
72,110.43,140,110.44,08:40:48.357465696
71,110.43,140,110.44,08:40:48.357532937
74,110.43,140,110.44,08:40:48.357673353
74,110.43,160,110.44,08:40:48.357752422
71,110.43,160,110.44,08:40:48.372630396
72,110.43,160,110.44,08:40:48.372935599
73,110.43,160,110.44,08:40:48.378463045
74,110.43,160,110.44,08:40:48.378635867
75,110.43,160,110.44,08:40:48.386098883
74,110.43,160,110.44,08:40:48.388140171
75,110.43,160,110.44,08:40:48.391234539
76,110.43,160,110.44,08:40:48.544114635
75,110.43,160,110.44,08:40:48.683129321
76,110.43,160,110.44,08:40:49.005622806
75,110.43,160,110.44,08:40:49.020539148
74,110.43,160,110.44,08:40:49.039999560
75,110.43,160,110.44,08:40:49.331459904
76,110.43,160,110.44,08:40:49.500198688
75,110.43,160,110.44,08:40:49.500346483
74,110.43,160,110.44,08:40:50.073687100
75,110.43,160,110.44,08:40:50.075713352
76,110.43,160,110.44,08:40:50.747181070
75,110.43,160,110.44,08:40:50.758681007
76,110.43,160,110.44,08:40:50.838719065
75,110.43,160,110.44,08:40:50.854927752
76,110.43,160,110.44,08:40:51.084549191
75,110.43,160,110.44,08:40:51.085388991
76,110.43,160,110.44,08:40:51.130262143
75,110.43,160,110.44,08:40:51.130483458
74,110.43,160,110.44,08:40:51.560902163
75,110.43,160,110.44,08:40:51.833617512
74,110.43,160,110.44,08:40:51.926180854
75,110.43,160,110.44,08:40:52.079908165
74,110.43,160,110.44,08:40:52.311820664
73,110.43,160,110.44,08:40:52.311892101
72,110.43,160,110.44,08:40:52.311962193
71,110.43,160,110.44,08:40:52.312030712
73,110.43,160,110.44,08:40:52.312107706
74,110.43,160,110.44,08:40:52.312182333
75,110.43,160,110.44,08:40:52.324771167
76,110.43,160,110.44,08:40:52.438222073
75,110.43,160,110.44,08:40:52.439209470
74,110.43,160,110.44,08:40:52.481440136
75,110.43,160,110.44,08:40:52.732358213
74,110.43,160,110.44,08:40:52.873247605
73,110.43,160,110.44,08:40:53.436265406
74,110.43,160,110.44,08:40:53.521699711
72,110.43,160,110.44,08:40:54.807099805
71,110.43,160,110.44,08:40:54.807099805
72,110.43,160,110.44,08:40:54.807505638
73,110.43,160,110.44,08:40:54.807635322
74,110.43,160,110.44,08:40:54.807779680
73,110.43,160,110.44,08:40:54.810453569
74,110.43,160,110.44,08:40:54.811161396
73,110.43,160,110.44,08:40:54.811846794
72,110.43,160,110.44,08:40:54.811917920
71,110.43,160,110.44,08:40:54.811917920
72,110.43,160,110.44,08:40:54.812354115
74,110.43,160,110.44,08:40:54.812498880
72,110.43,160,110.44,08:40:54.835851385
71,110.43,160,110.44,08:40:54.835923747
72,110.43,160,110.44,08:40:54.839988483
73,110.43,160,110.44,08:40:54.840127136
74,110.43,160,110.44,08:40:54.855413013
73,110.43,160,110.44,08:40:55.036731514
72,110.43,160,110.44,08:40:55.036731514
71,110.43,160,110.44,08:40:55.036794503
57,110.43,160,110.44,08:40:55.038522187
55,110.43,160,110.44,08:40:55.038522187
48,110.43,160,110.44,08:40:55.038522187
40,110.43,160,110.44,08:40:55.038622124
25,110.43,160,110.44,08:40:55.038622124
14,110.43,160,110.44,08:40:55.038641103
13,110.43,160,110.44,08:40:55.038641103
8,110.43,160,110.44,08:40:55.038641103
4,110.43,160,110.44,08:40:55.045436644
2,110.43,160,110.44,08:40:55.047072147
3,110.43,160,110.44,08:40:55.048308786
2,110.43,160,110.44,08:40:55.051662278
122,110.42,160,110.44,08:40:55.053748353
122,110.42,3,110.43,08:40:55.054243732
122,110.42,5,110.43,08:40:55.054504116
122,110.42,7,110.43,08:40:55.054573767
122,110.42,9,110.43,08:40:55.054590862
128,110.42,9,110.43,08:40:55.054698074
131,110.42,9,110.43,08:40:55.054942509
131,110.42,11,110.43,08:40:55.054962784
132,110.42,11,110.43,08:40:55.055100243
133,110.42,11,110.43,08:40:55.055118537
133,110.42,12,110.43,08:40:55.055118537
133,110.42,14,110.43,08:40:55.055133655
133,110.42,16,110.43,08:40:55.055154224
133,110.42,26,110.43,08:40:55.055168301
133,110.42,23,110.43,08:40:55.055359872
133,110.42,21,110.43,08:40:55.055401136
123,110.42,21,110.43,08:40:55.055401136
123,110.42,20,110.43,08:40:55.055497926
123,110.42,18,110.43,08:40:55.055594370
123,110.42,8,110.43,08:40:55.055704745
133,110.42,8,110.43,08:40:55.056278457
133,110.42,10,110.43,08:40:55.056398441
133,110.42,11,110.43,08:40:55.056550674
113,110.42,11,110.43,08:40:55.056645481
113,110.42,10,110.43,08:40:55.056719331
113,110.42,8,110.43,08:40:55.057487340
113,110.42,6,110.43,08:40:55.058024978
113,110.42,7,110.43,08:40:55.059769828
113,110.42,8,110.43,08:40:55.059850356
113,110.42,6,110.43,08:40:55.060605722
113,110.42,5,110.43,08:40:55.060869117
113,110.42,4,110.43,08:40:55.063153845
113,110.42,2,110.43,08:40:55.063265236
113,110.42,150,110.44,08:40:55.063406548
113,110.42,2,110.43,08:40:55.063766903
143,110.42,2,110.43,08:40:55.063866335
143,110.42,3,110.43,08:40:55.064038541
163,110.42,3,110.43,08:40:55.064128726
163,110.42,1,110.43,08:40:55.066927349
163,110.42,142,110.44,08:40:55.067100895
163,110.42,140,110.44,08:40:55.067446577
163,110.42,160,110.44,08:40:55.067561512
163,110.42,1,110.43,08:40:55.071466984
163,110.42,3,110.43,08:40:55.071844159
163,110.42,4,110.43,08:40:55.073570522
163,110.42,5,110.43,08:40:55.075088782
163,110.42,6,110.43,08:40:55.075221545
133,110.42,6,110.43,08:40:55.075486873
133,110.42,7,110.43,08:40:55.075682293
133,110.42,8,110.43,08:40:55.079175709
133,110.42,7,110.43,08:40:55.079431425
133,110.42,17,110.43,08:40:55.084955141
127,110.42,17,110.43,08:40:55.085589825
113,110.42,17,110.43,08:40:55.085952580
113,110.42,7,110.43,08:40:55.089485308
113,110.42,8,110.43,08:40:55.118231982
113,110.42,7,110.43,08:40:55.129357862
113,110.42,6,110.43,08:40:55.148806777
113,110.42,5,110.43,08:40:55.148870716
113,110.42,4,110.43,08:40:55.149036050
113,110.42,5,110.43,08:40:55.153527254
113,110.42,7,110.43,08:40:55.158639458
113,110.42,8,110.43,08:40:55.162319147
133,110.42,8,110.43,08:40:55.187861091
133,110.42,7,110.43,08:40:55.226081132
133,110.42,5,110.43,08:40:55.226105106
133,110.42,4,110.43,08:40:55.226384956
163,110.42,4,110.43,08:40:55.226668296
163,110.42,6,110.43,08:40:55.240292844
163,110.42,7,110.43,08:40:55.240436268
163,110.42,8,110.43,08:40:55.240542162
163,110.42,7,110.43,08:40:55.240614684
163,110.42,8,110.43,08:40:55.243733405
163,110.42,18,110.43,08:40:55.252296353
133,110.42,18,110.43,08:40:55.252296353
127,110.42,18,110.43,08:40:55.252657951
113,110.42,18,110.43,08:40:55.253012584
113,110.42,19,110.43,08:40:55.254410594
113,110.42,20,110.43,08:40:55.256430285
113,110.42,21,110.43,08:40:55.256835501
113,110.42,22,110.43,08:40:55.257253123
113,110.42,21,110.43,08:40:55.257700413
113,110.42,22,110.43,08:40:55.257836672
113,110.42,21,110.43,08:40:55.258702300
113,110.42,22,110.43,08:40:55.261272113
113,110.42,23,110.43,08:40:55.262992611
113,110.42,22,110.43,08:40:55.263144499
113,110.42,23,110.43,08:40:55.264886533
113,110.42,24,110.43,08:40:55.308892994
113,110.42,23,110.43,08:40:55.309049945
113,110.42,24,110.43,08:40:55.312098231
112,110.42,24,110.43,08:40:55.327076550
113,110.42,24,110.43,08:40:55.357096516
113,110.42,23,110.43,08:40:55.378000031
113,110.42,22,110.43,08:40:55.378237960
113,110.42,21,110.43,08:40:55.378237960
113,110.42,20,110.43,08:40:55.378384965
113,110.42,22,110.43,08:40:55.381794512
113,110.42,23,110.43,08:40:55.381900956
113,110.42,24,110.43,08:40:55.381973612
113,110.42,23,110.43,08:40:55.398037165
113,110.42,21,110.43,08:40:55.414554846
113,110.42,20,110.43,08:40:55.414696271
113,110.42,19,110.43,08:40:55.427347670
113,110.42,18,110.43,08:40:55.427422137
113,110.42,21,110.43,08:40:55.527573640
113,110.42,22,110.43,08:40:55.527719615
113,110.42,21,110.43,08:40:55.527883074
113,110.42,18,110.43,08:40:55.528991845
113,110.42,19,110.43,08:40:55.531293075
113,110.42,20,110.43,08:40:55.531506173
113,110.42,21,110.43,08:40:55.531929669
113,110.42,22,110.43,08:40:55.532080492
113,110.42,21,110.43,08:40:55.533383759
113,110.42,22,110.43,08:40:55.541717119
113,110.42,21,110.43,08:40:55.588817756
113,110.42,20,110.43,08:40:55.589001698
113,110.42,19,110.43,08:40:55.589087010
113,110.42,18,110.43,08:40:55.589087010
113,110.42,19,110.43,08:40:55.711580616
113,110.42,20,110.43,08:40:55.711975903
113,110.42,21,110.43,08:40:55.712120297
113,110.42,20,110.43,08:40:55.712274623
113,110.42,21,110.43,08:40:55.724142445
113,110.42,20,110.43,08:40:55.730116137
113,110.42,19,110.43,08:40:55.730257824
113,110.42,18,110.43,08:40:55.733436266
113,110.42,21,110.43,08:40:56.085625627
113,110.42,18,110.43,08:40:56.137497995
113,110.42,8,110.43,08:40:56.148030010
133,110.42,8,110.43,08:40:56.148756760
133,110.42,9,110.43,08:40:56.162166483
133,110.42,8,110.43,08:40:56.162301802
133,110.42,18,110.43,08:40:56.166442964
133,110.42,19,110.43,08:40:56.263152290
133,110.42,21,110.43,08:40:56.263226351
133,110.42,22,110.43,08:40:56.263310130
133,110.42,20,110.43,08:40:56.263462830
133,110.42,19,110.43,08:40:56.263681646
133,110.42,18,110.43,08:40:56.263754128
127,110.42,18,110.43,08:40:56.263866599
113,110.42,18,110.43,08:40:56.264245927
113,110.42,8,110.43,08:40:56.332415263
133,110.42,8,110.43,08:40:56.365234664
133,110.42,10,110.43,08:40:56.369361846
133,110.42,20,110.43,08:40:56.369583795
133,110.42,21,110.43,08:40:56.369583795
133,110.42,19,110.43,08:40:56.389666821
133,110.42,18,110.43,08:40:56.389822081
133,110.42,8,110.43,08:40:56.438503943
133,110.42,7,110.43,08:40:56.440714867
133,110.42,6,110.43,08:40:56.440945551
133,110.42,7,110.43,08:40:56.455451737
133,110.42,5,110.43,08:40:56.477258237
163,110.42,5,110.43,08:40:56.477498890
163,110.42,3,110.43,08:40:56.477611882
163,110.42,2,110.43,08:40:56.477699903
163,110.42,1,110.43,08:40:56.477699903
163,110.42,3,110.43,08:40:56.842840361
163,110.42,1,110.43,08:40:56.850800641
163,110.42,139,110.44,08:40:57.663818011
3,110.43,139,110.44,08:40:57.663931051
13,110.43,139,110.44,08:40:57.664003777
14,110.43,139,110.44,08:40:57.664003777
71,110.43,139,110.44,08:40:57.664556180
71,110.43,79,110.44,08:40:57.664556180
71,110.43,100,110.44,08:40:57.664556180
72,110.43,100,110.44,08:40:57.664556180
77,110.43,100,110.44,08:40:57.664777296
76,110.43,100,110.44,08:40:57.665059098
19,110.43,100,110.44,08:40:57.665222599
19,110.43,82,110.44,08:40:57.665222599
20,110.43,82,110.44,08:40:57.666172614
27,110.43,82,110.44,08:40:57.666390789
20,110.43,82,110.44,08:40:57.668482664
27,110.43,82,110.44,08:40:57.672695833
20,110.43,82,110.44,08:40:57.673490738
19,110.43,82,110.44,08:40:57.673955809
20,110.43,82,110.44,08:40:57.674482689
26,110.43,82,110.44,08:40:57.674499348
20,110.43,82,110.44,08:40:57.677560315
19,110.43,82,110.44,08:40:57.691702252
9,110.43,82,110.44,08:40:57.692080346
6,110.43,82,110.44,08:40:57.692099109
6,110.43,100,110.44,08:40:57.692099109
1,110.43,100,110.44,08:40:57.692281525
4,110.43,100,110.44,08:40:57.692386328
9,110.43,100,110.44,08:40:57.692504897
8,110.43,100,110.44,08:40:57.692595118
5,110.43,100,110.44,08:40:57.692614523
15,110.43,100,110.44,08:40:57.692683271
17,110.43,100,110.44,08:40:57.692936749
7,110.43,100,110.44,08:40:57.692936749
17,110.43,100,110.44,08:40:57.693011486
18,110.43,100,110.44,08:40:57.693236078
16,110.43,100,110.44,08:40:57.693236078
6,110.43,100,110.44,08:40:57.693364602
7,110.43,100,110.44,08:40:57.693514176
6,110.43,100,110.44,08:40:57.693609155
16,110.43,100,110.44,08:40:57.693626233
17,110.43,100,110.44,08:40:57.693845795
16,110.43,100,110.44,08:40:57.694184682
18,110.43,100,110.44,08:40:57.694424637
19,110.43,100,110.44,08:40:57.694656522
18,110.43,100,110.44,08:40:57.695188381
19,110.43,100,110.44,08:40:57.697633793
20,110.43,100,110.44,08:40:57.699920009
19,110.43,100,110.44,08:40:57.716847079
20,110.43,100,110.44,08:40:57.736280423
19,110.43,100,110.44,08:40:57.742494092
18,110.43,100,110.44,08:40:57.764092714
18,110.43,166,110.44,08:40:57.764259354
19,110.43,166,110.44,08:40:57.764329377
17,110.43,166,110.44,08:40:57.764405786
16,110.43,166,110.44,08:40:57.764475313
6,110.43,166,110.44,08:40:57.766132604
7,110.43,166,110.44,08:40:57.767830104
8,110.43,166,110.44,08:40:57.780030294
18,110.43,166,110.44,08:40:57.780179099
17,110.43,166,110.44,08:40:57.797690684
16,110.43,166,110.44,08:40:57.797761300
17,110.43,166,110.44,08:40:57.996062470
16,110.43,166,110.44,08:40:57.998941063
11,110.43,166,110.44,08:40:57.998941063
10,110.43,166,110.44,08:40:57.999113284
133,110.42,166,110.44,08:40:57.999400388
164,110.42,166,110.44,08:40:57.999629437
154,110.42,166,110.44,08:40:57.999804896
6,110.43,166,110.44,08:40:58.000041718
6,110.43,145,110.44,08:40:58.000041718
16,110.43,145,110.44,08:40:58.000125335
19,110.43,145,110.44,08:40:58.000291456
76,110.43,145,110.44,08:40:58.000380114
76,110.43,79,110.44,08:40:58.000380114
66,110.43,79,110.44,08:40:58.000551101
63,110.43,79,110.44,08:40:58.001188416
6,110.43,79,110.44,08:40:58.005039130
119,110.42,79,110.44,08:40:58.010027721
113,110.42,79,110.44,08:40:58.010651647
113,110.42,145,110.44,08:40:58.010665379
133,110.42,145,110.44,08:40:58.011169682
133,110.42,166,110.44,08:40:58.012231479
133,110.42,167,110.44,08:40:58.025629801
164,110.42,167,110.44,08:40:58.109053437
6,110.43,167,110.44,08:40:58.120908254
63,110.43,167,110.44,08:40:58.121107405
66,110.43,167,110.44,08:40:58.121212916
66,110.43,101,110.44,08:40:58.121395531
63,110.43,101,110.44,08:40:58.121692740
69,110.43,101,110.44,08:40:58.121692740
70,110.43,101,110.44,08:40:58.121692740
71,110.43,101,110.44,08:40:58.122032340
73,110.43,101,110.44,08:40:58.122032340
72,110.43,101,110.44,08:40:58.122032340
73,110.43,101,110.44,08:40:58.122256896
72,110.43,101,110.44,08:40:58.122342858
70,110.43,101,110.44,08:40:58.122342858
71,110.43,101,110.44,08:40:58.122469654
70,110.43,101,110.44,08:40:58.122583414
73,110.43,101,110.44,08:40:58.122655379
74,110.43,101,110.44,08:40:58.122901238
71,110.43,101,110.44,08:40:58.123263136
70,110.43,101,110.44,08:40:58.123418329
72,110.43,101,110.44,08:40:58.124059378
73,110.43,101,110.44,08:40:58.124167302
72,110.43,101,110.44,08:40:58.124320780
70,110.43,101,110.44,08:40:58.124531048
64,110.43,101,110.44,08:40:58.126294892
7,110.43,101,110.44,08:40:58.126664205
9,110.43,101,110.44,08:40:58.127176933
19,110.43,101,110.44,08:40:58.127252573
20,110.43,101,110.44,08:40:58.127470803
21,110.43,101,110.44,08:40:58.127717238
19,110.43,101,110.44,08:40:58.127717238
18,110.43,101,110.44,08:40:58.127717238
17,110.43,101,110.44,08:40:58.127861373
18,110.43,101,110.44,08:40:58.131777943
19,110.43,101,110.44,08:40:58.131960048
18,110.43,101,110.44,08:40:58.132203366
17,110.43,101,110.44,08:40:58.132342784
18,110.43,101,110.44,08:40:58.133242179
17,110.43,101,110.44,08:40:58.134370677
18,110.43,101,110.44,08:40:58.139636395
19,110.43,101,110.44,08:40:58.139786529
18,110.43,101,110.44,08:40:58.139887006
17,110.43,101,110.44,08:40:58.141206874
18,110.43,101,110.44,08:40:58.143637637
19,110.43,101,110.44,08:40:58.143732827
20,110.43,101,110.44,08:40:58.143811125
21,110.43,101,110.44,08:40:58.143880075
20,110.43,101,110.44,08:40:58.144546068
19,110.43,101,110.44,08:40:58.144619284
18,110.43,101,110.44,08:40:58.144686465
19,110.43,101,110.44,08:40:58.147889004
20,110.43,101,110.44,08:40:58.148123004
19,110.43,101,110.44,08:40:58.179466992
18,110.43,101,110.44,08:40:58.179566387
19,110.43,101,110.44,08:40:58.182151771
20,110.43,101,110.44,08:40:58.182254516
19,110.43,101,110.44,08:40:58.184221155
18,110.43,101,110.44,08:40:58.184287040
17,110.43,101,110.44,08:40:58.184356300
18,110.43,101,110.44,08:40:58.186661285
17,110.43,101,110.44,08:40:58.221703731
