price,volume,timestamp
110.45,1,08:40:00.297899401
110.45,1,08:40:00.298236803
110.45,1,08:40:00.300453537
110.45,1,08:40:02.753078930
110.45,1,08:40:19.401771116
110.45,1,08:40:19.402066396
110.45,1,08:40:24.480727033
110.45,1,08:40:24.481460841
110.45,3,08:40:25.914294798
110.45,2,08:40:33.268462988
110.45,1,08:40:33.268462988
110.45,1,08:40:33.268558805
110.45,1,08:40:33.268578808
110.45,2,08:40:33.269179506
110.45,2,08:40:33.269207462
110.45,1,08:40:33.269207462
110.45,2,08:40:34.158210752
110.46,1,08:40:35.399593738
110.46,4,08:40:35.399593738
110.46,1,08:40:35.399788155
110.46,1,08:40:35.399813880
110.46,8,08:40:35.399813880
110.46,3,08:40:35.399813880
110.46,9,08:40:35.399837557
110.46,1,08:40:35.399837557
110.46,35,08:40:35.399837557
110.46,6,08:40:35.399837557
110.46,28,08:40:35.399837557
110.45,1,08:40:36.820627439
110.45,8,08:40:36.820691745
110.45,2,08:40:37.747464026
110.44,2,08:40:40.766011666
110.44,3,08:40:40.766011666
110.44,1,08:40:40.787933446
110.44,14,08:40:40.787949279
110.44,3,08:40:40.788487420
110.44,1,08:40:40.788487420
110.44,36,08:40:40.788487420
110.44,1,08:40:41.028239818
110.44,1,08:40:44.923021707
110.44,1,08:40:47.254291556
110.43,2,08:40:55.053748353
110.43,1,08:40:57.663818011
110.43,1,08:40:57.692595118
110.43,3,08:40:57.692614523
110.43,1,08:41:06.426957364
110.42,1,08:41:10.122782157
110.42,9,08:41:10.122900514
110.42,4,08:41:10.122918825
110.42,2,08:41:10.122918825
110.42,7,08:41:10.122933893
110.42,18,08:41:10.122933893
110.42,5,08:41:10.122933893
110.43,1,08:41:10.670286340
110.43,6,08:41:10.670286340
110.43,3,08:41:10.672774441
110.43,1,08:41:10.672774441
110.43,2,08:41:10.673128092
110.43,1,08:41:10.916502546
110.43,1,08:41:12.939151380
110.43,1,08:41:13.725868682
110.43,1,08:41:16.548250528
110.43,1,08:41:16.548400468
110.44,2,08:41:22.734995195
110.44,2,08:41:22.799230958
110.44,1,08:41:22.799559914
110.44,2,08:41:32.014382863
110.45,2,08:41:35.035464510
110.45,2,08:41:40.203662865
110.46,2,08:41:52.566626627
110.46,1,08:41:52.566626627
110.46,1,08:41:52.566701869
110.46,3,08:41:52.566701869
110.46,1,08:41:53.537689066
110.46,3,08:41:56.182954041
110.46,1,08:41:56.183120953
110.46,1,08:41:56.183135212
110.46,10,08:41:56.183135212
110.46,2,08:41:56.183135212
110.46,1,08:41:56.183162700
110.46,1,08:42:01.578432987
110.46,1,08:42:03.117245300
110.46,1,08:42:03.124224337
110.46,1,08:42:03.826420631
110.47,1,08:42:22.147724035
110.47,4,08:42:22.147744288
110.47,1,08:42:22.147744288
110.47,8,08:42:36.211708838
110.47,21,08:42:36.211708838
110.47,1,08:42:36.211708838
110.47,1,08:42:36.211729266
110.47,1,08:42:36.213445119
110.47,1,08:42:36.213600402
110.47,3,08:42:36.213697330
110.47,1,08:42:36.213960731
110.47,4,08:42:37.054970198
110.47,1,08:42:37.055254103
110.47,1,08:42:37.055793076
110.47,10,08:42:41.637105879
110.47,1,08:42:41.637582769
110.47,1,08:42:42.473830364
110.47,1,08:42:42.474353252
110.47,7,08:42:44.402067312
110.47,1,08:42:46.931816872
110.48,1,08:42:49.669836634
110.48,1,08:42:49.680612031
110.48,1,08:42:49.680678927
110.47,1,08:42:52.896810123
110.47,4,08:42:52.896824040
110.47,1,08:42:52.896841045
110.47,1,08:42:52.896856469
110.47,1,08:42:52.896899005
110.47,2,08:42:52.897040459
110.47,6,08:42:52.915582370
110.47,1,08:42:52.923565617
110.47,1,08:42:52.923953065
110.47,1,08:42:52.927497324
110.47,1,08:42:52.931724233
110.48,1,08:43:28.527532818
110.48,1,08:43:28.527641592
110.48,1,08:43:28.527667263
110.48,13,08:43:28.527667263
110.48,2,08:43:28.527667263
110.48,18,08:43:28.528045727
110.48,13,08:43:28.528045727
110.48,5,08:43:28.528852555
110.48,9,08:43:28.528866395
110.48,3,08:43:28.528986574
110.48,40,08:43:28.529193829
110.48,3,08:43:28.529494676
110.48,6,08:43:28.529599079
110.48,8,08:43:28.529875463
110.48,14,08:43:28.530122254
110.48,2,08:43:28.530151313
110.48,5,08:43:28.530165079
110.48,1,08:43:28.530184097
110.48,14,08:43:28.530203892
110.48,7,08:43:28.672678106
110.48,3,08:43:33.729091780
110.48,2,08:43:33.729345271
110.48,2,08:43:33.730021223
110.48,1,08:43:33.730266298
110.48,2,08:43:33.730492870
110.48,8,08:43:33.739736457
110.48,2,08:43:33.739780569
110.48,2,08:43:33.739823257
110.48,3,08:43:33.749540489
110.48,3,08:43:33.750004213
110.48,3,08:43:33.750486696
110.48,3,08:43:33.751082535
110.48,2,08:43:33.754526648
110.48,88,08:43:51.852907327
110.48,32,08:43:51.853127305
110.48,13,08:43:51.853480451
110.48,6,08:43:51.853502287
110.48,1,08:43:51.853502287
110.48,43,08:43:51.853863868
110.48,2,08:43:52.683654479
110.48,1,08:43:52.700784658
110.48,2,08:43:53.354038571
110.48,4,08:43:53.357268988
110.48,1,08:43:53.357431365
110.48,3,08:43:54.378975866
110.48,1,08:43:54.379397985
110.48,79,08:43:54.379552388
110.48,17,08:43:54.379697440
110.48,1,08:43:54.379697440
110.48,6,08:43:54.379917674
110.48,4,08:43:54.380097297
110.48,48,08:43:54.380290884
110.48,1,08:43:54.380310694
110.48,5,08:43:54.380310694
110.49,8,08:43:56.097691035
110.49,8,08:43:56.097704802
110.49,8,08:43:56.097720636
110.49,2,08:43:56.097720636
110.48,1,08:43:56.098351381
110.49,1,08:43:56.099004581
110.49,1,08:44:00.305486490
110.49,1,08:44:00.305570097
110.49,3,08:44:00.305570097
110.49,6,08:44:00.305592874
110.49,3,08:44:00.305592874
110.49,10,08:44:00.306207399
110.49,2,08:44:00.306207399
110.49,6,08:44:00.306698628
110.49,10,08:44:00.306698628
110.49,6,08:44:00.306724954
110.49,1,08:44:00.306913191
110.49,1,08:44:00.307156697
110.49,1,08:44:00.307248310
110.49,3,08:44:00.307367827
110.49,1,08:44:00.307823974
110.49,20,08:44:00.307823974
110.49,1,08:44:00.340875217
110.49,25,08:44:00.340875217
110.49,2,08:44:00.981221828
110.49,3,08:44:01.009401554
110.49,5,08:44:01.577661862
110.49,2,08:44:01.578861265
110.49,1,08:44:01.578969953
110.49,1,08:44:01.579313651
110.49,1,08:44:01.579431498
110.49,1,08:44:03.001386728
110.49,1,08:44:03.001415205
110.49,6,08:44:03.002149868
110.49,7,08:44:03.002620325
110.49,2,08:44:03.002620325
110.49,2,08:44:03.005634111
110.49,2,08:44:03.005658985
110.49,1,08:44:03.005933250
110.49,1,08:44:03.020520085
110.49,1,08:44:03.020731777
110.49,1,08:44:03.062583682
110.49,50,08:44:03.062583682
110.49,2,08:44:04.775408497
110.49,1,08:44:04.775578389
110.49,2,08:44:04.775677419
110.49,4,08:44:04.778487829
110.49,1,08:44:04.778487829
110.49,1,08:44:06.010252444
110.49,1,08:44:06.010327478
110.5,1,08:44:07.970653379
110.5,1,08:44:09.137073824
110.5,1,08:44:09.137899455
110.5,1,08:44:10.105504970
110.49,1,08:44:15.001486490
110.5,1,08:44:15.383115630
110.5,2,08:44:15.385151958
110.5,1,08:44:15.393804693
110.5,2,08:44:15.690535882
110.5,5,08:44:15.753284858
110.5,4,08:44:15.879653791
110.5,112,08:44:17.225530683
110.5,1,08:44:17.225608478
110.5,37,08:44:17.225623083
110.5,150,08:44:17.225623083
110.5,5,08:44:17.226037791
110.5,1,08:44:17.418481995
110.5,6,08:44:17.443842917
110.5,8,08:44:17.443842917
110.5,6,08:44:17.443859589
110.5,2,08:44:17.444054990
110.5,2,08:44:17.444104200
110.5,1,08:44:17.444367789
110.5,97,08:44:17.444447198
110.5,6,08:44:17.444868532
110.5,23,08:44:17.444868532
110.5,2,08:44:18.770591907
110.5,2,08:44:18.770932589
110.5,1,08:44:18.781582795
110.5,62,08:44:21.644488575
110.5,18,08:44:21.644518729
110.5,86,08:44:21.644533546
110.5,30,08:44:21.644547974
110.5,80,08:44:21.644578988
110.5,84,08:44:21.753274531
110.5,8,08:44:22.727615323
110.5,50,08:44:22.727735611
110.5,1,08:44:22.727877834
110.5,82,08:44:22.727908395
110.5,24,08:44:22.727908395
110.5,6,08:44:22.728185780
110.5,2,08:44:22.728405706
110.5,2,08:44:22.728731552
110.5,1,08:44:22.729585190
110.51,1,08:44:22.775879384
110.51,8,08:44:22.865018021
110.51,1,08:44:22.865018021
110.5,120,08:44:23.738031891
110.5,29,08:44:23.738149305
110.5,10,08:44:23.738166425
110.5,3,08:44:23.738166425
110.5,13,08:44:23.738166425
110.5,6,08:44:23.738166425
110.51,1,08:44:23.804347953
110.51,1,08:44:24.153983232
110.51,1,08:44:24.154293104
110.51,2,08:44:24.258737829
110.51,1,08:44:24.940962273
110.51,1,08:44:24.941048876
110.51,1,08:44:25.390489708
110.51,1,08:44:27.252727066
110.51,8,08:44:27.252727066
110.51,1,08:44:27.253048257
110.51,1,08:44:27.253659438
110.51,2,08:44:27.344629246
110.51,1,08:44:27.344629246
110.51,16,08:44:27.345870426
110.51,1,08:44:27.345870426
110.51,1,08:44:27.346920982
110.51,1,08:44:27.348059743
110.51,1,08:44:27.349431171
110.51,16,08:44:27.764186424
110.51,6,08:44:27.764186424
110.51,1,08:44:27.764373608
110.51,1,08:44:27.764399615
110.51,4,08:44:27.764399615
110.51,18,08:44:27.764399615
110.51,10,08:44:27.764399615
110.51,1,08:44:28.402923835
110.5,5,08:44:28.775978775
110.5,1,08:44:28.776194465
110.5,1,08:44:28.776211511
110.5,13,08:44:28.776225214
110.5,3,08:44:28.776225214
110.5,8,08:44:28.776225214
110.5,1,08:44:28.776225214
110.5,16,08:44:28.776225214
110.5,15,08:44:28.776239850
110.5,11,08:44:28.776239850
110.5,55,08:44:28.776239850
110.5,40,08:44:28.776253652
110.5,12,08:44:28.776267965
110.51,2,08:44:29.526755323
110.51,1,08:44:29.526834779
110.51,1,08:44:29.526850555
110.51,16,08:44:29.526850555
110.51,2,08:44:29.563339802
110.51,1,08:44:30.806683350
110.51,2,08:44:35.239642217
110.51,1,08:44:35.239727538
110.51,1,08:44:35.240237055
110.51,5,08:44:35.589458493
110.51,3,08:44:35.589473318
110.51,1,08:44:35.589473318
110.51,7,08:44:35.589473318
110.51,1,08:44:35.589782636
110.51,1,08:44:36.744236859
110.51,1,08:44:38.284394381
110.51,2,08:44:38.284473114
110.51,2,08:44:38.296624264
110.51,2,08:44:38.296848939
110.51,1,08:44:38.296972625
110.51,2,08:44:38.297094237
110.51,1,08:44:38.297111422
110.51,1,08:44:38.297250947
110.51,1,08:44:38.297823754
110.51,3,08:44:38.404323708
110.51,2,08:44:38.404323708
110.51,1,08:44:38.404926570
110.51,1,08:44:38.405136847
110.51,8,08:44:39.853716119
110.51,2,08:44:39.853731302
110.51,1,08:44:40.875645911
110.51,11,08:44:42.317864648
110.5,1,08:44:49.455588832
110.5,2,08:44:49.455627574
110.5,2,08:44:49.456181941
110.5,6,08:44:49.456202030
110.5,1,08:44:49.456217109
110.5,4,08:44:49.456241023
110.5,2,08:44:49.456255762
110.5,1,08:44:49.465861903
110.5,6,08:44:49.465861903
110.5,3,08:44:49.466039615
110.5,1,08:44:49.481337700
110.51,1,08:44:57.899139434
110.51,2,08:44:57.899139434
110.51,5,08:44:57.899209051
110.51,21,08:45:03.204594420
110.51,6,08:45:03.205178814
110.51,3,08:45:03.205178814
110.51,3,08:45:03.205330160
110.51,18,08:45:03.205330160
110.51,2,08:45:03.205510374
110.51,11,08:45:03.205510374
110.51,13,08:45:03.205599351
110.51,4,08:45:03.205753952
110.51,6,08:45:03.205753952
110.51,1,08:45:03.205772182
110.51,16,08:45:03.205772182
110.51,1,08:45:03.205912688
110.51,16,08:45:06.930614201
110.51,3,08:45:06.930811206
110.51,1,08:45:06.931131877
110.51,1,08:45:06.931250734
110.51,16,08:45:06.931250734
110.51,1,08:45:06.931424536
110.51,2,08:45:06.931635816
110.51,2,08:45:06.931946795
110.51,10,08:45:06.934410342
110.51,3,08:45:07.221619889
110.51,3,08:45:07.221977051
110.51,1,08:45:07.222078084
110.51,2,08:45:07.222257742
110.51,24,08:45:07.238518610
110.51,20,08:45:07.238535900
110.51,2,08:45:07.238548120
110.51,16,08:45:07.238575522
110.51,24,08:45:07.238604971
110.51,8,08:45:07.238632485
110.51,82,08:45:07.239160299
110.51,4,08:45:07.239363957
110.51,2,08:45:07.239594510
110.51,1,08:45:07.239625576
110.51,2,08:45:07.239667429
110.51,1,08:45:07.239701367
110.51,7,08:45:07.239701367
110.52,2,08:45:22.315957886
110.52,2,08:45:22.316140018
110.52,1,08:45:22.316168501
110.52,16,08:45:22.316168501
110.52,2,08:45:22.316168501
110.52,1,08:45:22.316188850
110.52,2,08:45:22.316774902
110.52,1,08:45:22.316796525
110.52,16,08:45:22.317114894
110.52,2,08:45:22.317154398
110.52,1,08:45:25.036338471
110.53,1,08:45:25.053614226
110.53,1,08:45:25.054179557
110.52,3,08:45:28.108905334
110.52,4,08:45:28.109045462
110.52,2,08:45:28.109045462
110.52,7,08:45:28.110031067
110.52,1,08:45:28.110343320
110.52,1,08:45:28.110357368
110.52,9,08:45:28.110371762
110.52,2,08:45:28.110412478
110.52,2,08:45:28.120734091
110.52,1,08:45:28.120734091
110.52,6,08:45:28.120734091
110.51,17,08:45:29.306223741
110.51,1,08:45:29.306331395
110.51,1,08:45:29.306353196
110.51,3,08:45:29.306353196
110.51,1,08:45:29.425612410
110.51,2,08:45:29.786295005
110.51,1,08:45:29.786295005
110.51,1,08:45:29.786325607
110.51,3,08:45:29.786325607
110.51,9,08:45:29.786325607
110.51,3,08:45:29.786391187
110.51,1,08:45:29.786659834
110.51,1,08:45:29.787129885
110.51,9,08:45:29.787144083
110.51,6,08:45:29.787144083
110.52,4,08:45:29.814708383
110.51,1,08:45:34.261481784
110.51,6,08:45:34.533433398
110.51,1,08:45:34.533580393
110.51,2,08:45:34.589021740
110.51,11,08:45:34.589269369
110.51,1,08:45:34.589269369
110.51,2,08:45:34.589407977
110.51,5,08:45:34.589426319
110.51,1,08:45:34.589426319
110.51,2,08:45:34.590046099
110.52,1,08:45:34.772581988
110.52,1,08:45:34.783283373
110.52,1,08:45:34.793986143
110.52,1,08:45:34.804662334
110.52,1,08:45:34.815312521
110.52,1,08:45:34.826062019
110.52,1,08:45:34.836767435
110.52,1,08:45:34.849749033
110.52,1,08:45:34.860377873
110.52,1,08:45:34.871053600
110.52,1,08:45:34.881662895
110.52,1,08:45:34.892543413
110.52,1,08:45:34.902949892
110.52,1,08:45:34.913587904
110.52,1,08:45:34.936379923
110.52,1,08:45:34.949818662
110.52,1,08:45:34.960483558
110.52,1,08:45:34.971115089
110.52,1,08:45:34.981767642
110.52,1,08:45:34.992431756
110.52,1,08:45:35.003109288
110.52,1,08:45:35.013756267
110.52,1,08:45:35.024433069
110.52,1,08:45:35.035164725
110.52,1,08:45:35.046312548
110.52,1,08:45:35.056987805
110.52,1,08:45:35.067624633
110.52,1,08:45:35.078233569
110.52,1,08:45:35.090912561
110.52,1,08:45:35.101572004
110.52,1,08:45:35.112363843
110.52,1,08:45:35.123035138
110.52,1,08:45:35.133957297
110.52,1,08:45:35.144473546
110.52,1,08:45:35.160159769
110.52,1,08:45:35.170766529
110.52,1,08:45:35.181420669
110.52,1,08:45:35.192011411
110.52,1,08:45:35.202652645
110.52,1,08:45:35.213275401
110.52,1,08:45:35.224799362
110.52,1,08:45:35.235706152
110.52,1,08:45:35.246392548
110.52,1,08:45:35.260344337
110.52,1,08:45:35.270690163
110.52,1,08:45:35.281319823
110.52,1,08:45:35.292000254
110.52,1,08:45:35.302637196
110.52,1,08:45:35.313282626
110.52,1,08:45:35.351374264
110.52,1,08:45:35.362142183
110.52,1,08:45:35.372794505
110.52,1,08:45:35.383446657
110.52,1,08:45:35.394124222
110.52,1,08:45:35.404755392
110.52,1,08:45:35.415382693
110.52,1,08:45:35.426019710
110.52,1,08:45:35.436637674
110.52,1,08:45:35.451399753
110.52,1,08:45:35.462108578
110.52,1,08:45:35.472750356
110.52,1,08:45:35.483394457
110.52,1,08:45:35.494044760
110.52,1,08:45:35.504622970
110.52,1,08:45:35.515314086
110.52,1,08:45:35.525953966
110.52,1,08:45:35.536607549
110.52,1,08:45:35.547233701
110.52,1,08:45:35.557825351
110.52,1,08:45:35.568438038
110.52,1,08:45:35.579092159
110.52,1,08:45:35.589747502
110.52,1,08:45:35.600400022
110.52,1,08:45:35.611101441
110.52,1,08:45:35.622508489
110.52,1,08:45:35.633159356
110.52,1,08:45:35.643757838
110.52,1,08:45:35.654365717
110.52,1,08:45:35.665040793
110.52,1,08:45:35.675663563
110.52,1,08:45:35.686289110
110.52,1,08:45:35.696889191
110.52,1,08:45:35.707534266
110.52,1,08:45:35.718206067
110.52,1,08:45:35.728869979
110.52,1,08:45:35.739462858
110.52,1,08:45:35.750160489
110.52,1,08:45:35.760768910
110.52,1,08:45:35.771437261
110.52,1,08:45:35.782070534
110.52,1,08:45:35.792674449
110.52,1,08:45:35.803325223
110.52,1,08:45:35.813955602
110.52,1,08:45:35.824600459
110.52,1,08:45:35.835256967
110.52,1,08:45:35.845939522
110.52,1,08:45:35.856584945
110.52,1,08:45:35.867289145
110.52,1,08:45:35.877959640
110.52,1,08:45:35.888573678
110.52,1,08:45:35.899202694
110.52,1,08:45:35.909882069
110.52,1,08:45:35.920475671
110.52,1,08:45:35.931155740
110.52,1,08:45:35.941789989
110.52,16,08:45:35.948854601
110.52,1,08:45:35.948978118
110.52,2,08:45:35.949182011
110.52,16,08:45:35.949264025
110.52,3,08:45:35.949464966
110.52,1,08:45:35.950037263
110.52,1,08:45:35.952416400
110.52,1,08:45:35.963103983
110.52,1,08:45:35.973706379
110.52,1,08:45:35.984347047
110.52,1,08:45:35.995025062
110.52,1,08:45:36.005657739
110.52,1,08:45:36.017395820
110.52,1,08:45:36.028061425
110.52,1,08:45:36.038677904
110.52,1,08:45:36.049315567
110.52,1,08:45:36.059947496
110.52,1,08:45:36.070640880
110.52,1,08:45:36.081320652
110.52,1,08:45:36.091940308
110.52,1,08:45:36.102630950
110.52,1,08:45:36.113278360
110.52,1,08:45:36.123893108
110.52,1,08:45:36.134536221
110.52,1,08:45:36.145202776
110.52,1,08:45:36.155857146
110.52,1,08:45:36.166488086
110.52,1,08:45:36.177153413
110.52,1,08:45:36.187768470
110.52,1,08:45:36.198385903
110.52,1,08:45:36.209041816
110.52,1,08:45:36.219653879
110.52,1,08:45:36.230266719
110.52,1,08:45:36.240884747
110.52,1,08:45:36.251538756
110.52,1,08:45:36.262164102
110.52,1,08:45:36.272797358
110.52,1,08:45:36.283398464
110.52,1,08:45:36.294063430
110.52,1,08:45:36.304692917
110.52,1,08:45:36.315300362
110.52,1,08:45:36.325943798
110.52,1,08:45:36.336552117
110.52,1,08:45:36.347193610
110.52,1,08:45:36.357834613
110.52,1,08:45:36.368463063
110.52,1,08:45:36.391569929
110.52,1,08:45:36.402233440
110.52,1,08:45:36.402434396
110.52,24,08:45:36.402434396
110.52,1,08:45:36.412864152
110.53,2,08:45:38.027411287
110.53,3,08:45:38.027411287
110.52,1,08:45:40.486435774
110.52,1,08:45:40.497204979
110.52,3,08:45:40.497430681
110.52,1,08:45:40.514406557
110.52,1,08:45:40.888131543
110.52,1,08:45:40.898982585
110.52,1,08:45:40.909764279
110.52,1,08:45:40.920510655
110.52,1,08:45:40.934463794
110.52,1,08:45:40.945145905
110.52,1,08:45:40.955784662
110.52,1,08:45:40.966400210
110.52,1,08:45:40.977012762
110.52,1,08:45:40.987673311
110.52,1,08:45:40.998307847
110.52,1,08:45:41.008937702
110.53,1,08:45:42.337342014
110.53,3,08:45:42.337355569
110.53,2,08:45:42.337547351
110.53,1,08:45:42.337561185
110.53,8,08:45:42.337577163
110.53,2,08:45:42.337577163
110.53,1,08:45:42.337577163
110.53,3,08:45:42.337577163
110.53,1,08:45:42.337592453
110.53,16,08:45:42.337592453
110.53,1,08:45:42.337607051
110.53,51,08:45:42.337607051
110.53,9,08:45:42.337625460
110.53,1,08:45:42.338413582
110.53,1,08:45:42.338667581
110.53,1,08:45:42.338685220
110.53,5,08:45:42.339078416
110.53,10,08:45:42.339523292
110.53,6,08:45:42.340043721
110.53,1,08:45:42.340171110
110.53,1,08:45:51.016816004
110.53,2,08:45:51.023246412
110.53,1,08:45:51.023946235
110.53,1,08:45:51.024024896
110.53,1,08:45:51.024044573
110.53,2,08:45:51.024044573
110.53,1,08:46:06.394051831
110.53,1,08:46:06.394499229
110.53,1,08:46:07.555463297
110.53,1,08:46:12.133683875
110.53,1,08:46:12.469356220
110.53,16,08:46:12.469356220
110.54,1,08:46:20.280350155
110.54,2,08:46:20.280639448
110.54,1,08:46:20.280888446
110.54,4,08:46:20.280904738
110.54,1,08:46:20.280904738
110.53,2,08:46:29.720327046
110.54,1,08:46:34.262499147
110.54,1,08:46:34.262557986
110.54,1,08:46:34.262573183
110.54,1,08:46:34.277610023
110.54,3,08:46:44.667556554
110.54,1,08:46:44.667570530
110.54,26,08:46:44.667584780
110.54,4,08:46:44.667879712
110.54,6,08:46:44.667909206
110.54,2,08:46:44.667958473
110.54,2,08:46:44.668003427
110.54,2,08:46:44.668207248
110.54,1,08:46:44.668224394
110.54,15,08:46:44.668244058
110.54,6,08:46:44.668445859
110.54,1,08:46:44.668505928
110.54,6,08:46:44.886943832
110.54,2,08:46:44.887044558
110.54,4,08:46:44.887217275
110.54,2,08:46:44.902066470
110.54,4,08:46:44.969487682
110.54,2,08:46:44.969508707
110.54,17,08:46:44.969586742
110.54,4,08:46:44.969890232
110.54,5,08:46:44.969906514
110.54,2,08:46:44.970003106
110.54,1,08:46:44.970159199
110.54,2,08:46:45.011950712
110.54,1,08:46:45.012101794
110.54,2,08:46:45.012193767
110.54,1,08:46:45.012305940
110.54,2,08:46:45.012399634
110.54,2,08:46:45.012505947
110.54,1,08:46:45.091601643
110.54,1,08:46:45.091735006
110.54,1,08:46:45.093533078
110.54,1,08:46:45.093704857
110.54,2,08:46:45.098501045
110.54,2,08:46:45.099218434
110.54,2,08:46:45.099353615
110.54,1,08:46:45.099353615
110.54,2,08:46:45.099463500
110.54,2,08:46:45.099551313
110.54,2,08:46:45.099690389
110.54,2,08:46:45.099907070
110.54,4,08:46:45.100173932
110.54,2,08:46:45.100340910
110.54,1,08:46:45.100340910
110.54,2,08:46:45.100617747
110.54,2,08:46:45.100725857
110.54,1,08:46:45.100725857
110.54,1,08:46:45.100921767
110.54,1,08:46:45.101023128
110.54,10,08:46:45.101359102
110.54,10,08:46:45.101488733
110.54,1,08:46:45.101507507
110.55,2,08:46:45.725045377
110.55,1,08:46:45.725344935
110.55,2,08:46:45.795333382
110.55,100,08:46:52.070399025
110.55,2,08:46:52.070546436
110.55,2,08:46:52.070568116
110.55,1,08:46:52.070568116
110.55,1,08:46:52.070592887
110.55,13,08:46:52.070592887
110.55,2,08:46:52.081049037
110.56,1,08:47:01.055570947
110.56,3,08:47:02.636890692
110.56,1,08:47:02.636908618
110.56,2,08:47:02.636908618
110.56,8,08:47:02.636908618
110.56,1,08:47:02.658497765
110.55,2,08:47:19.112198798
110.55,1,08:47:19.113677708
110.55,2,08:47:19.113677708
110.55,1,08:47:19.113696607
110.54,1,08:47:42.602991599
110.54,1,08:47:43.129936910
110.54,1,08:47:43.739887316
110.54,5,08:47:43.741564396
110.54,1,08:47:43.741578575
110.54,16,08:47:43.741591992
110.54,2,08:47:43.741638831
110.54,8,08:47:43.741656511
110.54,1,08:47:43.742633182
110.54,1,08:47:43.764518412
110.55,1,08:47:48.584489363
110.55,4,08:47:49.424041651
110.55,16,08:47:49.424060652
110.55,2,08:47:49.424076934
110.55,1,08:47:49.424269953
110.55,2,08:47:49.424521923
110.55,3,08:47:49.424540570
110.55,5,08:47:49.424560650
110.55,3,08:47:49.424581121
110.55,6,08:47:49.424581121
110.55,1,08:48:00.459324051
110.55,1,08:48:00.459721748
110.55,1,08:48:10.007351428
110.55,1,08:48:10.842729296
110.56,1,08:48:10.843005708
110.56,3,08:48:10.843019590
110.56,1,08:48:10.843034191
110.56,2,08:48:10.843047919
110.56,16,08:48:10.843063049
110.56,2,08:48:10.843063049
110.56,2,08:48:10.843076812
110.56,2,08:48:10.843091874
110.56,1,08:48:10.843091874
110.56,8,08:48:10.843091874
110.56,1,08:48:10.843106790
110.56,3,08:48:10.843106790
110.56,1,08:48:10.843121378
110.56,37,08:48:10.843138351
110.56,18,08:48:10.843138351
110.56,1,08:48:10.844993953
110.56,11,08:48:10.844993953
110.56,1,08:48:10.845007649
110.56,2,08:48:10.845022177
110.56,1,08:48:22.899464418
110.56,2,08:48:30.364383768
110.56,1,08:48:30.364383768
110.56,1,08:48:30.364777087
110.56,1,08:48:30.364796808
110.56,4,08:48:30.364796808
110.56,3,08:48:30.364796808
110.56,1,08:48:30.365629428
110.57,1,08:48:33.917073878
110.57,6,08:48:34.771492807
110.56,1,08:48:36.494715999
110.56,16,08:48:36.494730908
110.56,1,08:48:36.494730908
110.56,100,08:48:36.494746947
110.56,1,08:48:36.790397203
110.56,4,08:48:36.818084623
110.56,2,08:48:36.818084623
110.56,1,08:48:40.701294018
110.55,2,08:48:46.688587397
110.55,16,08:48:46.688587397
110.55,33,08:48:46.688680966
110.55,1,08:48:46.688700727
110.55,20,08:48:46.688700727
110.55,16,08:48:46.688700727
110.55,1,08:48:49.026847212
110.55,1,08:48:52.247788719
110.55,3,08:48:52.247956859
110.55,7,08:48:52.248292673
110.55,1,08:48:52.248292673
110.56,2,08:48:54.833481907
110.56,4,08:48:54.833723321
110.56,2,08:48:54.833823945
110.56,2,08:48:54.834000713
110.56,1,08:48:54.834000713
110.56,5,08:48:54.834000713
110.56,3,08:48:54.834260498
110.56,1,08:48:54.834279381
110.56,2,08:48:54.834484012
110.56,2,08:48:54.834627906
110.56,4,08:48:54.834627906
110.56,4,08:48:54.834796213
110.56,16,08:48:55.198421291
110.55,1,08:48:57.178430295
110.56,7,08:49:01.301113094
110.56,1,08:49:01.301113094
110.56,1,08:49:07.083106666
110.56,4,08:49:10.201810061
110.56,3,08:49:10.201810061
110.56,1,08:49:41.900369909
110.56,1,08:49:41.901036354
110.56,10,08:49:41.901056526
110.56,9,08:49:41.901294260
110.55,1,08:49:48.315297325
110.56,2,08:49:57.870277588
110.55,1,08:49:57.870277588
110.56,1,08:49:57.870350628
110.55,1,08:50:00.304620743
110.55,3,08:50:12.599091916
110.55,1,08:50:21.787350664
110.55,1,08:50:24.637150455
110.55,2,08:50:24.644174252
110.55,1,08:50:24.644174252
110.55,5,08:50:38.057578995
110.55,4,08:50:42.075652275
110.55,2,08:50:42.075652275
110.55,1,08:50:42.075652275
110.55,1,08:50:42.075817628
110.55,2,08:50:42.075837545
110.55,16,08:50:42.075837545
110.55,1,08:50:42.075837545
110.55,1,08:50:42.075852733
110.55,8,08:50:42.076061667
110.55,1,08:50:42.076099052
110.55,22,08:50:42.076099052
110.55,18,08:50:42.076099052
110.55,2,08:50:42.076364047
110.55,1,08:50:43.172354236
110.55,2,08:50:43.172459837
110.55,1,08:50:43.172459837
110.55,1,08:50:43.183017164
110.56,7,08:50:47.989698175
110.56,1,08:50:47.989698175
110.56,3,08:50:47.989829084
110.56,2,08:50:47.989851626
110.56,1,08:50:47.989851626
110.56,3,08:50:47.989851626
110.56,16,08:50:47.989871187
110.56,4,08:50:47.989871187
110.57,16,08:50:51.439348822
110.57,4,08:50:51.439348822
110.57,4,08:50:51.444654994
110.57,3,08:50:51.444654994
110.58,1,08:50:57.832460171
110.58,2,08:50:57.833044372
110.58,1,08:50:57.833060686
110.58,3,08:50:57.833060686
110.58,1,08:50:57.833567966
110.58,1,08:50:57.835158768
110.58,2,08:50:57.835171823
110.58,1,08:50:57.835190060
110.59,1,08:50:59.943108446
110.59,1,08:50:59.943487879
110.59,4,08:50:59.943502497
110.59,18,08:50:59.943502497
110.59,1,08:50:59.943517451
110.59,6,08:50:59.943517451
110.59,5,08:50:59.943533869
110.59,48,08:50:59.943533869
110.59,18,08:50:59.943533869
110.59,1,08:50:59.943533869
110.59,8,08:50:59.943533869
110.59,3,08:50:59.943547403
110.59,1,08:50:59.943547403
110.59,2,08:50:59.943562465
110.59,3,08:50:59.943562465
110.59,10,08:50:59.943577291
110.59,3,08:50:59.943577291
110.59,4,08:50:59.943593869
110.59,6,08:51:07.036730224
110.59,2,08:51:07.036730224
110.59,1,08:51:07.036962164
110.59,16,08:51:07.036977710
110.59,1,08:51:07.036993444
110.59,1,08:51:07.037007579
110.59,18,08:51:07.037021777
110.59,1,08:51:07.037038536
110.59,1,08:51:07.037056120
110.59,1,08:51:07.037729994
110.59,18,08:51:11.180277747
110.59,9,08:51:11.180277747
110.59,1,08:51:11.180350193
110.59,16,08:51:11.180368827
110.59,4,08:51:11.193850004
110.59,52,08:51:16.488342811
110.59,1,08:51:16.488770651
110.6,1,08:51:19.204896559
110.6,1,08:51:19.229176702
110.6,1,08:51:19.240141229
110.6,1,08:51:19.250865698
110.6,1,08:51:19.261608589
110.6,1,08:51:19.272275308
110.6,1,08:51:19.282901217
110.6,1,08:51:19.293589767
110.6,1,08:51:19.304305167
110.6,1,08:51:19.315055201
110.6,3,08:51:27.738754545
110.6,1,08:51:27.742089583
110.6,4,08:51:27.742178418
110.6,1,08:51:27.742193932
110.6,1,08:51:27.757063665
110.6,3,08:51:27.757063665
110.6,1,08:51:30.672596645
110.6,1,08:51:30.672679634
110.6,3,08:51:30.672679634
110.6,1,08:51:38.843695926
110.61,1,08:51:42.598468223
110.61,1,08:51:42.609073364
110.61,1,08:51:42.619592121
110.61,1,08:51:42.630119993
110.61,1,08:51:42.640669940
110.61,1,08:51:42.651182586
110.61,1,08:51:42.661699673
110.61,1,08:51:42.672215474
110.61,1,08:51:42.682725057
110.61,1,08:51:42.693332598
110.61,1,08:51:42.703878412
110.61,1,08:51:42.714390305
110.61,1,08:51:42.724948484
110.61,1,08:51:42.735430905
110.61,1,08:51:42.745976584
110.61,1,08:51:42.756476126
110.61,1,08:51:42.767032704
110.61,1,08:51:42.777544409
110.61,1,08:51:42.788035790
110.61,1,08:51:42.798519741
110.61,1,08:51:42.809060483
110.61,1,08:51:42.819546188
110.61,1,08:51:42.830042736
110.61,1,08:51:42.840552016
110.61,1,08:51:42.851074572
110.6,1,08:51:54.005678738
110.6,7,08:51:54.005694964
110.6,1,08:51:54.006057013
110.6,1,08:51:54.007878291
110.6,1,08:51:54.007897856
110.6,1,08:51:54.008393327
110.59,3,08:52:04.954127037
110.59,1,08:52:04.954127037
110.59,3,08:52:04.954213223
110.59,1,08:52:04.954229569
110.59,25,08:52:04.954244052
110.59,3,08:52:05.930978429
110.59,15,08:52:05.930978429
110.59,1,08:52:05.931097156
110.59,16,08:52:05.931097156
110.59,1,08:52:05.931111834
110.59,6,08:52:05.931111834
110.59,6,08:52:05.931127053
110.59,12,08:52:05.932161077
110.59,6,08:52:05.932161077
110.59,3,08:52:05.932161077
110.59,1,08:52:05.932161077
110.59,1,08:52:22.730051645
110.59,1,08:52:22.730498918
110.59,1,08:52:22.730591673
110.59,1,08:52:22.730814441
110.59,1,08:52:22.731018019
110.59,5,08:52:22.731164691
110.59,3,08:52:22.731296972
110.59,1,08:52:22.731696853
110.59,2,08:52:22.732100399
110.59,1,08:52:22.732207944
110.59,1,08:52:24.946570822
110.59,1,08:52:25.025990616
110.59,6,08:52:28.735674258
110.59,1,08:52:28.735674258
110.59,4,08:52:34.266131011
110.59,1,08:52:34.266496064
110.59,16,08:52:48.557031214
110.59,7,08:52:48.557031214
110.59,1,08:52:48.557167891
110.59,1,08:52:48.557190707
110.59,2,08:52:48.557190707
110.59,3,08:52:48.557214889
110.59,2,08:52:48.557214889
110.59,1,08:52:48.557214889
110.59,4,08:52:48.558549618
110.59,3,08:52:48.558607122
110.59,6,08:52:48.558620843
110.59,1,08:52:48.558637481
110.59,7,08:52:48.558656549
110.59,16,08:52:48.669565065
110.59,1,08:52:48.669581157
110.59,2,08:52:48.669581157
110.59,10,08:52:48.669601842
110.59,1,08:52:48.669601842
110.59,1,08:52:49.014025434
110.59,4,08:52:49.014025434
110.59,2,08:52:49.014116005
110.59,7,08:52:49.014133055
110.6,1,08:52:49.539540226
110.6,16,08:52:49.539688113
110.6,1,08:52:49.539708385
110.6,1,08:52:49.539731819
110.6,16,08:52:49.539731819
110.6,8,08:52:49.539731819
110.6,10,08:52:49.985641190
110.6,17,08:52:49.985641190
110.6,3,08:52:49.985732092
110.6,18,08:52:49.985747894
110.6,2,08:52:49.985747894
110.6,1,08:52:58.031417463
110.6,1,08:52:58.031766906
110.6,1,08:52:58.042099171
110.6,1,08:52:59.308503614
110.6,1,08:52:59.308606724
110.6,1,08:52:59.308622763
110.6,2,08:52:59.308622763
110.6,2,08:52:59.308731479
110.6,1,08:52:59.308731479
110.6,5,08:52:59.308748904
110.6,1,08:52:59.308748904
110.6,1,08:53:01.397903829
110.6,3,08:53:02.390040893
110.6,1,08:53:02.390040893
110.6,2,08:53:02.390141646
110.6,1,08:53:02.391056873
110.61,1,08:53:07.415487540
110.61,1,08:53:07.415925965
110.61,7,08:53:07.415948439
110.61,8,08:53:07.415948439
110.61,1,08:53:07.416231971
110.61,2,08:53:07.416231971
110.61,7,08:53:07.416231971
110.61,5,08:53:07.416619275
110.61,6,08:53:07.416987638
110.61,3,08:53:07.417547461
110.61,1,08:53:16.264665242
110.61,1,08:53:21.447626587
110.61,5,08:53:21.447938095
110.61,13,08:53:21.448050926
110.61,4,08:53:21.477553441
110.61,1,08:53:21.514922181
110.61,1,08:53:21.579344118
110.6,1,08:53:40.829762587
110.6,1,08:53:43.040338383
110.6,13,08:53:43.845710708
110.6,1,08:53:43.846681074
110.6,1,08:53:43.846696706
110.6,1,08:53:46.350677495
110.6,1,08:53:52.557677414
110.6,27,08:54:15.098077919
110.6,1,08:54:15.098294805
110.6,10,08:54:15.098310242
110.6,1,08:54:15.098310242
110.6,3,08:54:15.098310242
110.6,2,08:54:15.098310242
110.6,2,08:54:15.098433854
110.6,1,08:54:15.098451004
110.6,12,08:54:15.098451004
110.6,2,08:54:15.098451004
110.6,1,08:54:15.098673848
110.6,1,08:54:15.098701342
110.6,7,08:54:15.098701342
110.6,2,08:54:15.098701342
110.6,11,08:54:15.098701342
110.6,8,08:54:15.098701342
110.6,4,08:54:15.098876222
110.6,3,08:54:15.098895211
110.6,2,08:54:17.331016132
110.6,2,08:54:17.331186148
110.6,4,08:54:17.331207739
110.6,1,08:54:17.331207739
110.6,15,08:54:17.331207739
110.6,22,08:54:17.331207739
110.6,1,08:54:17.331232424
110.6,12,08:54:17.331232424
110.6,1,08:54:17.331904836
110.6,12,08:54:17.331936225
110.6,11,08:54:17.332254413
110.6,1,08:54:17.332476423
110.6,13,08:54:17.332730012
110.6,2,08:54:17.358464927
110.6,4,08:54:41.362101012
110.6,2,08:54:41.362101012
110.6,4,08:54:41.682010281
110.59,20,08:55:02.895199198
110.59,1,08:55:20.489839829
110.59,7,08:55:20.489932098
110.59,1,08:55:20.490442571
110.59,3,08:55:20.490442571
110.59,8,08:55:20.490442571
110.59,1,08:55:20.490461835
110.59,1,08:55:20.503607595
110.59,1,08:55:20.503967160
110.58,1,08:55:31.567177778
110.58,12,08:55:36.360944495
110.58,2,08:55:36.361388763
110.58,1,08:55:36.361403025
110.58,30,08:55:36.361417124
110.58,1,08:55:36.361432593
110.58,7,08:55:36.361446903
110.58,1,08:55:36.361461444
110.58,1,08:55:36.361474907
110.58,1,08:55:36.361488679
110.58,1,08:55:36.361502632
110.58,3,08:55:36.361502632
110.58,18,08:55:36.361516174
110.58,10,08:55:36.361925037
110.58,3,08:55:36.481641339
110.58,12,08:55:36.481641339
110.58,1,08:55:37.200630563
110.58,1,08:55:38.570994505
110.58,1,08:55:38.571131131
110.58,2,08:55:38.571524971
110.58,3,08:55:38.571649487
110.58,20,08:55:44.744750664
110.58,10,08:55:44.745082527
110.58,12,08:55:44.745112326
110.58,10,08:55:44.745142338
110.58,3,08:55:44.745752194
110.58,24,08:55:47.974830434
110.58,101,08:55:47.975125221
110.58,10,08:55:47.975125221
110.58,16,08:55:47.975271925
110.58,8,08:55:47.975397182
110.58,2,08:55:47.975424260
110.58,13,08:55:47.975650961
110.58,2,08:55:47.975650961
110.58,13,08:55:47.975805422
110.58,16,08:55:47.975805422
110.58,23,08:55:47.975823195
110.58,1,08:55:47.975917716
110.58,1,08:55:47.976056184
110.58,1,08:55:47.976224087
110.58,12,08:55:47.976224087
110.58,16,08:55:47.976224087
110.58,2,08:55:47.976471523
110.58,2,08:55:47.976617610
110.58,11,08:55:47.976718051
110.58,1,08:55:47.976851024
110.58,2,08:55:47.976851024
110.58,1,08:55:47.977006489
110.58,2,08:55:47.977144182
110.58,1,08:55:47.977157066
110.58,1,08:55:47.977286294
110.58,1,08:55:47.977591309
110.58,5,08:55:49.120747840
110.58,1,08:55:49.120819712
110.58,1,08:55:50.544732922
110.58,7,08:55:50.544732922
110.58,2,08:55:50.545368329
110.58,6,08:55:50.545368329
110.58,1,08:55:50.545646659
110.58,1,08:55:50.545837635
110.58,1,08:55:50.546204751
110.58,1,08:55:50.546362751
110.58,1,08:55:50.546702860
110.59,1,08:56:04.228901607
110.59,4,08:56:04.228975236
110.59,1,08:56:17.358452781
110.59,1,08:56:17.358589350
110.59,1,08:56:17.358604092
110.59,12,08:56:17.358819846
110.59,1,08:56:17.358849075
110.59,1,08:56:17.359046014
110.59,1,08:56:17.359541643
110.59,1,08:56:17.360464866
110.59,1,08:56:30.248134469
110.59,6,08:56:31.329282814
110.59,12,08:56:31.329282814
110.59,1,08:56:31.329303912
110.59,1,08:56:31.338162437
110.59,1,08:56:31.339304583
110.58,25,08:56:51.807614979
110.58,1,08:56:51.807717203
110.58,1,08:56:51.807733503
110.58,18,08:56:51.807733503
110.58,1,08:56:57.038637471
110.58,1,08:56:59.213339357
110.58,2,08:56:59.213339357
110.58,1,08:56:59.213487501
110.59,1,08:57:01.971967143
110.6,2,08:57:03.328040332
110.6,1,08:57:03.328125529
110.6,2,08:57:03.328142313
110.6,1,08:57:03.328142313
110.6,3,08:57:03.328679180
110.59,1,08:57:13.444810049
110.58,1,08:57:45.287038170
110.58,16,08:57:45.287038170
110.58,3,08:57:45.287221602
110.58,1,08:57:45.287252505
110.58,1,08:57:45.287283826
110.58,17,08:57:45.287444678
110.58,3,08:57:45.287596207
110.58,1,08:57:45.287743564
110.58,1,08:57:45.287758751
110.57,4,08:57:54.401302480
110.57,1,08:57:54.401302480
110.57,2,08:57:54.401457939
110.57,1,08:57:54.401475404
110.57,30,08:57:54.401512566
110.57,2,08:57:54.401512566
110.57,1,08:57:54.401512566
110.57,1,08:57:54.509145736
110.57,4,08:57:54.509145736
110.57,3,08:57:54.509169919
110.57,2,08:57:54.509264431
110.57,11,08:57:54.509393557
110.57,1,08:57:54.509393557
110.57,1,08:57:54.510075275
110.57,1,08:57:54.510094315
110.57,1,08:57:54.975653862
110.57,5,08:57:54.976573571
110.57,1,08:57:56.413295077
110.57,1,08:57:56.413393944
110.57,2,08:57:56.413413410
110.57,4,08:57:56.413413410
110.57,13,08:57:56.415500602
110.57,8,08:57:56.415500602
110.57,1,08:57:56.706511963
110.57,2,08:57:56.706680250
110.57,1,08:57:56.706680250
110.57,3,08:57:56.707334177
110.57,2,08:57:56.708228118
110.57,1,08:57:56.708228118
110.57,5,08:57:56.709208611
110.57,1,08:58:01.529550167
110.57,1,08:58:02.037633876
110.57,2,08:58:02.037650173
110.56,1,08:58:04.033207326
110.56,2,08:58:04.603669927
110.56,1,08:58:04.603739542
110.56,1,08:58:05.191026158
110.56,2,08:58:14.142393969
110.56,1,08:58:14.142393969
110.56,8,08:58:14.142879816
110.56,1,08:58:14.143261570
110.56,1,08:58:14.143282558
110.56,1,08:58:18.217729663
110.56,1,08:58:18.217745440
110.56,11,08:58:18.217745440
110.55,3,08:58:19.096339825
110.55,1,08:58:19.096441471
110.55,1,08:58:19.096459321
110.55,1,08:58:19.230507008
110.55,1,08:58:19.230781962
110.55,1,08:58:19.230919408
110.55,2,08:58:19.233062375
110.55,3,08:58:21.998618946
110.55,1,08:58:21.998715822
110.55,10,08:58:21.998731956
110.55,1,08:58:21.998731956
110.55,5,08:58:21.998731956
110.55,1,08:58:38.593565571
110.55,1,08:58:38.593651652
110.54,4,08:59:38.055134907
110.54,2,08:59:38.055918622
110.54,16,08:59:38.055943755
110.54,1,08:59:38.055958682
110.54,1,08:59:38.056656640
110.54,3,08:59:38.056677959
110.54,3,08:59:38.056692279
110.54,1,08:59:38.056706969
110.54,1,08:59:38.056721609
110.54,1,08:59:38.056736822
110.54,2,08:59:39.137954400
110.54,1,08:59:39.138066317
110.54,3,08:59:39.138082288
110.54,1,08:59:39.138082288
110.54,3,08:59:39.139461363
110.54,7,08:59:42.988492732
110.54,2,08:59:42.988579407
110.54,1,08:59:42.988579407
110.54,6,08:59:42.988597026
110.54,2,08:59:56.740089913
110.54,5,08:59:56.740533657
110.54,3,09:00:05.005339465
110.54,8,09:00:05.005675258
110.53,1,09:00:08.366537892
110.53,1,09:00:08.367264070
110.53,1,09:00:08.367685795
110.53,2,09:00:08.367685795
110.53,1,09:00:08.368165625
110.53,1,09:00:08.389389703
110.53,1,09:00:08.490016391
110.53,1,09:00:09.085733406
110.53,2,09:00:09.270264557
110.53,1,09:00:09.270367421
110.53,3,09:00:09.270367421
110.53,3,09:00:09.270496512
110.53,1,09:00:09.270496512
110.53,7,09:00:09.270936247
110.53,2,09:00:09.271236665
110.53,1,09:00:09.413127142
110.53,1,09:00:09.413141890
110.53,2,09:00:09.692650143
110.53,1,09:00:09.692650143
110.53,12,09:00:09.693020597
110.53,1,09:00:09.693020597
110.53,1,09:00:09.693047243
110.54,3,09:00:09.693047243
110.54,1,09:00:09.693047243
110.54,12,09:00:09.693047243
110.54,2,09:00:09.693047243
110.54,1,09:00:09.693072199
110.54,2,09:00:09.693072199
110.54,5,09:00:09.693072199
110.53,4,09:00:09.847608106
110.53,2,09:00:09.847917655
110.53,1,09:00:10.108782055
110.53,7,09:00:11.053905528
110.53,2,09:00:11.054039782
110.53,4,09:00:11.054139769
110.53,4,09:00:11.054242998
110.53,1,09:00:11.054322220
110.53,10,09:00:11.054742583
110.53,20,09:00:11.158320632
110.53,2,09:00:11.159301796
110.53,2,09:00:12.188718500
110.53,1,09:00:12.188795577
110.53,1,09:00:12.188810915
110.53,1,09:00:12.838294335
110.53,3,09:00:12.838294335
110.53,2,09:00:12.850253895
110.53,1,09:00:12.896220498
110.53,1,09:00:12.896556859
110.53,2,09:00:17.205427106
110.53,1,09:00:21.172905688
110.53,1,09:00:21.183606295
110.53,1,09:00:24.861691794
110.53,1,09:00:24.862721064
110.53,8,09:00:24.863269626
110.53,4,09:00:24.863591313
110.53,2,09:00:24.864159616
110.53,2,09:00:24.864385833
110.53,1,09:00:24.864385833
110.53,3,09:00:24.864635824
110.53,20,09:00:24.864654704
110.53,1,09:00:31.946382163
110.53,7,09:00:34.784889529
110.53,1,09:00:41.219626324
110.53,1,09:00:41.379001189
110.53,1,09:01:01.792942292
110.53,1,09:01:02.791159184
110.53,12,09:01:06.008779841
110.53,1,09:01:24.546072750
110.53,4,09:01:24.546459695
110.53,5,09:01:24.546474635
110.53,5,09:01:24.551920797
110.53,1,09:01:24.551920797
110.53,1,09:01:41.389069350
110.53,1,09:01:41.457562474
110.53,1,09:01:41.457642992
110.53,2,09:01:41.457642992
110.53,16,09:01:41.926211823
110.53,1,09:01:42.111587687
110.53,9,09:01:42.350424681
110.53,1,09:01:43.971073183
110.53,1,09:01:45.523269326
110.54,2,09:02:12.135300942
110.54,5,09:02:12.135366484
110.54,15,09:02:12.135669537
110.54,1,09:02:13.515411942
110.54,1,09:02:13.515506176
110.54,2,09:02:13.515506176
110.54,2,09:02:13.515742208
110.54,12,09:02:13.515851229
110.54,7,09:02:16.191621332
110.54,3,09:02:16.191707041
110.54,1,09:02:16.192023371
110.54,1,09:02:16.192113438
110.54,13,09:02:16.192129038
110.54,8,09:02:16.192561969
110.54,1,09:02:16.192578132
110.54,2,09:02:23.691491561
110.54,3,09:02:23.691591602
110.54,2,09:02:23.691614200
110.54,1,09:02:23.691614200
110.54,34,09:02:23.691614200
110.54,5,09:02:23.691614200
110.54,1,09:02:23.692422790
110.54,2,09:02:26.033122925
110.55,1,09:02:26.158185386
110.55,1,09:02:26.158467474
110.55,1,09:02:26.158481859
110.55,1,09:02:26.158498074
110.55,12,09:02:26.158498074
110.55,2,09:02:26.158498074
110.55,1,09:02:26.158511555
110.55,1,09:02:26.158525555
110.55,1,09:02:26.158541197
110.55,1,09:02:26.158555491
110.55,6,09:02:26.158570740
110.55,1,09:02:26.158570740
110.55,24,09:02:26.158584816
110.55,6,09:02:26.158599395
110.55,7,09:02:32.359585623
110.55,12,09:02:32.359871843
110.55,3,09:02:32.359895914
110.55,6,09:02:32.359895914
110.55,4,09:02:32.359895914
110.55,18,09:02:32.359895914
110.55,1,09:02:32.359915501
110.55,4,09:02:32.359915501
110.55,12,09:02:32.359915501
110.55,26,09:02:32.359915501
110.54,64,09:02:55.057576480
110.54,19,09:02:55.057734026
110.54,16,09:02:55.057754729
110.54,1,09:02:55.057754729
110.54,4,09:02:55.057784259
110.54,2,09:02:55.057784259
110.54,1,09:02:55.057784259
110.54,1,09:02:55.058322092
110.53,12,09:03:00.124163864
110.53,2,09:03:00.124278736
110.53,1,09:03:00.124293949
110.53,1,09:03:00.124309738
110.53,1,09:03:00.124978398
110.53,1,09:03:00.124992942
110.53,4,09:03:00.125008085
110.53,3,09:03:00.125008085
110.53,1,09:03:00.125023432
110.53,4,09:03:00.125023432
110.53,1,09:03:00.125036718
110.53,6,09:03:00.125266961
110.53,1,09:03:00.457728576
110.53,1,09:03:05.599523023
110.53,3,09:03:05.599659791
110.53,12,09:03:05.599683122
110.53,1,09:03:05.599683122
110.53,1,09:03:05.599708568
110.53,12,09:03:05.600607839
110.53,7,09:03:16.828564221
110.53,2,09:03:16.828872534
110.53,9,09:03:16.828999260
110.53,11,09:03:16.829203731
110.53,7,09:03:16.829316937
110.53,14,09:03:16.829480255
110.53,3,09:03:16.829561439
110.53,15,09:03:16.829561439
110.53,4,09:03:16.829561439
110.53,1,09:03:16.829561439
110.54,3,09:03:23.077626771
110.54,1,09:03:23.077626771
110.54,1,09:03:23.079617442
110.54,2,09:03:23.079706154
110.54,3,09:03:23.079722007
110.54,20,09:03:23.079740204
110.54,12,09:03:23.080489192
110.54,5,09:03:23.080489192
110.54,13,09:03:23.080561722
110.54,1,09:03:23.080581633
110.54,1,09:03:23.080596461
110.54,1,09:03:23.080610125
110.54,1,09:03:23.080623757
110.54,1,09:03:23.080637626
110.54,1,09:03:23.080651014
110.54,5,09:03:23.080664993
110.55,4,09:03:23.089235551
110.55,8,09:03:23.089340165
110.55,6,09:03:23.089358130
110.55,1,09:03:23.141376501
110.55,1,09:03:23.160579729
110.55,2,09:03:23.177635541
110.55,1,09:03:23.178155579
110.54,1,09:03:25.237239673
110.54,12,09:03:25.237254297
110.54,1,09:03:25.237268774
110.54,1,09:03:25.237282690
110.54,10,09:03:25.237458108
110.54,1,09:03:25.238699349
110.54,1,09:03:25.238714978
110.54,3,09:03:25.257849838
110.54,1,09:03:25.258374017
110.54,1,09:03:25.258494838
110.55,1,09:04:02.042846338
110.55,12,09:04:02.042937135
110.55,2,09:04:02.042952498
110.56,1,09:04:28.888884951
110.56,1,09:04:28.888978774
110.56,2,09:04:28.888999203
110.56,1,09:04:28.888999203
110.56,1,09:04:28.974622937
110.56,2,09:04:28.974773250
110.56,1,09:04:28.974773250
110.56,1,09:04:28.974795989
110.56,1,09:04:28.974813202
110.56,3,09:04:28.974813202
110.56,5,09:04:35.098549454
110.56,1,09:04:35.098638397
110.56,3,09:04:35.098652992
110.56,1,09:04:35.098652992
110.56,2,09:04:35.098652992
110.56,1,09:04:35.098667770
110.56,3,09:04:40.119575786
110.56,1,09:04:40.119575786
110.56,6,09:04:40.119575786
110.56,1,09:04:42.008874046
110.57,1,09:04:49.118424982
110.57,1,09:04:49.118783877
110.57,1,09:04:49.120554202
110.58,1,09:05:06.029377220
110.57,1,09:05:07.202022751
110.57,2,09:05:07.202022751
110.57,4,09:05:07.204388570
110.57,1,09:05:07.204628571
110.57,1,09:05:07.204712151
110.57,1,09:05:07.204814248
110.58,7,09:05:30.603064906
110.57,4,09:05:34.241708889
110.57,3,09:05:34.242207711
110.57,6,09:05:34.242221977
110.57,1,09:05:34.242221977
110.57,12,09:05:39.605068986
110.57,6,09:05:39.605094038
110.57,1,09:05:39.605094038
110.57,1,09:05:39.605271059
110.57,1,09:05:39.615789595
110.57,3,09:05:40.201746504
110.57,1,09:05:40.201771889
110.57,1,09:05:40.268495458
110.57,2,09:05:40.268770379
110.57,2,09:05:40.268787300
110.57,1,09:05:40.268787300
110.57,1,09:05:40.774515246
110.57,1,09:05:40.774590533
110.57,1,09:05:40.774606361
110.57,2,09:05:40.774606361
110.57,1,09:05:40.775946981
110.58,2,09:05:55.123599153
110.58,13,09:05:55.123599153
110.58,1,09:05:55.123685863
110.59,2,09:06:03.562579415
110.59,12,09:06:03.562579415
110.59,2,09:06:04.811273813
110.59,2,09:06:07.294011487
110.59,1,09:06:18.946245536
110.59,1,09:06:18.946370474
110.59,1,09:06:18.946392359
110.59,12,09:06:18.946392359
110.59,18,09:06:18.946392359
110.59,1,09:06:25.332862004
110.59,11,09:06:25.333015369
110.6,1,09:06:29.197948110
110.6,1,09:06:29.198126487
110.6,1,09:06:29.198146666
110.6,2,09:06:29.198146666
110.6,12,09:06:29.198146666
110.6,2,09:06:29.198167687
110.6,3,09:06:29.198167687
110.6,24,09:06:29.198167687
110.6,8,09:06:29.198167687
110.6,18,09:06:29.198167687
110.6,13,09:06:29.198167687
110.6,6,09:06:29.198749530
110.6,3,09:06:29.198763078
110.6,2,09:06:29.198777120
110.6,2,09:06:29.198794601
110.6,4,09:06:29.198808368
110.6,1,09:06:29.198822185
110.6,1,09:06:29.198835936
110.6,2,09:06:29.198849571
110.6,1,09:06:29.198865414
110.6,7,09:06:29.198880560
110.6,2,09:06:29.198893114
110.6,18,09:06:29.199218879
110.6,15,09:06:29.199908770
110.6,1,09:06:29.200080212
110.6,8,09:06:32.378592330
110.6,1,09:06:32.378663264
110.61,12,09:06:35.576633543
110.61,18,09:06:35.576817405
110.61,2,09:06:35.576841572
110.61,1,09:06:35.576841572
110.61,3,09:06:35.576841572
110.61,8,09:06:35.576860199
110.61,29,09:06:35.576860199
110.61,1,09:06:35.576860199
110.61,6,09:06:35.576860199
110.61,7,09:06:35.576860199
110.61,9,09:06:35.577421094
110.61,1,09:06:35.577435165
110.61,4,09:06:35.577450189
110.61,4,09:06:35.577464070
110.61,18,09:06:35.579635389
110.61,8,09:06:39.584246982
110.61,1,09:06:39.584262150
110.61,3,09:06:39.584262150
110.61,12,09:06:39.584276662
110.61,1,09:06:39.584276662
110.61,35,09:06:39.584290421
110.61,1,09:06:39.584303813
110.61,18,09:06:39.584316943
110.61,1,09:06:39.584330812
110.61,8,09:06:39.584330812
110.61,1,09:06:39.584344444
110.61,17,09:06:39.584359970
110.61,12,09:06:39.585398523
110.61,5,09:06:39.585429147
110.61,29,09:06:39.585659934
110.61,1,09:07:06.638121930
110.61,4,09:07:06.638537744
110.61,1,09:07:06.638537744
110.61,3,09:07:06.638537744
110.61,3,09:07:06.638555926
110.61,1,09:07:06.638555926
110.61,1,09:07:10.917621669
110.61,1,09:07:10.918613195
110.61,1,09:07:10.919099777
110.61,7,09:07:10.919218967
110.61,1,09:07:10.933963136
110.6,3,09:07:25.215017863
110.6,7,09:07:25.215182110
110.6,2,09:07:25.215206955
110.6,1,09:07:25.215206955
110.6,1,09:07:25.215228376
110.6,1,09:07:27.524619449
110.6,7,09:07:27.524892705
110.6,1,09:07:27.524892705
110.6,5,09:07:44.412455248
110.6,3,09:07:44.412455248
110.6,1,09:07:44.412694950
110.6,2,09:07:44.412713138
110.6,18,09:07:44.412713138
110.6,1,09:07:44.412713138
110.6,2,09:07:44.412992431
110.6,5,09:07:44.413008249
110.6,7,09:07:44.413024281
110.6,3,09:07:44.413534236
110.6,12,09:07:51.220748759
110.6,17,09:07:51.221139257
110.6,1,09:08:27.286220687
110.6,6,09:08:27.286220687
110.6,7,09:08:32.261222129
110.6,6,09:08:37.261559074
110.6,7,09:08:42.261565551
110.6,3,09:08:47.262101122
110.6,6,09:08:52.286403214
110.6,6,09:08:57.286671208
110.59,1,09:09:00.180498949
110.59,6,09:09:00.180566911
110.59,1,09:09:00.180671839
110.59,6,09:09:00.180843007
110.59,1,09:09:00.180863212
110.59,2,09:09:00.180863212
110.59,1,09:09:00.180881135
110.59,1,09:09:29.170892858
110.59,1,09:09:29.171139827
110.59,5,09:09:29.171271846
110.59,9,09:09:29.171271846
110.59,1,09:09:29.181446665
110.59,3,09:09:35.299907690
110.59,1,09:09:35.300272210
110.59,1,09:09:58.742950300
110.59,2,09:10:15.107351608
110.59,1,09:10:15.107351608
110.59,2,09:10:15.107498691
110.59,1,09:10:15.107530798
110.59,1,09:10:15.118010048
110.6,3,09:10:26.994112927
110.6,8,09:10:26.994112927
110.6,1,09:10:26.994131190
110.6,3,09:10:28.128646132
110.6,1,09:10:28.128646132
110.6,11,09:10:28.128662599
110.6,1,09:10:28.128662599
110.6,2,09:10:28.128662599
110.6,10,09:10:28.129048405
110.6,6,09:10:28.129077742
110.6,5,09:10:28.129077742
110.6,1,09:10:28.932362001
110.59,3,09:10:41.566002097
110.59,12,09:10:41.566134713
110.59,1,09:10:41.566149609
110.59,3,09:10:41.566149609
110.59,2,09:10:41.566149609
110.59,1,09:10:41.566162540
110.59,5,09:10:41.566353124
110.58,2,09:10:41.621942411
110.58,8,09:10:41.622040817
110.58,4,09:10:41.624708207
110.58,6,09:10:42.566581750
110.58,5,09:10:42.567041585
110.58,2,09:10:42.576181528
110.58,1,09:10:52.144891731
110.58,1,09:10:52.145343570
110.58,1,09:10:53.182350667
110.59,1,09:11:00.369809212
110.59,2,09:11:00.369809212
110.59,8,09:11:00.369824739
110.59,1,09:11:00.369965122
110.59,2,09:11:00.369965122
110.59,1,09:11:05.495504583
110.59,1,09:11:05.614909591
110.59,1,09:11:13.576923650
110.58,2,09:11:32.461747678
110.57,5,09:11:42.584560185
110.57,1,09:11:42.584560185
110.57,12,09:11:42.584984334
110.57,1,09:11:42.585125383
110.57,47,09:11:42.585464566
110.57,1,09:11:42.585579698
110.57,2,09:11:42.585603330
110.57,3,09:11:42.586095917
110.57,12,09:11:42.596041285
110.57,1,09:11:42.606895820
110.57,20,09:11:42.690888113
110.57,2,09:11:47.044890024
110.57,1,09:11:47.044915100
110.57,3,09:11:47.044915100
110.57,1,09:11:49.961753309
110.57,1,09:11:50.094676127
110.57,1,09:11:50.402183738
110.57,2,09:11:50.402198528
110.57,1,09:12:41.627804356
110.57,1,09:12:41.628443473
110.57,3,09:12:41.628443473
110.57,1,09:12:41.628916522
110.57,2,09:12:41.628937081
110.57,1,09:12:41.628937081
110.57,48,09:12:41.629086821
110.57,7,09:12:41.629086821
110.57,2,09:12:41.629086821
110.57,1,09:12:41.629104312
110.57,6,09:12:41.639984227
110.57,7,09:12:41.640270530
110.57,11,09:12:41.647972580
110.57,19,09:12:44.517849692
110.57,1,09:12:44.518046994
110.57,2,09:12:44.518068069
110.57,1,09:12:44.518068069
110.57,1,09:12:44.518099349
110.57,12,09:12:44.518099349
110.57,3,09:12:44.518099349
110.57,2,09:12:44.518099349
110.57,12,09:12:44.518397787
110.57,15,09:13:02.109729730
110.57,4,09:13:02.110237320
110.57,3,09:13:02.110393188
110.57,1,09:13:02.110687544
110.57,1,09:13:02.110820315
110.57,1,09:13:02.111756871
110.57,7,09:13:02.113884907
110.57,1,09:13:02.114107977
110.57,1,09:13:02.114351324
110.57,5,09:13:02.114351324
110.57,4,09:13:02.114351324
110.57,7,09:13:02.114351324
110.57,4,09:13:02.114366575
110.57,3,09:13:03.052591382
110.57,1,09:13:14.031396412
110.56,1,09:13:45.703494535
110.56,3,09:13:45.703688769
110.56,24,09:13:45.703703429
110.56,1,09:13:45.703703429
110.56,2,09:13:45.703703429
110.56,13,09:13:45.703859086
110.56,11,09:13:45.703876172
110.56,52,09:13:45.703876172
110.56,2,09:13:45.703876172
110.56,1,09:13:45.703876172
110.56,3,09:13:45.704065380
110.56,2,09:13:45.704081988
110.56,1,09:13:45.704081988
110.56,3,09:13:45.704117416
110.56,1,09:13:45.714300408
110.56,6,09:13:45.714300408
110.56,11,09:13:45.732442674
110.57,2,09:14:10.505550038
110.57,1,09:14:10.505550038
110.57,1,09:14:10.505752067
110.57,3,09:14:10.505769053
110.57,1,09:14:10.505769053
110.57,1,09:14:10.505843814
110.57,46,09:14:10.505970989
110.57,3,09:14:10.506122082
110.57,3,09:14:10.506148905
110.57,2,09:14:10.506148905
110.57,2,09:14:10.673635824
110.58,1,09:14:20.311693750
110.58,1,09:14:20.323342177
110.58,1,09:14:20.323533390
110.58,2,09:14:20.323533390
110.58,2,09:14:20.323554596
110.58,1,09:14:20.323554596
110.58,21,09:14:20.323574532
110.58,1,09:14:20.323574532
110.58,2,09:14:20.323574532
110.58,1,09:14:20.325490905
110.58,1,09:14:20.325742549
110.58,1,09:14:20.325926316
110.58,2,09:14:20.325926316
110.58,1,09:14:20.325946771
110.57,3,09:14:20.583285451
110.57,1,09:14:20.583572638
110.57,1,09:14:20.583586248
110.57,1,09:14:20.583600184
110.57,1,09:14:20.583614997
110.57,12,09:14:20.583628545
110.57,1,09:14:20.583642741
110.57,1,09:14:20.583658478
110.57,7,09:14:20.583658478
110.57,1,09:14:20.583671797
110.57,6,09:14:20.583685329
110.57,1,09:14:20.583699838
110.57,28,09:14:20.583699838
110.57,15,09:14:20.583699838
110.57,7,09:14:20.583775006
110.57,12,09:14:20.583788625
110.58,1,09:14:23.883784751
110.58,2,09:14:23.883801308
110.58,3,09:14:23.883801308
110.58,6,09:14:23.883833509
110.58,3,09:14:23.884014975
110.58,1,09:14:23.884029883
110.58,2,09:14:23.884044050
110.58,3,09:14:23.884057518
110.58,1,09:14:23.884072318
110.58,1,09:14:23.884085400
110.58,1,09:14:23.884102661
110.58,2,09:14:23.987554111
110.58,1,09:14:23.988787848
110.57,3,09:14:50.697358689
110.57,18,09:14:50.697472205
110.57,1,09:14:50.697488274
110.57,3,09:14:50.697488274
110.57,13,09:14:50.697504918
110.57,1,09:14:50.697504918
110.58,3,09:14:53.050204712
110.58,1,09:15:03.069426709
110.57,2,09:15:03.309578374
110.57,1,09:15:03.309842028
110.57,3,09:15:03.309842028
110.57,2,09:15:03.309935138
110.57,2,09:15:03.309956015
110.57,7,09:15:03.888395395
110.57,4,09:15:03.888416202
110.57,2,09:15:07.417484095
110.57,6,09:15:07.417562373
110.57,12,09:15:07.417562373
110.57,3,09:15:15.526157082
110.57,6,09:15:16.620377467
110.57,1,09:15:16.620377467
110.57,4,09:15:16.620377467
110.57,1,09:15:16.620541580
110.57,2,09:15:17.221402535
110.57,3,09:15:17.221468573
110.56,1,09:15:19.566807626
110.56,6,09:15:19.567006825
110.56,7,09:15:23.704299089
110.56,7,09:15:23.704563594
110.56,1,09:15:23.820273623
110.56,1,09:15:23.820592244
110.56,1,09:15:23.820953127
110.56,6,09:15:30.926757527
110.56,3,09:15:30.926840574
110.56,1,09:15:30.926840574
110.56,1,09:15:30.927035473
110.56,2,09:15:30.927175200
110.56,3,09:15:30.927193710
110.56,2,09:15:30.927193710
110.56,7,09:15:31.034404374
110.56,3,09:15:50.151753033
110.56,7,09:15:50.152580978
110.56,7,09:15:50.152680949
110.56,6,09:15:50.153368981
110.56,7,09:15:50.153614362
110.56,7,09:15:50.153793198
110.56,7,09:15:50.153808045
110.56,3,09:15:50.153808045
110.56,2,09:15:50.153821697
110.56,1,09:15:50.153821697
110.56,12,09:15:50.163996773
110.56,1,09:15:50.163996773
110.56,5,09:15:50.176232406
110.56,29,09:15:51.577468883
110.56,5,09:15:51.588148483
110.56,2,09:15:51.588249456
110.56,6,09:15:51.588249456
110.56,1,09:15:51.588268050
110.56,12,09:15:51.588268050
110.56,12,09:15:51.588442553
110.56,9,09:15:51.588777701
110.56,6,09:15:51.599303425
110.56,4,09:15:51.599303425
110.56,5,09:15:51.599390140
110.56,21,09:15:51.674546916
110.56,6,09:16:00.075275424
110.56,2,09:16:04.871250706
110.56,11,09:16:04.871250706
110.56,1,09:16:04.871349070
110.56,1,09:16:04.871363502
110.56,3,09:16:04.871363502
110.56,2,09:16:04.871380075
110.56,1,09:16:04.871846530
110.56,5,09:16:04.871846530
110.56,2,09:16:04.871846530
110.56,1,09:16:13.394680258
110.56,1,09:16:13.394694459
110.56,2,09:16:13.394725362
110.56,2,09:16:13.394838025
110.56,1,09:16:17.774475084
110.56,1,09:16:17.774782818
110.56,51,09:16:17.774956988
110.56,3,09:16:17.774956988
110.56,1,09:16:17.774956988
110.56,44,09:16:17.785417442
110.56,5,09:16:17.785499413
110.56,1,09:16:17.785853240
110.56,5,09:16:17.948650866
110.56,4,09:16:17.948650866
110.56,1,09:16:17.948983103
110.56,1,09:16:17.949357868
110.56,16,09:16:30.371132591
110.56,4,09:16:30.371257099
110.56,10,09:16:30.371272177
110.56,2,09:16:30.371272177
110.56,6,09:16:30.371272177
110.56,9,09:16:30.371272177
110.56,1,09:16:30.371288789
110.56,2,09:16:30.372092993
110.56,1,09:16:30.372242911
110.56,1,09:16:30.372454280
110.56,1,09:16:31.788490856
110.56,1,09:16:37.194916256
110.56,1,09:16:37.195269852
110.56,1,09:16:37.195284402
110.56,1,09:16:37.195391117
110.56,1,09:16:37.195500118
110.56,1,09:16:37.195749203
110.56,1,09:16:37.195834163
110.56,5,09:16:37.195990192
110.56,1,09:16:37.196820015
110.56,1,09:16:37.197200140
110.56,1,09:16:38.676573618
110.56,1,09:16:39.992620018
110.57,3,09:17:03.052791368
110.56,3,09:17:03.211860191
110.56,1,09:17:03.212006693
110.56,3,09:17:03.212006693
110.56,1,09:17:03.212023553
110.56,2,09:17:03.212023553
110.56,12,09:17:03.212023553
110.56,3,09:17:03.212023553
110.56,3,09:17:03.212042815
110.56,3,09:17:16.357294567
110.56,1,09:17:16.357413766
110.56,18,09:17:16.357693998
110.56,1,09:17:43.690881934
110.56,2,09:17:43.691134692
110.56,2,09:17:43.691238720
110.56,2,09:17:43.691498775
110.56,18,09:17:43.691498775
110.56,1,09:17:43.691498775
110.56,1,09:17:43.705202100
110.56,2,09:17:48.627573660
110.56,1,09:17:48.627573660
110.56,1,09:17:48.629589489
110.56,1,09:17:53.076016321
110.56,3,09:17:53.076101131
110.56,1,09:17:53.076101131
110.55,1,09:18:00.823371343
110.55,1,09:18:00.823495515
110.55,1,09:18:00.823516936
110.55,13,09:18:00.823516936
110.55,2,09:18:00.823516936
110.56,3,09:18:03.049572880
110.55,10,09:18:07.754966836
110.56,2,09:18:13.072973992
110.56,1,09:18:36.020457828
110.56,75,09:18:36.020457828
110.56,3,09:18:36.020475313
110.56,12,09:18:36.020475313
110.56,1,09:18:36.020475313
110.56,6,09:18:39.961549243
110.56,1,09:18:43.056157476
110.56,1,09:18:43.056171633
110.56,6,09:18:43.056171633
110.56,1,09:18:52.577014214
110.56,3,09:18:53.053650829
110.56,1,09:18:53.251892218
110.56,1,09:18:53.252253121
110.56,2,09:18:56.483480725
110.56,2,09:19:03.047665551
110.56,3,09:19:13.062806304
110.55,6,09:19:17.454994532
110.56,1,09:19:20.661442425
110.56,2,09:19:23.060627940
110.55,5,09:19:28.254889108
110.55,2,09:19:28.255036345
110.55,2,09:19:28.255412906
110.55,1,09:19:28.255412906
110.55,17,09:19:28.255427468
110.55,34,09:19:28.255505331
110.55,3,09:19:28.255505331
110.55,2,09:19:28.255659359
110.55,14,09:19:28.255659359
110.55,2,09:19:28.255672800
110.55,3,09:19:28.255672800
110.55,1,09:19:28.256176716
110.55,1,09:19:28.256201052
110.55,2,09:19:28.256218543
110.55,1,09:19:28.256233158
110.55,1,09:19:28.256248079
110.55,1,09:19:28.256262729
110.55,1,09:19:28.256276533
110.55,1,09:19:28.256290374
110.55,1,09:19:28.256304876
110.55,1,09:19:28.256318533
110.55,1,09:19:28.256332117
110.55,1,09:19:28.256346444
110.55,1,09:19:28.256360079
110.55,1,09:19:28.256377660
110.55,1,09:19:28.256391116
110.55,1,09:19:28.256559365
110.55,3,09:19:28.256579378
110.55,1,09:19:28.256593458
110.55,1,09:19:28.256607752
110.55,2,09:19:28.256621055
110.55,1,09:19:28.256882043
110.55,1,09:19:28.256895157
110.55,4,09:19:28.256915509
110.55,10,09:19:28.266150812
110.55,2,09:19:28.266323097
110.55,2,09:19:28.266348841
110.55,1,09:19:28.266348841
110.55,2,09:19:28.266364732
110.55,9,09:19:28.266364732
110.55,11,09:19:28.266364732
110.55,1,09:19:28.323990743
110.55,2,09:19:28.413831614
110.55,1,09:19:28.413912129
110.55,3,09:19:43.275996631
110.55,8,09:19:43.275996631
110.55,1,09:19:43.275996631
110.55,25,09:19:43.276087757
110.55,5,09:19:43.454781384
110.55,1,09:19:43.454781384
110.55,3,09:19:43.455082938
110.55,9,09:19:43.455231064
110.55,1,09:19:45.348287984
110.55,3,09:20:07.646774989
110.55,1,09:20:07.646774989
110.55,1,09:20:07.646853919
110.55,1,09:20:07.646871139
110.55,3,09:20:13.055944295
110.55,3,09:20:33.054761155
110.54,2,09:20:46.620802377
110.54,1,09:20:46.620879318
110.54,2,09:20:46.727938516
110.54,3,09:20:46.727938516
110.54,2,09:20:46.727997450
110.54,1,09:20:50.416013548
110.54,1,09:20:52.023433363
110.54,1,09:20:52.023816629
110.54,16,09:20:52.023990073
110.54,6,09:20:52.258565482
110.54,4,09:20:52.258731939
110.54,4,09:20:52.266209041
110.54,2,09:20:52.590067946
110.54,4,09:20:55.153345310
110.54,2,09:21:20.203965723
110.54,12,09:21:20.203979444
110.54,1,09:21:20.204073697
110.54,1,09:21:20.204092827
110.54,25,09:21:20.204092827
110.54,7,09:21:20.204092827
110.54,1,09:21:22.020030557
110.55,1,09:21:23.569115919
110.55,2,09:21:33.064472214
110.54,2,09:21:40.844990864
110.54,1,09:21:41.238432486
110.54,1,09:21:41.238508732
110.54,1,09:21:44.840424700
110.54,1,09:21:53.063162406
110.54,1,09:21:54.065667935
110.54,1,09:21:54.065803636
110.54,1,09:21:55.573188348
110.55,1,09:22:52.700124290
110.55,17,09:22:52.700124290
110.55,3,09:22:52.700124290
110.55,10,09:22:52.700441285
110.55,2,09:22:52.700457883
110.55,2,09:22:52.700557762
110.55,1,09:22:52.700585722
110.55,6,09:22:52.702575936
110.55,8,09:22:52.702785277
110.55,1,09:22:52.702917622
110.55,2,09:22:52.702936685
110.55,1,09:22:52.702936685
110.55,4,09:22:52.702936685
110.55,6,09:22:52.702952304
110.55,15,09:22:52.704698164
110.55,16,09:22:52.704782919
110.55,8,09:22:52.704945775
110.55,7,09:22:52.705223483
110.55,1,09:22:52.705223483
110.55,5,09:22:52.705538567
110.55,3,09:22:52.705787880
110.55,1,09:22:52.705908477
110.55,2,09:22:52.705908477
110.55,1,09:22:52.706059073
110.55,1,09:22:52.706199265
110.55,1,09:22:52.706294339
110.55,1,09:22:52.760006951
110.55,2,09:22:52.760006951
110.55,12,09:22:52.760024913
110.55,2,09:22:53.765833111
110.54,1,09:23:03.052245554
110.54,2,09:23:03.052260750
110.54,5,09:23:03.052304443
110.54,8,09:23:04.561562986
110.55,1,09:23:13.051677045
110.55,3,09:23:23.056312545
110.55,1,09:23:33.050457435
110.55,1,09:23:43.054551753
110.55,15,09:23:54.168498122
110.55,3,09:23:54.168880042
110.55,8,09:23:54.169049710
110.55,32,09:23:54.169049710
110.55,4,09:23:54.169064468
110.55,12,09:23:54.169192769
110.55,1,09:23:54.169438074
110.55,25,09:23:54.169556794
110.55,5,09:23:54.172277342
110.55,2,09:23:54.172277342
110.55,2,09:23:54.172379073
110.55,5,09:23:54.172379073
110.56,1,09:24:03.056851000
110.56,1,09:24:03.056948197
110.56,1,09:24:03.056961669
110.56,2,09:24:03.056961669
110.56,2,09:24:13.056867607
110.56,1,09:24:13.056935222
110.55,1,09:24:15.225056561
110.55,3,09:24:15.225237131
110.55,9,09:24:15.265979503
110.55,1,09:24:15.265979503
110.56,2,09:24:23.052578119
110.55,1,09:24:29.612870866
110.55,1,09:24:30.011292860
110.55,2,09:24:30.011729503
110.55,1,09:24:30.011756086
110.55,20,09:24:30.011794008
110.55,6,09:24:30.011794008
110.55,1,09:24:30.011794008
110.55,12,09:24:30.011794008
110.55,40,09:24:30.011794008
110.55,1,09:24:30.011987116
110.55,1,09:24:30.012244776
110.56,3,09:24:33.055966099
110.55,42,09:24:34.004093914
110.55,14,09:24:34.004237562
110.55,1,09:24:34.004252593
110.55,3,09:24:34.004252593
110.55,6,09:24:34.004457565
110.55,25,09:24:34.004485722
110.55,7,09:24:34.004485722
110.56,1,09:24:43.052788316
110.56,2,09:24:53.058592305
110.56,1,09:24:53.058592305
110.56,2,09:25:03.066598705
110.55,5,09:25:07.462288928
110.55,1,09:25:08.970128781
110.55,21,09:25:08.970516884
110.55,3,09:25:08.970516884
110.55,2,09:25:08.970808500
110.55,1,09:25:08.970808500
110.55,1,09:25:09.082291080
110.55,1,09:25:11.649236650
110.56,3,09:25:13.054799273
110.56,2,09:25:23.067333854
110.55,7,09:25:47.785841460
110.55,1,09:25:47.786010410
110.55,2,09:25:47.786025450
110.55,1,09:25:47.786025450
110.55,1,09:25:47.786195194
110.55,6,09:25:47.786217418
110.55,1,09:25:47.786217418
110.55,25,09:25:47.786217418
110.55,1,09:25:47.786589083
110.55,2,09:25:47.787390915
110.55,1,09:25:47.787390915
110.56,5,09:25:53.053267814
110.56,3,09:25:54.056136096
110.56,6,09:26:00.267488220
110.56,17,09:26:00.268088905
110.56,10,09:26:00.269072621
110.56,1,09:26:00.269661178
110.56,2,09:26:01.846491949
110.57,1,09:26:03.048138385
110.57,1,09:26:03.048197904
110.56,3,09:26:13.061475543
110.56,1,09:26:26.546430598
110.56,1,09:26:26.546718366
110.56,5,09:26:26.546718366
110.56,1,09:26:28.354856718
110.56,2,09:26:28.355082014
110.56,2,09:26:28.355216293
110.56,2,09:26:29.416009556
110.56,3,09:26:29.416026375
110.56,2,09:26:33.066747411
110.56,1,09:26:33.066747411
110.56,2,09:26:34.072944049
110.56,2,09:27:08.247772012
110.56,1,09:27:08.247867544
110.56,3,09:27:08.247883449
110.56,44,09:27:08.247883449
110.56,6,09:27:08.859715048
110.56,12,09:27:08.859715048
110.56,2,09:27:08.859811103
110.56,3,09:27:08.859837199
110.56,8,09:27:08.887495048
110.56,2,09:27:08.913164355
110.56,1,09:27:08.913164355
110.56,1,09:27:08.913259020
110.56,4,09:27:08.913276325
110.56,2,09:27:12.890886793
110.56,1,09:27:12.891269657
110.56,2,09:27:12.891374767
110.56,12,09:27:12.891397983
110.56,6,09:27:12.891838085
110.56,6,09:27:12.892304478
110.56,2,09:27:12.980528702
110.56,2,09:27:12.980828269
110.56,1,09:27:12.981050155
110.57,1,09:27:13.060527352
110.57,1,09:27:13.060626426
110.57,1,09:27:13.060642717
110.57,3,09:27:13.060656433
110.56,1,09:27:13.068613570
110.57,2,09:27:14.069807096
110.57,3,09:27:23.051933275
110.57,2,09:27:33.061365372
110.57,1,09:27:43.055721160
110.57,2,09:27:43.055721160
110.57,1,09:27:53.061758875
110.57,2,09:28:03.051930100
110.57,1,09:28:03.051930100
110.56,1,09:28:32.762163109
110.56,1,09:28:32.762467601
110.56,4,09:28:32.762499624
110.56,1,09:28:32.762499624
110.56,2,09:28:32.762648692
110.56,7,09:28:36.822460007
110.56,1,09:28:36.822633920
110.56,3,09:28:36.822633920
110.56,3,09:28:36.822759549
110.56,1,09:28:36.822780240
110.56,2,09:28:36.822918970
110.56,5,09:28:36.823073635
110.56,1,09:28:36.823187046
110.56,1,09:28:43.059354128
110.55,25,09:28:59.545838952
110.55,1,09:28:59.545905618
110.55,8,09:29:03.049936164
110.55,6,09:29:04.062312723
110.54,2,09:29:14.625070367
110.54,3,09:29:14.625070367
110.54,4,09:29:14.625084780
110.54,1,09:29:14.625084780
110.54,21,09:29:14.625648965
110.54,4,09:29:14.625648965
110.54,1,09:29:23.062516627
110.53,5,09:29:28.266528033
110.53,1,09:29:28.266541668
110.53,1,09:29:28.266556472
110.53,2,09:29:28.266556472
110.53,1,09:29:28.266572142
110.53,12,09:29:28.266585835
110.54,1,09:29:30.033146146
110.54,3,09:29:33.055876817
110.54,1,09:29:54.075895233
110.54,2,09:29:54.075911297
110.54,1,09:29:54.075911297
110.53,1,09:29:56.203211951
110.54,1,09:30:03.046960437
110.54,1,09:30:03.047031065
110.54,1,09:30:03.047045363
110.54,2,09:30:04.059147319
110.54,1,09:30:04.059147319
110.53,2,09:30:25.136322011
110.53,7,09:30:25.136322011
110.53,1,09:30:25.136336699
110.54,3,09:30:29.078701809
110.53,1,09:30:33.503319558
110.53,9,09:30:33.503405292
110.53,1,09:30:33.503547645
110.53,2,09:30:33.503604714
110.53,13,09:30:33.504232463
110.53,8,09:30:33.504255644
110.53,1,09:30:33.504255644
110.53,3,09:30:33.504255644
110.53,5,09:30:33.504255644
110.52,18,09:30:38.924865061
110.52,15,09:30:38.924937079
110.52,10,09:30:38.925731437
110.52,5,09:30:38.937644200
110.52,3,09:30:38.939200695
110.52,1,09:30:38.940852672
110.52,8,09:30:38.977651209
110.52,1,09:30:38.977767727
110.52,1,09:30:38.988609968
110.52,2,09:30:38.988609968
110.52,6,09:30:38.988623063
110.52,2,09:30:38.988720564
110.52,1,09:30:38.989282186
110.52,14,09:30:39.218359746
110.52,4,09:30:39.218813928
110.52,6,09:30:40.705741380
110.52,1,09:30:40.706235940
110.52,1,09:30:40.706392228
110.52,10,09:30:40.730108291
110.52,24,09:30:40.730108291
110.52,1,09:30:40.730430045
110.52,2,09:30:40.740791291
110.52,4,09:30:40.740791291
110.52,1,09:30:40.740872671
110.52,1,09:30:40.740888021
110.52,1,09:30:41.117173023
110.52,7,09:30:41.117173023
110.52,1,09:30:43.607525629
110.52,1,09:30:43.607629136
110.52,1,09:30:43.608090433
110.52,1,09:30:43.772314751
110.52,1,09:30:43.772416062
110.52,1,09:30:43.772527531
110.52,1,09:30:43.772545683
110.52,1,09:30:43.861958308
110.52,1,09:30:43.862476343
110.52,1,09:30:43.934239879
110.52,1,09:30:44.875025926
110.52,1,09:30:44.875131839
110.52,1,09:30:44.875513347
110.52,1,09:30:44.967563317
110.52,1,09:30:44.968139506
110.52,1,09:30:44.968509812
110.52,1,09:30:44.968910065
110.52,1,09:30:44.969470180
110.52,1,09:30:51.385354765
110.52,1,09:30:51.385436060
110.52,1,09:30:51.385463517
110.53,3,09:31:13.814028135
110.53,1,09:31:13.814028135
110.53,1,09:31:13.814043585
110.53,2,09:31:13.814043585
110.53,1,09:31:13.814675034
110.53,3,09:31:13.814675034
110.53,2,09:31:13.814675034
110.53,10,09:31:13.814925869
110.53,1,09:31:13.814948420
110.54,27,09:31:21.061388913
110.54,2,09:31:21.061388913
110.54,1,09:31:21.061471714
110.54,3,09:31:21.061471714
110.54,17,09:31:21.061485630
110.54,3,09:31:23.049619277
110.53,10,09:31:27.729414629
110.53,10,09:31:27.729430338
110.53,21,09:31:27.730449678
110.53,28,09:31:27.730468270
110.53,22,09:31:27.730498241
110.53,2,09:31:27.730513547
110.53,1,09:31:27.730526868
110.53,1,09:31:27.730541124
110.53,1,09:31:27.730554843
110.53,1,09:31:27.730568571
110.53,1,09:31:27.730582270
110.53,1,09:31:27.730595988
110.53,1,09:31:27.730612500
110.53,1,09:31:27.730625447
110.53,1,09:31:27.730639450
110.53,1,09:31:27.730653278
110.53,1,09:31:27.730669473
110.53,1,09:31:27.752160867
110.53,1,09:31:27.938795916
110.53,2,09:31:33.047974167
110.53,3,09:31:38.197908283
110.53,2,09:31:38.197994788
110.53,3,09:31:38.198249275
110.52,5,09:31:42.919165734
110.53,2,09:31:43.063112460
110.53,1,09:31:43.063129606
110.53,1,09:31:51.671879895
110.53,1,09:31:51.672122748
110.53,1,09:31:51.672380278
110.53,1,09:31:51.753914105
110.53,2,09:31:52.234801959
110.53,2,09:31:53.060816251
110.53,1,09:32:01.437306161
110.53,2,09:32:01.437306161
110.53,2,09:32:01.437689964
110.53,2,09:32:02.315812706
110.53,1,09:32:02.405463955
110.53,2,09:32:02.480266598
110.53,1,09:32:02.497664638
110.53,1,09:32:02.497752455
110.53,2,09:32:03.052633276
110.53,1,09:32:03.052633276
110.53,2,09:32:07.475979281
110.53,1,09:32:07.476064436
110.53,1,09:32:07.476085502
110.53,3,09:32:07.529184170
110.53,2,09:32:07.565924293
110.53,2,09:32:07.614333887
110.53,1,09:32:07.614333887
110.53,2,09:32:08.486846324
110.53,1,09:32:08.486930574
110.53,1,09:32:08.486953105
110.53,1,09:32:08.487248343
110.53,2,09:32:09.186095075
110.53,3,09:32:09.498324634
110.53,1,09:32:09.498324634
110.53,3,09:32:10.470577988
110.53,1,09:32:10.470577988
110.53,3,09:32:10.557301002
110.53,1,09:32:10.640785199
110.53,1,09:32:10.641542749
110.53,1,09:32:10.750326086
110.53,1,09:32:11.761109202
110.53,2,09:32:11.761109202
110.53,1,09:32:11.761206985
110.53,1,09:32:11.761352242
110.53,2,09:32:12.771964798
110.53,2,09:32:13.064437742
110.53,1,09:32:13.782779296
110.53,2,09:32:13.782879628
110.53,1,09:32:13.782944479
110.53,1,09:32:13.783260179
110.53,3,09:32:14.793672579
110.53,1,09:32:14.793672579
110.53,1,09:32:17.688599738
110.53,3,09:32:17.688599738
110.53,4,09:32:18.699398879
110.53,2,09:32:18.699538969
110.53,1,09:32:18.699557100
110.53,2,09:32:19.710344624
110.53,2,09:32:19.710367914
110.53,3,09:32:21.657715345
110.53,1,09:32:21.657715345
110.53,1,09:32:21.784555733
110.53,3,09:32:22.297913677
110.53,2,09:32:22.297913677
110.53,1,09:32:22.297987690
110.53,2,09:32:22.668564151
110.53,2,09:32:22.668664209
110.53,1,09:32:22.668695614
110.53,3,09:32:22.668695614
110.53,1,09:32:23.050566613
110.53,2,09:32:32.871703139
110.53,2,09:32:33.061967964
110.53,20,09:32:33.882634637
110.53,2,09:32:41.595291686
110.53,3,09:32:43.050212837
110.53,2,09:32:53.064334235
110.53,3,09:33:03.059379832
110.52,90,09:34:15.295518190
110.52,1,09:34:15.295628679
110.52,25,09:34:15.295654264
110.52,3,09:34:15.295654264
110.52,2,09:34:15.295654264
110.52,42,09:34:15.295654264
110.52,1,09:34:15.295654264
110.52,2,09:34:15.295666561
110.52,1,09:34:15.295835499
110.52,1,09:34:15.295854488
110.52,1,09:34:15.296278615
110.52,1,09:34:15.296292439
110.52,1,09:34:15.296306417
110.52,3,09:34:15.296324129
110.52,1,09:34:15.296338497
110.52,1,09:34:15.296352059
110.52,1,09:34:15.296365662
110.52,3,09:34:15.296379942
110.52,1,09:34:15.296395050
110.52,20,09:34:15.307640377
110.52,1,09:34:15.342048050
110.52,10,09:34:15.444168584
110.52,58,09:34:16.318502880
110.52,1,09:34:16.318502880
110.52,1,09:34:16.318896950
110.52,6,09:34:16.318914028
110.52,3,09:34:16.318931029
110.52,1,09:34:16.318944940
110.52,1,09:34:16.319283870
110.52,1,09:34:16.319301761
110.52,14,09:34:17.333420852
110.52,1,09:34:17.333420852
110.52,3,09:34:17.333517703
110.52,1,09:34:17.333552958
110.52,1,09:34:17.334517654
110.52,1,09:34:17.421796705
110.52,2,09:34:17.422054891
110.52,1,09:34:17.422164385
110.52,1,09:34:18.344309590
110.52,1,09:34:18.344403315
110.52,1,09:34:18.344434862
110.52,2,09:34:18.344434862
110.52,1,09:34:19.355153237
110.52,2,09:34:19.355168094
110.52,1,09:34:19.355279112
110.52,1,09:34:19.355312812
110.52,4,09:34:19.355312812
110.52,3,09:34:19.356239087
110.52,3,09:34:19.356905728
110.52,2,09:34:19.356905728
110.52,1,09:34:20.366165742
110.52,2,09:34:20.366165742
110.52,1,09:34:20.366296952
110.52,15,09:34:20.366311531
110.52,1,09:34:20.461613944
110.52,2,09:34:20.461613944
110.52,1,09:34:20.462044007
110.52,1,09:34:20.545441209
110.52,1,09:34:20.545792261
110.52,2,09:34:23.060611137
110.52,1,09:34:23.060611137
110.52,1,09:34:23.060719402
110.52,3,09:34:23.060768420
110.52,1,09:34:23.060768420
110.52,1,09:34:23.061193988
110.52,1,09:34:23.165314957
110.52,2,09:34:24.076347312
110.52,1,09:34:24.076661010
110.52,1,09:34:24.076768950
110.52,1,09:34:24.076801062
110.52,1,09:34:24.077252863
110.52,1,09:34:24.327988143
110.52,1,09:34:25.086762902
110.52,1,09:34:25.339078158
110.52,1,09:34:26.349987787
110.52,2,09:34:26.349987787
110.52,1,09:34:26.350249531
110.52,1,09:34:26.350282898
110.52,2,09:34:26.350282898
110.52,3,09:34:26.350282898
110.52,2,09:34:33.054177646
110.52,1,09:34:33.054177646
110.52,1,09:34:43.051956152
110.51,10,09:34:43.351835941
110.51,27,09:34:43.352122507
110.51,2,09:34:43.352233275
110.51,1,09:34:43.352255903
110.51,2,09:34:43.352255903
110.51,11,09:34:43.352255903
110.51,8,09:34:43.352255903
110.51,10,09:34:43.352498584
110.51,3,09:34:43.352797138
110.51,8,09:34:43.352922526
110.51,1,09:34:43.352922526
110.51,6,09:34:43.363679588
110.51,3,09:34:43.364098100
110.51,4,09:34:56.069030530
110.51,3,09:34:56.069239836
110.51,1,09:34:56.070303125
110.51,1,09:34:58.996875275
110.51,1,09:35:00.880255318
110.51,1,09:35:01.895927046
110.51,1,09:35:01.896263692
110.51,2,09:35:03.269877587
110.51,1,09:35:03.317625232
110.51,16,09:35:05.862396864
110.51,4,09:35:20.202859841
110.5,2,09:35:29.563532284
110.5,3,09:35:29.563532284
110.5,1,09:35:29.563532284
110.5,4,09:35:29.563692982
110.5,2,09:35:29.574966959
110.5,10,09:35:29.614212970
110.5,1,09:35:29.614212970
110.5,6,09:35:31.046277980
110.5,14,09:35:31.046277980
110.5,3,09:35:44.898672850
110.5,2,09:35:44.898768600
110.5,1,09:35:44.910292327
110.5,1,09:35:44.910397671
110.5,1,09:35:44.910423002
110.5,5,09:35:44.910423002
110.5,1,09:35:44.910882707
110.5,3,09:35:44.916849635
110.5,1,09:35:44.946241922
110.5,2,09:35:46.408554459
110.5,1,09:35:49.182996307
110.5,15,09:35:49.182996307
110.51,1,09:35:58.250842594
110.51,30,09:35:58.250842594
110.51,1,09:35:58.250925343
110.51,1,09:35:58.250966074
110.51,6,09:35:58.261721878
110.51,5,09:35:58.261744387
110.51,1,09:35:58.270202918
110.51,34,09:36:01.400235633
110.52,3,09:36:02.660368701
110.52,1,09:36:02.660368701
110.52,1,09:36:02.660386475
110.52,5,09:36:03.583302384
110.52,4,09:36:03.682793435
110.52,1,09:36:03.707186747
110.52,4,09:36:04.693630359
110.52,1,09:36:14.472792827
110.52,2,09:36:14.478490517
110.52,1,09:36:15.489481191
110.52,11,09:36:15.489589508
110.52,1,09:36:15.627343228
110.52,1,09:36:15.627438552
110.52,2,09:36:15.627458059
110.52,1,09:36:15.627458059
110.52,1,09:36:15.730250628
110.52,1,09:36:15.730663297
110.52,1,09:36:15.731066932
110.52,1,09:36:15.731123964
110.52,1,09:36:17.134882141
110.52,1,09:36:17.135192821
110.52,2,09:36:22.484203606
110.52,2,09:36:22.484299369
110.52,1,09:36:22.484317785
110.52,2,09:36:23.056741723
110.52,2,09:36:23.504066533
110.52,1,09:36:23.504066533
110.52,1,09:36:23.504145783
110.52,1,09:36:24.514863702
110.52,2,09:36:24.514949340
110.52,1,09:36:24.514981758
110.52,1,09:36:24.515290847
110.52,1,09:36:24.722230584
110.52,3,09:36:24.722651024
110.52,1,09:36:24.722651024
110.52,1,09:36:27.136969399
110.52,1,09:36:27.218880842
110.52,2,09:36:27.220032954
110.52,4,09:36:27.296752393
110.52,4,09:36:27.405156874
110.52,1,09:36:27.405156874
110.52,1,09:36:27.406377697
110.52,2,09:36:27.406377697
110.52,2,09:36:27.407192956
110.52,1,09:36:27.407192956
110.52,1,09:36:27.488800925
110.52,3,09:36:27.489611989
110.52,1,09:36:27.489611989
110.52,2,09:36:29.887429098
110.52,1,09:36:30.292576020
110.52,2,09:36:30.292682033
110.52,1,09:36:30.292682033
110.52,1,09:36:30.292865700
110.52,1,09:36:30.386587050
110.52,2,09:36:30.386656131
110.52,2,09:36:30.552496750
110.52,3,09:36:30.629322457
110.52,2,09:36:30.631873770
110.52,2,09:36:30.898315950
110.52,3,09:36:30.898315950
110.52,5,09:36:30.898443800
110.52,1,09:36:30.898633950
110.52,3,09:36:31.909115667
110.52,1,09:36:31.909189605
110.52,1,09:36:32.026797270
110.52,1,09:36:32.027069260
110.52,2,09:36:32.027069260
110.52,1,09:36:32.027184242
110.52,1,09:36:32.113863110
110.52,1,09:36:32.114288928
110.52,4,09:36:32.114288928
110.52,2,09:36:32.123527306
110.52,1,09:36:32.123547889
110.52,1,09:36:32.212133915
110.52,1,09:36:32.212225358
110.52,2,09:36:32.212225358
110.52,1,09:36:32.222723351
110.52,1,09:36:32.223585232
110.52,3,09:36:32.251593578
110.52,7,09:36:32.253820885
110.52,2,09:36:32.405575448
110.52,1,09:36:32.405575448
110.52,1,09:36:32.501332044
110.52,1,09:36:32.501543317
110.52,1,09:36:32.501630106
110.52,1,09:36:32.502116060
110.52,1,09:36:32.502638888
110.52,2,09:36:32.590104915
110.52,1,09:36:32.601069885
110.52,2,09:36:32.679792566
110.52,1,09:36:32.689544870
110.52,2,09:36:32.766241636
110.52,1,09:36:32.776533145
110.52,2,09:36:32.776533145
110.52,2,09:36:32.851247756
110.52,2,09:36:32.851475193
110.52,2,09:36:32.855558422
110.52,1,09:36:32.932907025
110.52,2,09:36:32.933755910
110.52,2,09:36:32.938523126
110.52,1,09:36:33.022386668
110.52,2,09:36:33.033587354
110.53,1,09:36:33.057660998
110.52,1,09:36:33.106681240
110.52,1,09:36:33.111662872
110.52,1,09:36:33.111729742
110.52,2,09:36:33.115409442
110.52,1,09:36:33.563668781
110.52,1,09:36:33.563758025
110.52,2,09:36:33.563777146
110.52,1,09:36:33.563777146
110.52,1,09:36:33.653215178
110.52,2,09:36:33.653297718
110.53,1,09:36:38.372553890
110.53,1,09:36:38.372568802
110.53,1,09:36:38.372619419
110.53,2,09:36:38.372619419
110.53,2,09:36:38.373017783
110.53,1,09:36:41.279069004
110.53,2,09:36:41.279069004
110.53,2,09:36:41.279406281
110.53,3,09:36:41.279908943
110.53,3,09:36:41.653831033
110.53,2,09:36:41.653831033
110.53,1,09:36:41.745921075
110.53,3,09:36:41.746201876
110.53,1,09:36:41.839598922
110.53,1,09:36:41.839674301
110.53,3,09:36:41.840355129
110.53,2,09:36:41.925679861
110.53,3,09:36:41.933662182
110.53,2,09:36:42.861540340
110.53,1,09:36:43.060423766
110.53,1,09:36:43.872528652
110.53,2,09:36:43.872528652
110.53,1,09:36:44.308827656
110.53,1,09:36:44.312961382
110.53,1,09:36:44.559333204
110.53,1,09:36:44.883318651
110.53,2,09:36:44.883397176
110.53,1,09:36:44.883418373
110.53,1,09:36:44.883706152
110.53,3,09:36:45.572084106
110.53,2,09:36:45.572102074
110.53,2,09:36:45.660297190
110.53,2,09:36:45.746994374
110.53,3,09:36:45.817849562
110.53,2,09:36:45.894144162
110.53,3,09:36:46.280548988
110.53,2,09:36:46.280621458
110.53,3,09:36:46.905001442
110.53,1,09:36:46.905023311
110.53,1,09:36:46.905359756
110.53,3,09:36:47.915790106
110.53,1,09:36:47.915790106
110.53,1,09:36:48.138231482
110.53,4,09:36:48.138304062
110.53,4,09:36:48.696587939
110.53,6,09:36:48.696791762
110.54,1,09:36:53.059238054
110.54,1,09:36:53.059315219
110.53,3,09:37:01.534349566
110.53,1,09:37:03.062861485
110.53,1,09:37:04.077115723
110.53,1,09:37:05.204875998
110.54,3,09:37:13.060584672
110.54,1,09:37:23.062677563
110.54,2,09:37:23.062677563
110.54,1,09:37:33.065822846
110.54,1,09:37:38.021401476
110.54,2,09:37:52.222388027
110.54,4,09:37:52.222388027
110.54,1,09:37:52.222388027
110.55,1,09:38:04.638810909
110.55,7,09:38:04.638810909
110.55,4,09:38:04.638943354
110.55,1,09:38:04.638976289
110.55,20,09:38:04.638976289
110.55,45,09:38:04.638976289
110.55,2,09:38:04.638976289
110.55,15,09:38:04.638976289
110.55,2,09:38:13.054824710
110.55,1,09:38:13.054901709
110.55,1,09:38:13.054918388
110.55,2,09:38:13.054918388
110.55,2,09:38:14.059156106
110.55,1,09:38:17.611899872
110.54,3,09:38:18.748039189
110.54,1,09:38:18.748039189
110.55,1,09:38:23.060181674
110.55,1,09:38:33.083871792
110.55,2,09:38:43.053969645
110.55,1,09:38:44.061120966
110.54,1,09:39:13.431563675
110.54,15,09:39:13.431563675
110.54,6,09:39:13.431670216
110.54,2,09:39:13.431692040
110.54,1,09:39:13.431692040
110.54,7,09:39:13.431707452
110.54,24,09:39:13.431707452
110.55,2,09:39:23.056767366
110.55,1,09:39:24.068530542
110.55,2,09:39:24.068530542
110.55,1,09:39:33.057601562
110.55,2,09:39:34.061286253
110.55,1,09:39:43.048792242
110.55,1,09:39:45.057294530
110.54,3,09:39:54.115179411
