bidVolume,bidPrice,askVolume,askPrice,timestamp
3,2373.6,4,2373.8,09:15:00.102058775
3,2373.6,4,2373.8,09:15:00.102193898
3,2373.6,4,2373.8,09:15:00.235543341
2,2373.6,4,2373.8,09:15:00.254389616
2,2373.6,1,2373.7,09:15:00.254550735
1,2373.6,1,2373.7,09:15:00.254704083
1,2373.6,1,2373.7,09:15:00.254760647
2,2373.6,1,2373.7,09:15:00.266880306
2,2373.6,5,2373.8,09:15:00.267016664
2,2373.6,5,2373.8,09:15:00.267016664
3,2373.6,5,2373.8,09:15:00.267091552
2,2373.6,5,2373.8,09:15:00.269914627
2,2373.6,5,2373.8,09:15:00.273497719
2,2373.6,1,2373.7,09:15:00.285005663
1,2373.6,1,2373.7,09:15:00.285181875
2,2373.6,1,2373.7,09:15:00.456108024
3,2373.6,1,2373.7,09:15:00.456273817
2,2373.6,1,2373.7,09:15:00.666915654
3,2373.6,1,2373.7,09:15:01.015419342
3,2373.6,5,2373.8,09:15:01.015522167
3,2373.6,5,2373.8,09:15:01.015522167
4,2373.6,5,2373.8,09:15:01.015588287
5,2373.6,5,2373.8,09:15:01.015805057
5,2373.6,4,2373.8,09:15:01.015848301
5,2373.6,3,2373.8,09:15:01.015881492
4,2373.6,3,2373.8,09:15:01.016159267
4,2373.6,3,2373.8,09:15:01.023956548
3,2373.6,3,2373.8,09:15:01.070387597
3,2373.6,4,2373.8,09:15:01.070501718
2,2373.6,4,2373.8,09:15:01.070544010
3,2373.6,4,2373.8,09:15:01.070598215
4,2373.6,4,2373.8,09:15:01.070836985
4,2373.6,3,2373.8,09:15:01.070963368
5,2373.6,3,2373.8,09:15:01.070983916
5,2373.6,3,2373.8,09:15:01.083229363
5,2373.6,2,2373.8,09:15:01.083503637
5,2373.6,2,2373.8,09:15:01.083615857
1,2373.7,2,2373.8,09:15:01.347064329
2,2373.7,2,2373.8,09:15:01.347282308
2,2373.7,2,2373.8,09:15:01.347374717
2,2373.7,2,2373.8,09:15:01.347393334
2,2373.7,1,2373.8,09:15:01.347452075
3,2373.7,1,2373.8,09:15:01.347471240
3,2373.7,1,2373.8,09:15:01.347487349
2,2373.7,1,2373.8,09:15:01.347523107
1,2373.7,1,2373.8,09:15:01.347639931
1,2373.7,4,2373.9,09:15:01.347667535
1,2373.7,4,2373.9,09:15:01.347667535
7,2373.6,4,2373.9,09:15:01.347696253
7,2373.6,4,2373.9,09:15:01.347696253
8,2373.6,4,2373.9,09:15:01.347735005
8,2373.6,4,2373.9,09:15:01.347785080
8,2373.6,1,2373.8,09:15:01.347808037
8,2373.6,1,2373.8,09:15:01.347870701
8,2373.6,1,2373.8,09:15:01.347886701
7,2373.6,1,2373.8,09:15:01.347936238
6,2373.6,1,2373.8,09:15:01.347999219
5,2373.6,1,2373.8,09:15:01.348017997
1,2373.7,1,2373.8,09:15:01.348042759
1,2373.7,2,2373.8,09:15:01.348117182
1,2373.7,2,2373.8,09:15:01.356266003
2,2373.7,2,2373.8,09:15:01.430534218
2,2373.7,2,2373.8,09:15:01.430643555
2,2373.7,1,2373.8,09:15:01.430736257
2,2373.7,1,2373.8,09:15:01.430767199
2,2373.7,5,2373.9,09:15:01.430792179
2,2373.7,5,2373.9,09:15:01.430792179
3,2373.7,5,2373.9,09:15:01.430890715
3,2373.7,5,2373.9,09:15:01.430904417
3,2373.7,4,2373.9,09:15:01.431066107
3,2373.7,4,2373.9,09:15:01.439187327
3,2373.7,3,2373.9,09:15:01.558663033
1,2373.8,3,2373.9,09:15:01.559155174
1,2373.8,3,2373.9,09:15:01.559178264
1,2373.8,2,2373.9,09:15:01.559322930
1,2373.8,2,2373.9,09:15:01.559383669
1,2373.8,1,2373.9,09:15:01.559408994
1,2373.8,1,2373.9,09:15:01.559464445
1,2373.8,1,2373.9,09:15:01.559464445
1,2373.8,1,2373.9,09:15:01.559579535
1,2373.8,1,2373.9,09:15:01.559595843
1,2373.8,5,2374.0,09:15:01.559769776
1,2373.8,5,2374.0,09:15:01.559769776
1,2373.8,5,2374.0,09:15:01.559805421
2,2373.8,5,2374.0,09:15:01.559901512
2,2373.8,5,2374.0,09:15:01.562309977
2,2373.8,5,2374.0,09:15:01.568200387
2,2373.8,5,2374.0,09:15:01.568212788
3,2373.8,5,2374.0,09:15:01.575484358
4,2373.8,5,2374.0,09:15:01.575865425
4,2373.8,4,2374.0,09:15:01.575948947
4,2373.8,4,2374.0,09:15:01.575989591
4,2373.8,4,2374.0,09:15:01.576003483
4,2373.8,4,2374.0,09:15:01.576434154
4,2373.8,3,2374.0,09:15:01.576523986
4,2373.8,3,2374.0,09:15:01.577045113
4,2373.8,3,2374.0,09:15:01.577388102
4,2373.8,3,2374.0,09:15:01.577388102
4,2373.8,2,2374.0,09:15:01.577510098
4,2373.8,2,2374.0,09:15:01.577664242
4,2373.8,3,2374.0,09:15:01.578368906
3,2373.8,3,2374.0,09:15:01.578524473
3,2373.8,3,2374.0,09:15:01.580412909
3,2373.8,3,2374.0,09:15:01.580412909
2,2373.8,3,2374.0,09:15:01.829935204
1,2373.8,3,2374.0,09:15:01.830039673
1,2373.8,1,2373.9,09:15:01.830186194
1,2373.8,1,2373.9,09:15:01.830317215
1,2373.8,2,2373.9,09:15:01.847737733
5,2373.7,2,2373.9,09:15:01.847981181
5,2373.7,2,2373.9,09:15:01.847981181
5,2373.7,3,2373.9,09:15:01.848120805
5,2373.7,4,2373.9,09:15:01.848175460
5,2373.7,3,2373.9,09:15:01.849127437
5,2373.7,3,2373.9,09:15:01.904774624
5,2373.7,4,2373.9,09:15:01.918841366
4,2373.7,4,2373.9,09:15:01.919068362
4,2373.7,4,2373.9,09:15:02.004720826
4,2373.7,4,2373.9,09:15:02.060323625
4,2373.7,4,2373.9,09:15:02.060323625
4,2373.7,4,2373.9,09:15:02.060340706
4,2373.7,5,2373.9,09:15:02.071471715
3,2373.7,5,2373.9,09:15:02.071496307
3,2373.7,5,2373.9,09:15:02.071599167
2,2373.7,5,2373.9,09:15:02.071642669
2,2373.7,1,2373.8,09:15:02.559197077
2,2373.7,1,2373.8,09:15:02.559338207
2,2373.7,1,2373.8,09:15:02.559375215
4,2373.7,1,2373.8,09:15:02.559406157
4,2373.7,6,2373.9,09:15:02.559646430
4,2373.7,6,2373.9,09:15:02.559646430
4,2373.7,5,2373.9,09:15:02.559677026
5,2373.7,5,2373.9,09:15:02.559878467
6,2373.7,5,2373.9,09:15:02.559896189
6,2373.7,4,2373.9,09:15:02.560088465
1,2373.8,4,2373.9,09:15:02.560218458
1,2373.8,3,2373.9,09:15:02.560320498
1,2373.8,3,2373.9,09:15:02.560351888
1,2373.8,2,2373.9,09:15:02.560375245
1,2373.8,2,2373.9,09:15:02.560390119
1,2373.8,1,2373.9,09:15:02.560437422
1,2373.8,1,2373.9,09:15:02.560548461
1,2373.8,1,2373.9,09:15:02.560562458
1,2373.8,2,2373.9,09:15:02.561126518
5,2373.7,2,2373.9,09:15:02.561250876
5,2373.7,2,2373.9,09:15:02.561250876
5,2373.7,1,2373.9,09:15:02.562301287
5,2373.7,2,2373.9,09:15:02.586255459
5,2373.7,3,2373.9,09:15:02.586548969
5,2373.7,4,2373.9,09:15:02.638669417
5,2373.7,4,2373.9,09:15:02.807330767
4,2373.7,4,2373.9,09:15:02.807470121
4,2373.7,4,2373.9,09:15:02.807484678
4,2373.7,4,2373.9,09:15:03.056320130
4,2373.7,4,2373.9,09:15:03.056436807
4,2373.7,4,2373.9,09:15:03.160170336
4,2373.7,4,2373.9,09:15:03.305309136
4,2373.7,4,2373.9,09:15:03.305426319
4,2373.7,4,2373.9,09:15:03.482727340
3,2373.7,4,2373.9,09:15:03.482886547
2,2373.7,4,2373.9,09:15:03.482926369
2,2373.7,5,2373.9,09:15:03.482942766
2,2373.7,1,2373.8,09:15:03.483061597
2,2373.7,2,2373.8,09:15:03.483096702
2,2373.7,2,2373.8,09:15:03.483320313
1,2373.7,2,2373.8,09:15:03.483346342
1,2373.7,2,2373.8,09:15:03.483490486
7,2373.6,2,2373.8,09:15:03.483517126
7,2373.6,2,2373.8,09:15:03.483517126
7,2373.6,2,2373.8,09:15:03.483678061
6,2373.6,2,2373.8,09:15:03.483700737
6,2373.6,4,2373.8,09:15:03.483888871
5,2373.6,4,2373.8,09:15:03.484001270
5,2373.6,3,2373.8,09:15:03.487976634
5,2373.6,3,2373.8,09:15:03.491370680
5,2373.6,3,2373.8,09:15:03.501653905
5,2373.6,3,2373.8,09:15:03.554331238
5,2373.6,3,2373.8,09:15:03.648662554
5,2373.6,4,2373.8,09:15:03.870306323
5,2373.6,4,2373.8,09:15:03.870437641
5,2373.6,4,2373.8,09:15:03.870449987
5,2373.6,1,2373.7,09:15:03.870709310
5,2373.6,1,2373.7,09:15:03.870846232
4,2373.6,1,2373.7,09:15:03.870869112
4,2373.6,1,2373.7,09:15:03.870884479
3,2373.6,1,2373.7,09:15:03.870907737
2,2373.6,1,2373.7,09:15:03.870948809
1,2373.6,1,2373.7,09:15:03.870987226
1,2373.6,1,2373.7,09:15:03.871059861
1,2373.6,1,2373.7,09:15:03.871182059
5,2373.5,1,2373.7,09:15:03.871231010
5,2373.5,1,2373.7,09:15:03.871231010
1,2373.6,1,2373.7,09:15:03.871406399
1,2373.6,1,2373.7,09:15:03.871435840
1,2373.6,1,2373.7,09:15:03.871525113
1,2373.6,1,2373.7,09:15:03.871525113
2,2373.6,1,2373.7,09:15:03.885998054
3,2373.6,1,2373.7,09:15:04.262173580
2,2373.6,1,2373.7,09:15:04.279031811
2,2373.6,5,2373.8,09:15:04.633045424
2,2373.6,5,2373.8,09:15:04.633045424
3,2373.6,5,2373.8,09:15:04.633314399
4,2373.6,5,2373.8,09:15:04.633333712
4,2373.6,4,2373.8,09:15:04.633430475
4,2373.6,3,2373.8,09:15:05.053612221
4,2373.6,3,2373.8,09:15:05.054025865
4,2373.6,3,2373.8,09:15:05.054025865
4,2373.6,4,2373.8,09:15:05.055185574
3,2373.6,4,2373.8,09:15:05.092260629
2,2373.6,4,2373.8,09:15:05.092768744
1,2373.6,4,2373.8,09:15:05.092891639
1,2373.6,1,2373.7,09:15:05.093036596
1,2373.6,1,2373.7,09:15:05.093166167
6,2373.5,1,2373.7,09:15:05.093234911
6,2373.5,1,2373.7,09:15:05.093234911
6,2373.5,1,2373.7,09:15:05.093356136
6,2373.5,1,2373.7,09:15:05.093475719
6,2373.5,1,2373.7,09:15:05.093475719
6,2373.5,1,2373.7,09:15:05.093759146
6,2373.5,1,2373.7,09:15:05.093759146
6,2373.5,2,2373.7,09:15:05.094915374
6,2373.5,4,2373.7,09:15:05.203517876
5,2373.5,4,2373.7,09:15:05.203653213
5,2373.5,4,2373.7,09:15:05.203668865
4,2373.5,4,2373.7,09:15:05.203808634
3,2373.5,4,2373.7,09:15:05.203917162
2,2373.5,4,2373.7,09:15:05.203956432
2,2373.5,4,2373.7,09:15:05.203956432
2,2373.5,3,2373.7,09:15:05.210886428
2,2373.5,3,2373.7,09:15:05.450394333
2,2373.5,3,2373.7,09:15:05.595155222
1,2373.5,3,2373.7,09:15:05.595285298
1,2373.5,4,2373.7,09:15:05.595312307
1,2373.5,1,2373.6,09:15:05.595467407
7,2373.4,1,2373.6,09:15:05.595555592
7,2373.4,1,2373.6,09:15:05.595555592
7,2373.4,2,2373.6,09:15:05.595592780
7,2373.4,2,2373.6,09:15:05.595652656
7,2373.4,2,2373.6,09:15:05.595672458
7,2373.4,2,2373.6,09:15:05.595691601
7,2373.4,2,2373.6,09:15:05.595707569
6,2373.4,2,2373.6,09:15:05.595734022
6,2373.4,2,2373.6,09:15:05.595799133
6,2373.4,3,2373.6,09:15:05.595821040
6,2373.4,3,2373.6,09:15:05.595850868
6,2373.4,3,2373.6,09:15:05.595947126
6,2373.4,3,2373.6,09:15:05.595963773
4,2373.4,3,2373.6,09:15:05.596066949
4,2373.4,3,2373.6,09:15:05.596262774
4,2373.4,3,2373.6,09:15:05.596302564
4,2373.4,3,2373.6,09:15:05.596321118
4,2373.4,3,2373.6,09:15:05.603805877
4,2373.4,3,2373.6,09:15:05.607091796
4,2373.4,3,2373.6,09:15:05.607387232
3,2373.4,3,2373.6,09:15:05.607425809
3,2373.4,3,2373.6,09:15:05.607425809
2,2373.4,3,2373.6,09:15:05.607635058
2,2373.4,4,2373.6,09:15:05.774042909
1,2373.4,4,2373.6,09:15:05.774081805
1,2373.4,1,2373.5,09:15:05.774183496
1,2373.4,1,2373.5,09:15:05.774372982
1,2373.4,2,2373.5,09:15:05.774372982
1,2373.4,2,2373.5,09:15:05.774449077
1,2373.4,2,2373.5,09:15:05.774463317
1,2373.4,2,2373.5,09:15:05.774480146
2,2373.4,2,2373.5,09:15:05.774506402
2,2373.4,3,2373.5,09:15:05.774532991
2,2373.4,3,2373.5,09:15:05.774550039
1,2373.4,3,2373.5,09:15:05.774723450
7,2373.3,3,2373.5,09:15:05.774778043
7,2373.3,3,2373.5,09:15:05.774778043
7,2373.3,2,2373.5,09:15:05.774805861
7,2373.3,1,2373.5,09:15:05.774862278
7,2373.3,1,2373.5,09:15:05.775015738
6,2373.3,1,2373.5,09:15:05.775102991
6,2373.3,1,2373.5,09:15:05.775102991
5,2373.3,1,2373.5,09:15:05.775123087
5,2373.3,1,2373.5,09:15:05.775219675
5,2373.3,1,2373.5,09:15:05.775232734
5,2373.3,2,2373.5,09:15:05.776303943
5,2373.3,2,2373.5,09:15:05.776436067
5,2373.3,2,2373.5,09:15:05.776452327
1,2373.4,2,2373.5,09:15:05.882198506
1,2373.4,1,2373.5,09:15:05.882233490
1,2373.4,6,2373.6,09:15:05.882329818
1,2373.4,6,2373.6,09:15:05.882329818
2,2373.4,6,2373.6,09:15:05.882489770
3,2373.4,6,2373.6,09:15:05.882604482
3,2373.4,5,2373.6,09:15:05.882749861
4,2373.4,5,2373.6,09:15:05.882810269
4,2373.4,4,2373.6,09:15:05.882824562
4,2373.4,3,2373.6,09:15:05.882844206
4,2373.4,1,2373.5,09:15:05.882894936
4,2373.4,1,2373.5,09:15:05.882996795
4,2373.4,1,2373.5,09:15:05.883421261
4,2373.4,1,2373.5,09:15:05.883516891
4,2373.4,5,2373.6,09:15:05.883559151
4,2373.4,5,2373.6,09:15:05.883559151
4,2373.4,6,2373.6,09:15:05.883582592
5,2373.4,6,2373.6,09:15:05.883693080
5,2373.4,5,2373.6,09:15:05.884152603
4,2373.4,5,2373.6,09:15:06.114181372
3,2373.4,5,2373.6,09:15:06.114317288
2,2373.4,5,2373.6,09:15:06.114444846
2,2373.4,1,2373.5,09:15:06.114554553
2,2373.4,2,2373.5,09:15:06.114586685
1,2373.4,2,2373.5,09:15:06.114630112
1,2373.4,2,2373.5,09:15:06.114783461
5,2373.3,2,2373.5,09:15:06.115348231
5,2373.3,2,2373.5,09:15:06.115348231
5,2373.3,2,2373.5,09:15:06.115518292
6,2373.3,2,2373.5,09:15:06.231080913
1,2373.4,2,2373.5,09:15:06.231213689
1,2373.4,1,2373.5,09:15:06.231354355
1,2373.4,7,2373.6,09:15:06.231456120
1,2373.4,7,2373.6,09:15:06.231456120
1,2373.4,6,2373.6,09:15:06.231580229
2,2373.4,6,2373.6,09:15:06.231716083
1,2373.4,6,2373.6,09:15:06.538787154
1,2373.4,1,2373.5,09:15:06.538934827
6,2373.3,1,2373.5,09:15:06.538963148
6,2373.3,1,2373.5,09:15:06.538963148
6,2373.3,1,2373.5,09:15:06.705684174
6,2373.3,2,2373.5,09:15:07.093155658
6,2373.3,3,2373.5,09:15:07.093316939
6,2373.3,3,2373.5,09:15:07.093334139
6,2373.3,3,2373.5,09:15:07.093917400
6,2373.3,4,2373.5,09:15:07.094211672
6,2373.3,4,2373.5,09:15:07.094224763
6,2373.3,5,2373.5,09:15:07.227878270
6,2373.3,5,2373.5,09:15:07.228030863
5,2373.3,5,2373.5,09:15:07.228059174
4,2373.3,5,2373.5,09:15:07.228169330
3,2373.3,5,2373.5,09:15:07.228267742
2,2373.3,5,2373.5,09:15:07.228292692
2,2373.3,6,2373.5,09:15:07.228325691
2,2373.3,1,2373.4,09:15:07.228557718
2,2373.3,2,2373.4,09:15:07.228591566
1,2373.3,2,2373.4,09:15:07.228630910
1,2373.3,2,2373.4,09:15:07.228963099
1,2373.3,2,2373.4,09:15:07.228979828
1,2373.3,2,2373.4,09:15:07.228993816
1,2373.3,2,2373.4,09:15:07.229011986
1,2373.3,2,2373.4,09:15:07.229044109
8,2373.2,2,2373.4,09:15:07.229091348
8,2373.2,2,2373.4,09:15:07.229091348
8,2373.2,2,2373.4,09:15:07.229125788
7,2373.2,2,2373.4,09:15:07.229221530
7,2373.2,3,2373.4,09:15:07.229320351
7,2373.2,4,2373.4,09:15:07.229357165
7,2373.2,4,2373.4,09:15:07.229490566
7,2373.2,4,2373.4,09:15:07.229503283
7,2373.2,4,2373.4,09:15:07.229584306
7,2373.2,4,2373.4,09:15:07.229599317
6,2373.2,4,2373.4,09:15:07.229619308
6,2373.2,4,2373.4,09:15:07.229669677
6,2373.2,3,2373.4,09:15:07.229708996
6,2373.2,3,2373.4,09:15:07.229767042
6,2373.2,3,2373.4,09:15:07.229780146
5,2373.2,3,2373.4,09:15:07.229836307
5,2373.2,5,2373.4,09:15:07.229869239
5,2373.2,5,2373.4,09:15:07.229901916
5,2373.2,5,2373.4,09:15:07.229901916
5,2373.2,5,2373.4,09:15:07.229915787
5,2373.2,4,2373.4,09:15:07.230042681
4,2373.2,4,2373.4,09:15:07.230066135
4,2373.2,4,2373.4,09:15:07.230066135
3,2373.2,4,2373.4,09:15:07.230125244
3,2373.2,4,2373.4,09:15:07.230207115
5,2373.1,4,2373.4,09:15:07.232113313
13,2373.0,4,2373.4,09:15:07.232113313
11,2372.9,4,2373.4,09:15:07.232113313
13,2372.8,4,2373.4,09:15:07.232113313
3,2372.8,4,2373.4,09:15:07.232113313
3,2372.8,4,2373.4,09:15:07.232113313
3,2372.8,4,2373.4,09:15:07.232113313
3,2372.8,4,2373.4,09:15:07.232113313
3,2372.8,4,2373.4,09:15:07.232113313
3,2372.8,1,2373.2,09:15:07.232540541
3,2372.8,1,2373.2,09:15:07.232601896
3,2372.8,1,2373.2,09:15:07.232643164
3,2372.8,1,2373.2,09:15:07.232668905
3,2372.8,1,2373.2,09:15:07.232689319
3,2372.8,1,2373.2,09:15:07.232707281
3,2372.8,1,2373.2,09:15:07.233005914
3,2372.8,1,2373.2,09:15:07.233020272
3,2372.8,1,2373.2,09:15:07.233034733
3,2372.8,1,2373.2,09:15:07.233054923
3,2372.8,1,2373.2,09:15:07.233327287
3,2372.8,1,2373.2,09:15:07.233542422
3,2372.8,1,2373.2,09:15:07.233542422
4,2372.8,1,2373.2,09:15:07.233587099
4,2372.8,1,2373.1,09:15:07.233594009
4,2372.8,1,2373.1,09:15:07.233623568
4,2372.8,1,2373.1,09:15:07.233820014
4,2372.8,1,2373.2,09:15:07.233899250
1,2373.1,1,2373.2,09:15:07.233899250
1,2373.1,1,2373.2,09:15:07.233899250
1,2373.1,1,2373.2,09:15:07.234011669
1,2373.1,1,2373.2,09:15:07.234028578
1,2373.1,1,2373.2,09:15:07.234086668
1,2373.1,1,2373.2,09:15:07.234275357
1,2373.1,1,2373.2,09:15:07.234305655
1,2373.1,2,2373.2,09:15:07.234380265
1,2373.1,2,2373.2,09:15:07.234418685
1,2372.9,2,2373.2,09:15:07.234459898
1,2372.9,2,2373.2,09:15:07.234459898
1,2372.9,2,2373.2,09:15:07.234482337
1,2372.9,2,2373.2,09:15:07.234518721
1,2372.9,2,2373.2,09:15:07.234695337
1,2372.9,2,2373.2,09:15:07.234807771
1,2372.9,2,2373.2,09:15:07.234825966
1,2372.9,2,2373.2,09:15:07.234936410
2,2372.9,2,2373.2,09:15:07.234976968
2,2372.9,2,2373.2,09:15:07.234993106
2,2372.9,2,2373.2,09:15:07.235026853
2,2372.9,2,2373.2,09:15:07.235068285
2,2372.9,2,2373.2,09:15:07.235080653
2,2372.9,2,2373.2,09:15:07.235096007
2,2372.9,2,2373.2,09:15:07.235107207
2,2372.9,2,2373.2,09:15:07.235120542
2,2372.9,2,2373.2,09:15:07.235134322
2,2372.9,2,2373.2,09:15:07.235147237
2,2372.9,1,2373.1,09:15:07.235188482
2,2372.9,1,2373.1,09:15:07.235207459
2,2372.9,1,2373.1,09:15:07.235214230
2,2372.9,1,2373.1,09:15:07.235232167
2,2372.9,1,2373.1,09:15:07.235277646
2,2372.9,1,2373.1,09:15:07.235303023
2,2372.9,1,2373.0,09:15:07.235355039
2,2372.9,1,2373.0,09:15:07.235379075
2,2372.9,1,2373.0,09:15:07.235408560
2,2372.9,1,2373.0,09:15:07.235676403
2,2372.9,1,2373.0,09:15:07.235711369
2,2372.9,1,2373.0,09:15:07.235723984
2,2372.9,1,2373.0,09:15:07.235743475
2,2372.9,1,2373.0,09:15:07.235760208
2,2372.9,1,2373.0,09:15:07.235780910
2,2372.9,1,2373.0,09:15:07.235833763
2,2372.9,1,2373.0,09:15:07.235853434
2,2372.9,1,2373.0,09:15:07.235865274
2,2372.9,1,2373.0,09:15:07.235896292
2,2372.9,1,2373.0,09:15:07.235911390
2,2372.9,1,2373.0,09:15:07.235951564
2,2372.9,1,2373.0,09:15:07.235966409
2,2372.9,1,2373.0,09:15:07.235981801
2,2372.9,1,2373.0,09:15:07.236048225
2,2372.9,1,2373.0,09:15:07.236067643
2,2372.9,1,2373.0,09:15:07.236081761
2,2372.9,1,2373.0,09:15:07.236194366
2,2372.9,1,2373.0,09:15:07.236209841
2,2372.9,1,2373.0,09:15:07.236221419
2,2372.9,1,2373.0,09:15:07.236237905
2,2372.9,1,2373.0,09:15:07.236324217
2,2372.9,1,2373.0,09:15:07.236579912
2,2372.9,1,2373.0,09:15:07.236809869
2,2372.9,1,2373.0,09:15:07.236826748
2,2372.9,1,2373.0,09:15:07.236866019
2,2372.9,1,2373.0,09:15:07.236880656
3,2372.9,1,2373.0,09:15:07.236944675
3,2372.9,1,2373.0,09:15:07.236955933
3,2372.9,1,2373.0,09:15:07.236969546
3,2372.9,1,2373.0,09:15:07.237001822
3,2372.9,1,2373.0,09:15:07.237014267
4,2372.9,1,2373.0,09:15:07.237040511
4,2372.9,1,2373.0,09:15:07.237051573
4,2372.9,1,2373.0,09:15:07.237091107
5,2372.9,1,2373.0,09:15:07.237150042
5,2372.9,1,2373.0,09:15:07.237248860
5,2372.9,1,2373.0,09:15:07.237268361
5,2372.9,1,2373.0,09:15:07.237281408
5,2372.9,1,2373.0,09:15:07.237321406
5,2372.9,1,2373.0,09:15:07.237334091
5,2372.9,1,2373.0,09:15:07.237538303
5,2372.9,1,2373.0,09:15:07.237555769
6,2372.9,1,2373.0,09:15:07.237686728
7,2372.9,1,2373.0,09:15:07.237705356
7,2372.9,1,2373.0,09:15:07.237733568
7,2372.9,1,2373.0,09:15:07.237807940
7,2372.9,1,2373.0,09:15:07.237895392
7,2372.9,1,2373.0,09:15:07.237908614
7,2372.9,1,2373.0,09:15:07.237939543
7,2372.9,1,2373.0,09:15:07.237957478
7,2372.9,6,2373.1,09:15:07.238062207
7,2372.9,6,2373.1,09:15:07.238062207
7,2372.9,6,2373.1,09:15:07.238136676
7,2372.9,7,2373.1,09:15:07.238162078
9,2372.9,7,2373.1,09:15:07.238207814
9,2372.9,7,2373.1,09:15:07.238225779
8,2372.9,7,2373.1,09:15:07.238261264
8,2372.9,7,2373.1,09:15:07.238276212
8,2372.9,7,2373.1,09:15:07.238294401
8,2372.9,7,2373.1,09:15:07.238394963
8,2372.9,7,2373.1,09:15:07.238568010
1,2373.0,7,2373.1,09:15:07.238600769
1,2373.0,6,2373.1,09:15:07.238635886
1,2373.0,6,2373.1,09:15:07.238740522
1,2373.0,6,2373.1,09:15:07.238940015
1,2373.0,6,2373.1,09:15:07.239000127
1,2373.0,6,2373.1,09:15:07.239016272
5,2372.9,6,2373.1,09:15:07.239098096
5,2372.9,6,2373.1,09:15:07.239098096
5,2372.9,6,2373.1,09:15:07.239190469
5,2372.9,6,2373.1,09:15:07.239201497
5,2372.9,6,2373.1,09:15:07.239215165
5,2372.9,6,2373.1,09:15:07.239228199
5,2372.9,6,2373.1,09:15:07.239240868
5,2372.9,7,2373.1,09:15:07.239269864
3,2372.9,7,2373.1,09:15:07.239292387
3,2372.9,8,2373.1,09:15:07.239330451
3,2372.9,8,2373.1,09:15:07.239476578
3,2372.9,7,2373.1,09:15:07.239542004
3,2372.9,6,2373.1,09:15:07.239557867
3,2372.9,6,2373.1,09:15:07.239572459
3,2372.9,5,2373.1,09:15:07.239731291
3,2372.9,5,2373.1,09:15:07.239744731
3,2372.9,4,2373.1,09:15:07.239768114
3,2372.9,6,2373.1,09:15:07.239785907
1,2373.0,6,2373.1,09:15:07.239814601
3,2372.9,6,2373.1,09:15:07.239874171
3,2372.9,6,2373.1,09:15:07.239874171
3,2372.9,4,2373.1,09:15:07.239898539
3,2372.9,3,2373.1,09:15:07.240000545
3,2372.9,4,2373.1,09:15:07.240153517
3,2372.9,5,2373.1,09:15:07.241065901
3,2372.9,5,2373.1,09:15:07.242355856
1,2373.0,5,2373.1,09:15:07.249118104
1,2373.0,5,2373.1,09:15:07.249253249
1,2373.0,4,2373.1,09:15:07.249307755
3,2373.0,4,2373.1,09:15:07.253035399
3,2373.0,3,2373.1,09:15:07.259776035
3,2373.0,4,2373.1,09:15:07.260096082
3,2373.0,4,2373.1,09:15:07.260096082
3,2373.0,4,2373.1,09:15:07.289311017
3,2373.0,4,2373.1,09:15:07.289327065
4,2373.0,4,2373.1,09:15:07.289492227
4,2373.0,4,2373.1,09:15:07.334040598
4,2373.0,4,2373.1,09:15:07.496135428
4,2373.0,5,2373.1,09:15:07.514889273
4,2373.0,5,2373.1,09:15:07.515020331
4,2373.0,5,2373.1,09:15:07.515037548
4,2373.0,5,2373.1,09:15:07.515048732
4,2373.0,5,2373.1,09:15:07.515061155
4,2373.0,5,2373.1,09:15:07.515201778
4,2373.0,5,2373.1,09:15:07.535013397
4,2373.0,5,2373.1,09:15:07.539547674
7,2373.0,5,2373.1,09:15:07.661029603
7,2373.0,9,2373.2,09:15:07.661388824
7,2373.0,9,2373.2,09:15:07.661388824
7,2373.0,8,2373.2,09:15:07.661509412
7,2373.0,8,2373.2,09:15:07.661597126
1,2373.1,8,2373.2,09:15:07.661632140
7,2373.0,8,2373.2,09:15:07.661781651
7,2373.0,8,2373.2,09:15:07.661781651
1,2373.1,8,2373.2,09:15:07.661821651
1,2373.1,7,2373.2,09:15:07.661844263
2,2373.1,7,2373.2,09:15:07.661898217
2,2373.1,6,2373.2,09:15:07.661902047
2,2373.1,6,2373.2,09:15:07.661918898
2,2373.1,5,2373.2,09:15:07.661976263
2,2373.1,5,2373.2,09:15:07.661994708
2,2373.1,4,2373.2,09:15:07.662010465
2,2373.1,4,2373.2,09:15:07.662026357
4,2373.1,4,2373.2,09:15:07.662069249
4,2373.1,4,2373.2,09:15:07.662080267
5,2373.1,4,2373.2,09:15:07.662115071
8,2373.1,4,2373.2,09:15:07.662134310
8,2373.1,4,2373.2,09:15:07.662134310
3,2373.0,4,2373.2,09:15:07.662206693
3,2373.0,4,2373.2,09:15:07.662206693
4,2373.0,4,2373.2,09:15:07.662225301
4,2373.0,3,2373.2,09:15:07.662246646
4,2373.0,3,2373.2,09:15:07.662259536
4,2373.0,3,2373.2,09:15:07.662259536
4,2373.0,2,2373.2,09:15:07.662295399
4,2373.0,1,2373.2,09:15:07.662323912
4,2373.0,1,2373.2,09:15:07.662367141
4,2373.0,2,2373.2,09:15:07.662397907
4,2373.0,3,2373.2,09:15:07.662416387
3,2373.0,3,2373.2,09:15:07.662570912
3,2373.0,4,2373.2,09:15:07.662588413
3,2373.0,5,2373.2,09:15:07.662605905
3,2373.0,5,2373.2,09:15:07.662780208
3,2373.0,5,2373.2,09:15:07.662793819
2,2373.0,5,2373.2,09:15:07.663021887
2,2373.0,5,2373.2,09:15:07.669582973
2,2373.0,5,2373.2,09:15:07.718091254
2,2373.0,5,2373.2,09:15:07.841066778
2,2373.0,1,2373.1,09:15:08.076818286
2,2373.0,2,2373.1,09:15:08.076971867
2,2373.0,2,2373.1,09:15:08.077032665
2,2373.0,2,2373.1,09:15:08.077087342
2,2373.0,2,2373.1,09:15:08.077100189
1,2373.0,2,2373.1,09:15:08.077206421
1,2373.0,3,2373.1,09:15:08.077328709
1,2373.0,4,2373.1,09:15:08.077349081
4,2372.9,4,2373.1,09:15:08.077540304
4,2372.9,4,2373.1,09:15:08.077540304
4,2372.9,5,2373.1,09:15:08.077573703
4,2372.9,5,2373.1,09:15:08.077602347
4,2372.9,5,2373.1,09:15:08.077772158
6,2372.9,5,2373.1,09:15:08.077885443
6,2372.9,5,2373.1,09:15:08.078005410
6,2372.9,4,2373.1,09:15:08.078351210
6,2372.9,3,2373.1,09:15:08.087053116
6,2372.9,2,2373.1,09:15:08.087104689
1,2373.0,2,2373.1,09:15:08.087221856
1,2373.0,1,2373.1,09:15:08.087373164
2,2373.0,1,2373.1,09:15:08.090003553
2,2373.0,2,2373.1,09:15:08.097061823
2,2373.0,3,2373.1,09:15:08.097205711
3,2373.0,3,2373.1,09:15:08.110104628
3,2373.0,2,2373.1,09:15:08.110259290
3,2373.0,1,2373.1,09:15:08.110279927
3,2373.0,6,2373.2,09:15:08.110424670
3,2373.0,6,2373.2,09:15:08.110424670
3,2373.0,5,2373.2,09:15:08.110544704
3,2373.0,5,2373.2,09:15:08.121225592
4,2373.0,5,2373.2,09:15:08.282506852
4,2373.0,5,2373.2,09:15:08.396295659
4,2373.0,4,2373.2,09:15:08.451859967
4,2373.0,5,2373.2,09:15:08.872849299
4,2373.0,5,2373.2,09:15:08.872849299
4,2373.0,5,2373.2,09:15:08.872983385
4,2373.0,4,2373.2,09:15:09.889956177
4,2373.0,3,2373.2,09:15:10.068090536
1,2373.1,3,2373.2,09:15:10.068465855
1,2373.1,3,2373.2,09:15:10.068540622
5,2373.0,3,2373.2,09:15:10.068672141
5,2373.0,3,2373.2,09:15:10.068672141
4,2373.0,3,2373.2,09:15:10.068815248
4,2373.0,3,2373.2,09:15:10.068860811
5,2373.0,3,2373.2,09:15:10.068895889
6,2373.0,3,2373.2,09:15:10.068929890
5,2373.0,3,2373.2,09:15:10.069067589
1,2373.1,3,2373.2,09:15:10.069221771
5,2373.0,3,2373.2,09:15:10.069270393
5,2373.0,3,2373.2,09:15:10.069270393
5,2373.0,4,2373.2,09:15:10.069327004
5,2373.0,5,2373.2,09:15:10.069358308
5,2373.0,6,2373.2,09:15:10.069491435
4,2373.0,6,2373.2,09:15:10.069619869
4,2373.0,6,2373.2,09:15:10.076710402
4,2373.0,1,2373.1,09:15:10.183917069
4,2373.0,1,2373.1,09:15:10.184069613
4,2373.0,1,2373.1,09:15:10.184083591
8,2373.0,1,2373.1,09:15:10.184114097
7,2373.0,1,2373.1,09:15:10.184203778
7,2373.0,7,2373.2,09:15:10.184379241
7,2373.0,7,2373.2,09:15:10.184379241
7,2373.0,7,2373.2,09:15:10.184475984
3,2373.0,7,2373.2,09:15:10.184489230
3,2373.0,6,2373.2,09:15:10.184547829
3,2373.0,5,2373.2,09:15:10.184599582
3,2373.0,5,2373.2,09:15:10.184673382
3,2373.0,6,2373.2,09:15:10.588179237
3,2373.0,1,2373.1,09:15:10.588317482
3,2373.0,2,2373.1,09:15:10.588470309
3,2373.0,2,2373.1,09:15:10.588531878
3,2373.0,3,2373.1,09:15:10.624089902
2,2373.0,3,2373.1,09:15:10.624216958
2,2373.0,3,2373.1,09:15:10.664012938
2,2373.0,3,2373.1,09:15:10.664127606
7,2372.9,3,2373.1,09:15:10.801717341
7,2372.9,3,2373.1,09:15:10.801717341
6,2372.9,3,2373.1,09:15:10.801746619
6,2372.9,4,2373.1,09:15:10.801975548
6,2372.9,5,2373.1,09:15:10.802078626
6,2372.9,5,2373.1,09:15:10.802092546
6,2372.9,5,2373.1,09:15:10.802135586
6,2372.9,1,2373.0,09:15:10.802163235
6,2372.9,1,2373.0,09:15:10.802466822
5,2372.9,1,2373.0,09:15:10.802503347
5,2372.9,1,2373.0,09:15:10.802517060
5,2372.9,1,2373.0,09:15:10.802532858
5,2372.9,1,2373.0,09:15:10.803841666
5,2372.9,1,2373.0,09:15:10.818316821
5,2372.9,1,2373.0,09:15:11.000826681
5,2372.9,1,2373.0,09:15:11.024318127
5,2372.9,2,2373.0,09:15:11.068189395
4,2372.9,2,2373.0,09:15:11.068320814
3,2372.9,2,2373.0,09:15:11.068796476
2,2372.9,2,2373.0,09:15:11.678007121
2,2372.9,3,2373.0,09:15:11.718258253
2,2372.9,3,2373.0,09:15:11.718394544
1,2372.9,3,2373.0,09:15:11.718529302
1,2372.9,4,2373.0,09:15:11.718547908
1,2372.9,4,2373.0,09:15:11.718581769
1,2372.9,5,2373.0,09:15:11.718669224
1,2372.9,5,2373.0,09:15:11.718686953
6,2372.8,5,2373.0,09:15:11.718817961
6,2372.8,5,2373.0,09:15:11.718817961
5,2372.8,5,2373.0,09:15:11.718901892
4,2372.8,5,2373.0,09:15:11.718979269
4,2372.8,6,2373.0,09:15:11.719030483
4,2372.8,5,2373.0,09:15:11.719148479
4,2372.8,5,2373.0,09:15:11.719283157
4,2372.8,5,2373.0,09:15:11.719298553
3,2372.8,5,2373.0,09:15:11.719321545
2,2372.8,5,2373.0,09:15:11.719401860
2,2372.8,6,2373.0,09:15:11.719423247
2,2372.8,6,2373.0,09:15:11.719516554
2,2372.8,6,2373.0,09:15:11.719580331
2,2372.8,6,2373.0,09:15:11.720291495
2,2372.8,6,2373.0,09:15:11.720291495
2,2372.8,6,2373.0,09:15:11.726792813
2,2372.8,6,2373.0,09:15:11.771303986
3,2372.8,6,2373.0,09:15:11.787799641
3,2372.8,6,2373.0,09:15:11.787952056
3,2372.8,6,2373.0,09:15:11.990794733
3,2372.8,6,2373.0,09:15:11.990808080
3,2372.8,6,2373.0,09:15:11.990821472
2,2372.8,6,2373.0,09:15:11.990953801
2,2372.8,7,2373.0,09:15:12.136219695
2,2372.8,1,2372.9,09:15:12.599013875
2,2372.8,2,2372.9,09:15:12.599214468
2,2372.8,2,2372.9,09:15:12.599229928
2,2372.8,2,2372.9,09:15:12.599234625
2,2372.8,2,2372.9,09:15:12.599260053
2,2372.8,2,2372.9,09:15:12.599272764
2,2372.8,3,2372.9,09:15:12.599303644
2,2372.8,4,2372.9,09:15:12.600363390
2,2372.8,4,2372.9,09:15:12.600525775
2,2372.8,4,2372.9,09:15:12.600710975
2,2372.8,4,2372.9,09:15:12.600725062
2,2372.8,5,2372.9,09:15:12.600774622
2,2372.8,5,2372.9,09:15:12.600791191
1,2372.8,5,2372.9,09:15:12.600954423
12,2372.7,5,2372.9,09:15:12.601017772
12,2372.7,5,2372.9,09:15:12.601017772
11,2372.7,5,2372.9,09:15:12.601133322
11,2372.7,5,2372.9,09:15:12.601280433
10,2372.7,5,2372.9,09:15:12.601300399
10,2372.7,5,2372.9,09:15:12.601450216
10,2372.7,5,2372.9,09:15:12.601635919
10,2372.7,5,2372.9,09:15:12.601650444
10,2372.7,5,2372.9,09:15:12.601650444
10,2372.7,5,2372.9,09:15:12.601893018
9,2372.7,5,2372.9,09:15:12.601978754
7,2372.6,5,2372.9,09:15:12.606248924
6,2372.6,5,2372.9,09:15:12.606248924
6,2372.6,5,2372.9,09:15:12.606248924
6,2372.6,1,2372.8,09:15:12.606283612
6,2372.6,2,2372.8,09:15:12.606318634
6,2372.6,2,2372.8,09:15:12.606402991
6,2372.6,3,2372.8,09:15:12.606614474
6,2372.6,3,2372.8,09:15:12.606614474
6,2372.6,4,2372.8,09:15:12.606629280
6,2372.6,5,2372.8,09:15:12.606707944
6,2372.6,6,2372.8,09:15:12.606748345
5,2372.6,6,2372.8,09:15:12.606838718
5,2372.6,6,2372.8,09:15:12.606890885
5,2372.6,6,2372.8,09:15:12.606992766
4,2372.6,6,2372.8,09:15:12.607066262
4,2372.6,7,2372.8,09:15:12.607134330
4,2372.6,7,2372.8,09:15:12.607226787
4,2372.6,7,2372.8,09:15:12.607257453
4,2372.6,7,2372.8,09:15:12.607272423
4,2372.6,7,2372.8,09:15:12.607294512
4,2372.6,7,2372.8,09:15:12.607337297
4,2372.6,7,2372.8,09:15:12.607529221
4,2372.6,7,2372.8,09:15:12.607545561
4,2372.6,6,2372.8,09:15:12.607635200
3,2372.6,6,2372.8,09:15:12.607837733
3,2372.6,6,2372.8,09:15:12.608248465
3,2372.6,6,2372.8,09:15:12.608264654
3,2372.6,6,2372.8,09:15:12.608275496
3,2372.6,1,2372.7,09:15:12.610039652
2,2372.6,1,2372.7,09:15:12.610397731
2,2372.6,1,2372.7,09:15:12.610433443
2,2372.6,1,2372.7,09:15:12.610447607
2,2372.6,1,2372.7,09:15:12.610464119
2,2372.6,1,2372.7,09:15:12.610492101
2,2372.6,1,2372.7,09:15:12.611153119
2,2372.6,1,2372.7,09:15:12.611506591
2,2372.6,8,2372.8,09:15:12.611601419
2,2372.6,8,2372.8,09:15:12.611601419
2,2372.6,8,2372.8,09:15:12.611938194
2,2372.6,8,2372.8,09:15:12.611938194
3,2372.6,8,2372.8,09:15:12.611991474
3,2372.6,1,2372.7,09:15:12.612091668
2,2372.6,1,2372.7,09:15:12.612298134
2,2372.6,1,2372.7,09:15:12.614491048
2,2372.6,1,2372.7,09:15:12.614503695
2,2372.6,1,2372.7,09:15:12.614884560
2,2372.6,1,2372.7,09:15:12.649910646
2,2372.6,2,2372.7,09:15:12.824695743
1,2372.6,2,2372.7,09:15:12.825159096
1,2372.6,2,2372.7,09:15:12.825175887
1,2372.6,2,2372.7,09:15:12.825195356
1,2372.6,3,2372.7,09:15:12.825221373
1,2372.6,2,2372.7,09:15:12.825239825
16,2372.5,2,2372.7,09:15:12.825387267
16,2372.5,2,2372.7,09:15:12.825387267
16,2372.5,2,2372.7,09:15:12.825585191
16,2372.5,2,2372.7,09:15:12.825720932
16,2372.5,2,2372.7,09:15:12.825939899
16,2372.5,2,2372.7,09:15:12.826056273
16,2372.5,2,2372.7,09:15:12.826876616
16,2372.5,2,2372.7,09:15:12.826876616
1,2372.6,2,2372.7,09:15:12.828588464
1,2372.6,2,2372.7,09:15:12.828731274
1,2372.6,3,2372.7,09:15:12.999795451
1,2372.6,3,2372.7,09:15:12.999936488
1,2372.6,3,2372.7,09:15:12.999950913
2,2372.6,3,2372.7,09:15:13.000400702
2,2372.6,2,2372.7,09:15:13.000646809
2,2372.6,1,2372.7,09:15:13.000775902
2,2372.6,8,2372.8,09:15:13.000899075
2,2372.6,8,2372.8,09:15:13.000899075
2,2372.6,1,2372.7,09:15:13.001450697
4,2372.6,1,2372.7,09:15:13.265459130
4,2372.6,8,2372.8,09:15:13.265804866
4,2372.6,8,2372.8,09:15:13.265804866
4,2372.6,7,2372.8,09:15:13.265899110
5,2372.6,7,2372.8,09:15:13.265920179
5,2372.6,6,2372.8,09:15:13.266177058
5,2372.6,6,2372.8,09:15:13.284185047
4,2372.6,6,2372.8,09:15:13.304615008
3,2372.6,6,2372.8,09:15:13.312914971
1,2372.6,6,2372.8,09:15:13.313065892
2,2372.6,6,2372.8,09:15:13.418843488
3,2372.6,6,2372.8,09:15:13.418959561
1,2372.7,6,2372.8,09:15:13.499995649
1,2372.7,6,2372.8,09:15:13.500115827
1,2372.7,5,2372.8,09:15:13.500156618
3,2372.6,5,2372.8,09:15:13.500311146
3,2372.6,5,2372.8,09:15:13.500311146
4,2372.6,5,2372.8,09:15:13.500366204
4,2372.6,4,2372.8,09:15:13.500399126
4,2372.6,5,2372.8,09:15:13.514325042
3,2372.6,5,2372.8,09:15:13.514442536
2,2372.6,5,2372.8,09:15:13.514574019
2,2372.6,6,2372.8,09:15:13.514696076
2,2372.6,7,2372.8,09:15:13.514825536
1,2372.6,7,2372.8,09:15:13.526322007
1,2372.6,1,2372.7,09:15:13.526452316
1,2372.6,2,2372.7,09:15:13.526612662
1,2372.6,3,2372.7,09:15:13.526667495
2,2372.6,3,2372.7,09:15:13.600308689
2,2372.6,2,2372.7,09:15:13.600422189
2,2372.6,1,2372.7,09:15:13.600590422
2,2372.6,7,2372.8,09:15:13.600843650
2,2372.6,7,2372.8,09:15:13.600843650
3,2372.6,7,2372.8,09:15:13.600962561
4,2372.6,7,2372.8,09:15:13.600980543
3,2372.6,7,2372.8,09:15:13.644511129
3,2372.6,8,2372.8,09:15:13.865039443
3,2372.6,8,2372.8,09:15:13.865039443
2,2372.6,8,2372.8,09:15:14.107797059
2,2372.6,1,2372.7,09:15:14.107932294
2,2372.6,2,2372.7,09:15:14.107964721
2,2372.6,3,2372.7,09:15:14.108050175
2,2372.6,2,2372.7,09:15:14.108092419
1,2372.6,2,2372.7,09:15:14.108123463
1,2372.6,3,2372.7,09:15:14.108186251
1,2372.6,2,2372.7,09:15:14.108228700
2,2372.6,2,2372.7,09:15:14.112699606
2,2372.6,1,2372.7,09:15:14.112819641
3,2372.6,1,2372.7,09:15:14.113010913
3,2372.6,2,2372.7,09:15:14.113337524
2,2372.6,2,2372.7,09:15:14.113478991
2,2372.6,3,2372.7,09:15:14.595745283
2,2372.6,4,2372.7,09:15:14.595937371
4,2372.6,4,2372.7,09:15:14.595966558
4,2372.6,4,2372.7,09:15:14.596007570
4,2372.6,3,2372.7,09:15:14.596872010
8,2372.6,3,2372.7,09:15:14.821993617
8,2372.6,8,2372.8,09:15:14.822300781
8,2372.6,8,2372.8,09:15:14.822300781
1,2372.7,8,2372.8,09:15:14.822685557
1,2372.7,7,2372.8,09:15:14.822912144
1,2372.7,7,2372.8,09:15:14.822930586
1,2372.7,7,2372.8,09:15:14.823683894
3,2372.6,7,2372.8,09:15:14.910949160
3,2372.6,7,2372.8,09:15:14.910949160
4,2372.6,7,2372.8,09:15:15.359662125
5,2372.6,7,2372.8,09:15:15.587364680
1,2372.7,7,2372.8,09:15:15.587741073
1,2372.7,7,2372.8,09:15:15.588073842
1,2372.7,7,2372.8,09:15:15.588091570
1,2372.7,6,2372.8,09:15:15.588150880
3,2372.7,6,2372.8,09:15:15.588545361
3,2372.7,5,2372.8,09:15:15.588602508
3,2372.7,4,2372.8,09:15:15.589279264
3,2372.7,3,2372.8,09:15:15.589320759
3,2372.7,2,2372.8,09:15:15.589343067
3,2372.7,2,2372.8,09:15:15.589374626
3,2372.7,1,2372.8,09:15:15.590028191
3,2372.7,6,2372.9,09:15:15.590274231
3,2372.7,6,2372.9,09:15:15.590274231
3,2372.7,5,2372.9,09:15:15.590446619
4,2372.7,5,2372.9,09:15:15.590510585
4,2372.7,5,2372.9,09:15:15.590539465
4,2372.7,5,2372.9,09:15:15.590584974
4,2372.7,4,2372.9,09:15:15.590603274
4,2372.7,4,2372.9,09:15:15.590716918
4,2372.7,4,2372.9,09:15:15.590732122
4,2372.7,4,2372.9,09:15:15.597652723
4,2372.7,4,2372.9,09:15:15.599578611
4,2372.7,5,2372.9,09:15:15.841518664
5,2372.7,5,2372.9,09:15:16.278629470
5,2372.7,4,2372.9,09:15:16.279069453
5,2372.7,3,2372.9,09:15:16.279181568
1,2372.8,3,2372.9,09:15:16.279455717
5,2372.7,3,2372.9,09:15:16.279596107
5,2372.7,3,2372.9,09:15:16.279596107
5,2372.7,3,2372.9,09:15:16.279793670
6,2372.7,3,2372.9,09:15:16.279818985
4,2372.7,3,2372.9,09:15:16.279839319
4,2372.7,4,2372.9,09:15:16.279963638
3,2372.7,4,2372.9,09:15:16.280003239
3,2372.7,5,2372.9,09:15:16.280103398
2,2372.7,5,2372.9,09:15:16.280804723
2,2372.7,1,2372.8,09:15:16.467523380
2,2372.7,2,2372.8,09:15:16.467658568
1,2372.7,2,2372.8,09:15:16.467716056
1,2372.7,3,2372.8,09:15:16.468646372
1,2372.7,3,2372.8,09:15:16.487104690
1,2372.7,3,2372.8,09:15:17.087888718
2,2372.7,3,2372.8,09:15:17.116385402
2,2372.7,2,2372.8,09:15:17.116693696
2,2372.7,1,2372.8,09:15:17.116716716
2,2372.7,5,2372.9,09:15:17.116816927
2,2372.7,5,2372.9,09:15:17.116816927
2,2372.7,5,2372.9,09:15:17.116935576
2,2372.7,5,2372.9,09:15:17.116956165
2,2372.7,4,2372.9,09:15:17.146510060
3,2372.7,4,2372.9,09:15:17.146653269
5,2372.6,4,2372.9,09:15:17.630543804
5,2372.6,4,2372.9,09:15:17.630543804
5,2372.6,1,2372.8,09:15:17.630687477
5,2372.6,2,2372.8,09:15:17.630778504
5,2372.6,2,2372.8,09:15:17.630937331
1,2372.7,2,2372.8,09:15:17.630983685
1,2372.7,3,2372.8,09:15:17.631045885
1,2372.7,4,2372.8,09:15:17.631080625
1,2372.7,3,2372.8,09:15:17.631186163
2,2372.7,3,2372.8,09:15:17.631243470
2,2372.7,2,2372.8,09:15:17.631347827
2,2372.7,1,2372.8,09:15:17.631434763
2,2372.7,4,2372.9,09:15:17.631496134
2,2372.7,4,2372.9,09:15:17.631496134
1,2372.8,4,2372.9,09:15:17.730372366
1,2372.8,4,2372.9,09:15:17.730518505
1,2372.8,4,2372.9,09:15:17.730552807
3,2372.7,4,2372.9,09:15:17.730676657
3,2372.7,4,2372.9,09:15:17.730676657
2,2372.7,4,2372.9,09:15:17.730839578
2,2372.7,4,2372.9,09:15:17.730873461
2,2372.7,1,2372.8,09:15:17.810811211
1,2372.7,1,2372.8,09:15:17.810838143
4,2372.6,1,2372.8,09:15:18.000736749
15,2372.5,1,2372.8,09:15:18.000736749
8,2372.4,1,2372.8,09:15:18.000736749
11,2372.3,1,2372.8,09:15:18.000736749
11,2372.3,1,2372.8,09:15:18.000736749
11,2372.3,1,2372.8,09:15:18.000736749
11,2372.3,1,2372.8,09:15:18.000736749
11,2372.3,1,2372.8,09:15:18.000736749
11,2372.3,1,2372.7,09:15:18.000832594
11,2372.3,1,2372.7,09:15:18.000900340
11,2372.3,1,2372.7,09:15:18.001019690
11,2372.3,1,2372.7,09:15:18.001051799
11,2372.3,1,2372.7,09:15:18.001064535
11,2372.3,1,2372.7,09:15:18.001112133
11,2372.3,2,2372.7,09:15:18.001239611
11,2372.3,2,2372.7,09:15:18.001333891
11,2372.3,3,2372.7,09:15:18.001520038
11,2372.3,3,2372.7,09:15:18.001551707
11,2372.3,3,2372.7,09:15:18.001614658
11,2372.3,4,2372.7,09:15:18.001761627
11,2372.3,5,2372.7,09:15:18.001823981
11,2372.3,6,2372.7,09:15:18.001840705
11,2372.3,6,2372.7,09:15:18.001999802
10,2372.3,6,2372.7,09:15:18.002134589
10,2372.3,6,2372.7,09:15:18.002363393
10,2372.3,6,2372.7,09:15:18.002387115
2,2372.4,6,2372.7,09:15:18.002442355
2,2372.4,6,2372.7,09:15:18.002475405
2,2372.4,6,2372.7,09:15:18.002504838
2,2372.4,6,2372.7,09:15:18.002518087
2,2372.4,6,2372.7,09:15:18.002532439
2,2372.4,6,2372.7,09:15:18.002622131
2,2372.4,7,2372.7,09:15:18.002699256
2,2372.4,7,2372.7,09:15:18.002714914
2,2372.4,1,2372.6,09:15:18.002762745
2,2372.4,1,2372.6,09:15:18.002796144
2,2372.4,1,2372.6,09:15:18.002809326
2,2372.4,1,2372.6,09:15:18.002822852
2,2372.4,1,2372.6,09:15:18.002835716
2,2372.4,1,2372.6,09:15:18.002848286
2,2372.4,1,2372.6,09:15:18.002893228
2,2372.4,1,2372.6,09:15:18.002912579
2,2372.4,1,2372.6,09:15:18.002943123
2,2372.4,1,2372.6,09:15:18.002958442
2,2372.4,1,2372.6,09:15:18.002969210
2,2372.4,1,2372.6,09:15:18.002982430
2,2372.4,1,2372.6,09:15:18.002995077
2,2372.4,2,2372.6,09:15:18.003033052
2,2372.4,2,2372.6,09:15:18.003073817
2,2372.4,2,2372.6,09:15:18.003098189
2,2372.4,2,2372.6,09:15:18.003113277
3,2372.4,2,2372.6,09:15:18.003158872
3,2372.4,2,2372.6,09:15:18.003199564
3,2372.4,2,2372.6,09:15:18.003216127
3,2372.4,2,2372.6,09:15:18.003237295
3,2372.4,2,2372.6,09:15:18.003302276
3,2372.4,2,2372.6,09:15:18.003387760
3,2372.4,3,2372.6,09:15:18.003641332
3,2372.4,4,2372.6,09:15:18.003659112
3,2372.4,4,2372.6,09:15:18.003675989
3,2372.4,4,2372.6,09:15:18.003691865
3,2372.4,5,2372.6,09:15:18.003727076
3,2372.4,6,2372.6,09:15:18.003770312
3,2372.4,6,2372.6,09:15:18.003846504
3,2372.4,7,2372.6,09:15:18.003866131
1,2372.4,7,2372.6,09:15:18.004156463
1,2372.4,7,2372.6,09:15:18.004239319
1,2372.4,7,2372.6,09:15:18.004255841
1,2372.4,7,2372.6,09:15:18.004381217
1,2372.4,7,2372.6,09:15:18.004393130
1,2372.4,7,2372.6,09:15:18.004408161
1,2372.4,8,2372.6,09:15:18.004452350
1,2372.4,8,2372.6,09:15:18.004467227
1,2372.4,8,2372.6,09:15:18.004487753
8,2372.3,8,2372.6,09:15:18.004552471
8,2372.3,8,2372.6,09:15:18.004552471
8,2372.3,8,2372.6,09:15:18.004578420
8,2372.3,9,2372.6,09:15:18.004614574
8,2372.3,9,2372.6,09:15:18.004626376
8,2372.3,9,2372.6,09:15:18.004762971
8,2372.3,9,2372.6,09:15:18.004781516
8,2372.3,9,2372.6,09:15:18.004794214
8,2372.3,9,2372.6,09:15:18.004806489
8,2372.3,9,2372.6,09:15:18.005079086
8,2372.3,10,2372.6,09:15:18.005096290
8,2372.3,9,2372.6,09:15:18.005148966
8,2372.3,8,2372.6,09:15:18.005252130
8,2372.3,7,2372.6,09:15:18.005267247
8,2372.3,1,2372.5,09:15:18.005447353
1,2372.4,1,2372.5,09:15:18.005508615
1,2372.4,2,2372.5,09:15:18.005639024
1,2372.4,2,2372.5,09:15:18.005657422
1,2372.4,2,2372.5,09:15:18.005713048
1,2372.4,3,2372.5,09:15:18.005771113
1,2372.4,4,2372.5,09:15:18.005790434
1,2372.4,4,2372.5,09:15:18.005806169
1,2372.4,5,2372.5,09:15:18.006007928
2,2372.4,5,2372.5,09:15:18.006090585
2,2372.4,5,2372.5,09:15:18.006102304
2,2372.4,6,2372.5,09:15:18.006117338
1,2372.4,6,2372.5,09:15:18.006219679
7,2372.3,6,2372.5,09:15:18.006248729
7,2372.3,6,2372.5,09:15:18.006248729
7,2372.3,5,2372.5,09:15:18.006342479
7,2372.3,4,2372.5,09:15:18.006458148
7,2372.3,3,2372.5,09:15:18.006562278
7,2372.3,3,2372.5,09:15:18.006630827
7,2372.3,3,2372.5,09:15:18.006739926
1,2372.4,3,2372.5,09:15:18.006789453
1,2372.4,3,2372.5,09:15:18.006917606
2,2372.4,3,2372.5,09:15:18.008412466
2,2372.4,7,2372.6,09:15:18.008687979
2,2372.4,7,2372.6,09:15:18.008687979
3,2372.4,7,2372.6,09:15:18.008790250
4,2372.4,7,2372.6,09:15:18.008858882
5,2372.4,7,2372.6,09:15:18.008886203
5,2372.4,6,2372.6,09:15:18.008900655
6,2372.4,6,2372.6,09:15:18.008919468
7,2372.4,6,2372.6,09:15:18.008937734
8,2372.4,6,2372.6,09:15:18.008993668
8,2372.4,6,2372.6,09:15:18.009052504
8,2372.4,6,2372.6,09:15:18.009101170
7,2372.4,6,2372.6,09:15:18.009117231
6,2372.4,6,2372.6,09:15:18.009185125
5,2372.4,6,2372.6,09:15:18.009297543
4,2372.4,6,2372.6,09:15:18.016972302
3,2372.4,6,2372.6,09:15:18.017092321
3,2372.4,6,2372.6,09:15:18.017104923
3,2372.4,5,2372.6,09:15:18.020196953
3,2372.4,4,2372.6,09:15:18.020302306
4,2372.4,4,2372.6,09:15:18.020329478
5,2372.4,4,2372.6,09:15:18.080868196
4,2372.4,4,2372.6,09:15:18.128456952
4,2372.4,5,2372.6,09:15:18.128584821
4,2372.4,4,2372.6,09:15:18.156741587
5,2372.4,4,2372.6,09:15:18.156861055
6,2372.4,4,2372.6,09:15:18.156896220
6,2372.4,4,2372.6,09:15:18.156925191
6,2372.4,4,2372.6,09:15:18.156940989
6,2372.4,3,2372.6,09:15:18.156990491
1,2372.5,3,2372.6,09:15:18.157018594
1,2372.5,3,2372.6,09:15:18.157131102
1,2372.5,3,2372.6,09:15:18.157160686
1,2372.5,3,2372.6,09:15:18.157176536
1,2372.5,2,2372.6,09:15:18.157306647
1,2372.5,2,2372.6,09:15:18.157345730
1,2372.5,1,2372.6,09:15:18.157455193
2,2372.5,1,2372.6,09:15:18.157570903
2,2372.5,9,2372.7,09:15:18.157690662
2,2372.5,9,2372.7,09:15:18.157690662
2,2372.5,9,2372.7,09:15:18.157944830
3,2372.5,9,2372.7,09:15:18.158194065
3,2372.5,9,2372.7,09:15:18.175568456
3,2372.5,9,2372.7,09:15:18.176418067
3,2372.5,1,2372.6,09:15:18.431623242
3,2372.5,2,2372.6,09:15:18.431885058
2,2372.5,2,2372.6,09:15:18.432005391
2,2372.5,2,2372.6,09:15:18.432046035
2,2372.5,3,2372.6,09:15:18.768647650
2,2372.5,3,2372.6,09:15:18.768799788
1,2372.5,3,2372.6,09:15:18.772143580
1,2372.5,3,2372.6,09:15:18.772210506
4,2372.4,3,2372.6,09:15:18.772325123
4,2372.4,3,2372.6,09:15:18.772325123
4,2372.4,4,2372.6,09:15:18.772346326
3,2372.4,4,2372.6,09:15:18.772451154
3,2372.4,4,2372.6,09:15:18.772461494
2,2372.4,4,2372.6,09:15:18.772564865
1,2372.4,4,2372.6,09:15:18.772684112
2,2372.4,4,2372.6,09:15:18.773562895
3,2372.4,4,2372.6,09:15:18.773697356
4,2372.4,4,2372.6,09:15:18.773718243
4,2372.4,3,2372.6,09:15:18.773826388
5,2372.4,3,2372.6,09:15:18.773942088
5,2372.4,2,2372.6,09:15:18.774092118
1,2372.5,2,2372.6,09:15:18.774222162
2,2372.5,2,2372.6,09:15:18.774377260
2,2372.5,2,2372.6,09:15:18.774434951
2,2372.5,1,2372.6,09:15:18.774521528
2,2372.5,9,2372.7,09:15:18.774675036
2,2372.5,9,2372.7,09:15:18.774675036
4,2372.5,9,2372.7,09:15:18.774701398
4,2372.5,8,2372.7,09:15:18.774823128
4,2372.5,7,2372.7,09:15:18.774993055
3,2372.5,7,2372.7,09:15:19.014351326
3,2372.5,1,2372.6,09:15:19.014462246
3,2372.5,1,2372.6,09:15:19.014560437
1,2372.5,1,2372.6,09:15:19.014590867
1,2372.5,7,2372.7,09:15:19.015021932
1,2372.5,7,2372.7,09:15:19.015021932
2,2372.5,7,2372.7,09:15:19.081989179
3,2372.5,7,2372.7,09:15:19.082074765
3,2372.5,7,2372.7,09:15:19.095198572
2,2372.5,7,2372.7,09:15:19.095975494
1,2372.5,7,2372.7,09:15:19.771614795
2,2372.5,7,2372.7,09:15:19.822364153
3,2372.5,7,2372.7,09:15:19.822491804
2,2372.5,7,2372.7,09:15:20.518268729
1,2372.5,7,2372.7,09:15:20.518431359
2,2372.5,7,2372.7,09:15:20.588413585
3,2372.5,7,2372.7,09:15:20.588556935
3,2372.5,7,2372.7,09:15:20.793153491
3,2372.5,10,2372.8,09:15:20.809636717
1,2372.7,10,2372.8,09:15:20.809636717
1,2372.7,10,2372.8,09:15:20.809636717
1,2372.7,10,2372.8,09:15:20.809694206
1,2372.7,10,2372.8,09:15:20.809745100
1,2372.7,10,2372.8,09:15:20.809805677
1,2372.7,9,2372.8,09:15:20.809890101
1,2372.7,9,2372.8,09:15:20.809903957
1,2372.7,9,2372.8,09:15:20.809927129
1,2372.7,9,2372.8,09:15:20.810096361
1,2372.7,9,2372.8,09:15:20.810211644
1,2372.7,8,2372.8,09:15:20.810248690
1,2372.7,8,2372.8,09:15:20.810302522
1,2372.7,8,2372.8,09:15:20.810331038
1,2372.7,8,2372.8,09:15:20.810431559
1,2372.7,6,2372.8,09:15:20.810449107
1,2372.7,6,2372.8,09:15:20.810483083
1,2372.7,6,2372.8,09:15:20.810536101
1,2372.7,6,2372.8,09:15:20.810589773
1,2372.7,5,2372.8,09:15:20.810607446
1,2372.7,5,2372.8,09:15:20.810620596
1,2372.7,5,2372.8,09:15:20.810637767
1,2372.7,5,2372.8,09:15:20.810655944
1,2372.7,4,2372.8,09:15:20.810673797
1,2372.7,4,2372.8,09:15:20.810687423
2,2372.7,4,2372.8,09:15:20.810726972
2,2372.7,4,2372.8,09:15:20.810821118
2,2372.7,4,2372.8,09:15:20.810837112
2,2372.7,4,2372.8,09:15:20.810992235
2,2372.7,3,2372.8,09:15:20.811032594
2,2372.7,2,2372.8,09:15:20.811053443
2,2372.7,2,2372.8,09:15:20.811149582
2,2372.7,1,2372.8,09:15:20.811210063
1,2372.7,1,2372.8,09:15:20.811271201
1,2372.7,1,2372.8,09:15:20.811362397
1,2372.7,1,2372.8,09:15:20.811442347
1,2372.7,1,2372.8,09:15:20.811457912
1,2372.7,1,2372.8,09:15:20.811470027
1,2372.7,1,2372.8,09:15:20.811603825
1,2372.7,1,2372.8,09:15:20.811623384
1,2372.7,2,2372.8,09:15:20.811698499
1,2372.7,1,2372.8,09:15:20.811716508
1,2372.7,4,2372.9,09:15:20.811781656
1,2372.7,4,2372.9,09:15:20.811781656
2,2372.7,4,2372.9,09:15:20.812029961
3,2372.7,4,2372.9,09:15:20.812134009
4,2372.7,4,2372.9,09:15:20.812155197
5,2372.7,4,2372.9,09:15:20.812173116
4,2372.7,4,2372.9,09:15:20.812194832
3,2372.7,4,2372.9,09:15:20.812354861
3,2372.7,4,2372.9,09:15:20.812398510
3,2372.7,4,2372.9,09:15:20.812458908
3,2372.7,4,2372.9,09:15:20.817850050
3,2372.7,4,2372.9,09:15:20.817864044
3,2372.7,4,2372.9,09:15:20.984313335
4,2372.7,4,2372.9,09:15:21.181974801
4,2372.7,4,2372.9,09:15:21.182112384
4,2372.7,4,2372.9,09:15:21.182130291
4,2372.7,4,2372.9,09:15:21.182145088
4,2372.7,3,2372.9,09:15:21.183183401
1,2372.8,3,2372.9,09:15:21.183316609
1,2372.8,3,2372.9,09:15:21.183343244
1,2372.8,3,2372.9,09:15:21.183352134
1,2372.8,3,2372.9,09:15:21.183491301
1,2372.8,3,2372.9,09:15:21.183508518
1,2372.8,3,2372.9,09:15:21.183556422
1,2372.8,2,2372.9,09:15:21.183578494
1,2372.8,1,2372.9,09:15:21.183640261
1,2372.8,1,2372.9,09:15:21.183666406
2,2372.8,1,2372.9,09:15:21.189444250
2,2372.8,1,2372.9,09:15:21.189642461
2,2372.8,7,2373.0,09:15:21.189759168
2,2372.8,7,2373.0,09:15:21.189759168
1,2372.8,7,2373.0,09:15:21.189788477
6,2372.7,7,2373.0,09:15:21.189873580
6,2372.7,7,2373.0,09:15:21.189873580
6,2372.7,7,2373.0,09:15:21.190001762
6,2372.7,7,2373.0,09:15:21.190040573
1,2372.9,7,2373.0,09:15:21.190073709
6,2372.7,7,2373.0,09:15:21.190198979
6,2372.7,7,2373.0,09:15:21.190198979
6,2372.7,7,2373.0,09:15:21.190277160
6,2372.7,7,2373.0,09:15:21.190299672
6,2372.7,6,2373.0,09:15:21.190331410
6,2372.7,1,2372.9,09:15:21.190364627
6,2372.7,1,2372.9,09:15:21.190479193
6,2372.7,2,2372.9,09:15:21.190538519
5,2372.7,2,2372.9,09:15:21.190577041
5,2372.7,3,2372.9,09:15:21.190597633
5,2372.7,3,2372.9,09:15:21.190623967
5,2372.7,3,2372.9,09:15:21.190623967
5,2372.7,3,2372.9,09:15:21.190756449
5,2372.7,3,2372.9,09:15:21.190756449
5,2372.7,4,2372.9,09:15:21.200471941
4,2372.7,4,2372.9,09:15:21.200587399
3,2372.7,4,2372.9,09:15:21.200606721
2,2372.7,4,2372.9,09:15:21.200628936
1,2372.7,4,2372.9,09:15:21.200880932
1,2372.7,1,2372.8,09:15:21.201008841
2,2372.7,1,2372.8,09:15:21.201057012
2,2372.7,1,2372.8,09:15:21.201161901
2,2372.7,4,2372.9,09:15:21.201310281
2,2372.7,4,2372.9,09:15:21.201310281
3,2372.7,4,2372.9,09:15:21.201439387
4,2372.7,4,2372.9,09:15:21.201477581
4,2372.7,3,2372.9,09:15:21.326607898
4,2372.7,2,2372.9,09:15:21.398625269
1,2372.8,2,2372.9,09:15:21.398755627
1,2372.8,2,2372.9,09:15:21.398887221
1,2372.8,1,2372.9,09:15:21.398911521
2,2372.8,1,2372.9,09:15:21.398957852
2,2372.8,1,2372.9,09:15:21.398987421
2,2372.8,2,2372.9,09:15:21.413441837
1,2372.8,2,2372.9,09:15:21.413569299
1,2372.8,2,2372.9,09:15:21.413609796
5,2372.7,2,2372.9,09:15:21.413761190
5,2372.7,2,2372.9,09:15:21.413761190
4,2372.7,2,2372.9,09:15:21.413803223
3,2372.7,2,2372.9,09:15:21.413896915
3,2372.7,3,2372.9,09:15:21.413918780
1,2372.7,3,2372.9,09:15:21.644514535
1,2372.7,1,2372.8,09:15:21.644623724
1,2372.7,2,2372.8,09:15:21.644761788
1,2372.7,2,2372.8,09:15:21.644914697
1,2372.7,3,2372.8,09:15:21.644940841
1,2372.7,2,2372.8,09:15:21.644971159
1,2372.7,2,2372.8,09:15:21.645005527
1,2372.7,1,2372.8,09:15:21.645075915
1,2372.7,4,2372.9,09:15:21.645185691
1,2372.7,4,2372.9,09:15:21.645185691
2,2372.7,4,2372.9,09:15:21.645257475
3,2372.7,4,2372.9,09:15:21.645339655
4,2372.7,4,2372.9,09:15:21.645517122
4,2372.7,5,2372.9,09:15:21.663258737
3,2372.7,5,2372.9,09:15:21.666502703
2,2372.7,5,2372.9,09:15:21.666674815
1,2372.7,5,2372.9,09:15:21.666786658
2,2372.7,5,2372.9,09:15:21.673982617
3,2372.7,5,2372.9,09:15:21.674948815
2,2372.7,5,2372.9,09:15:21.726318857
2,2372.7,4,2372.9,09:15:21.841073055
3,2372.7,4,2372.9,09:15:21.841185198
2,2372.7,4,2372.9,09:15:22.650143687
2,2372.7,5,2372.9,09:15:22.650191026
1,2372.7,5,2372.9,09:15:22.650244944
2,2372.7,5,2372.9,09:15:22.903272748
3,2372.7,5,2372.9,09:15:22.903582438
3,2372.7,4,2372.9,09:15:22.903635776
3,2372.7,5,2372.9,09:15:23.156608664
3,2372.7,6,2372.9,09:15:23.156775726
2,2372.7,6,2372.9,09:15:23.156799691
1,2372.7,6,2372.9,09:15:23.156967078
1,2372.7,1,2372.8,09:15:23.167884498
2,2372.7,1,2372.8,09:15:23.168053968
2,2372.7,6,2372.9,09:15:23.168220450
2,2372.7,6,2372.9,09:15:23.168220450
2,2372.7,5,2372.9,09:15:23.168245753
3,2372.7,5,2372.9,09:15:24.098894649
4,2372.7,5,2372.9,09:15:24.099134487
3,2372.7,5,2372.9,09:15:24.123106266
3,2372.7,6,2372.9,09:15:24.367727427
3,2372.7,7,2372.9,09:15:24.610343794
3,2372.7,1,2372.8,09:15:24.611851632
3,2372.7,2,2372.8,09:15:24.612043314
4,2372.7,2,2372.8,09:15:24.823745583
4,2372.7,1,2372.8,09:15:24.823937189
4,2372.7,1,2372.8,09:15:24.823974810
4,2372.7,6,2372.9,09:15:24.824014843
4,2372.7,6,2372.9,09:15:24.824014843
4,2372.7,1,2372.8,09:15:25.057650460
4,2372.7,6,2372.9,09:15:25.060642066
4,2372.7,6,2372.9,09:15:25.060642066
5,2372.7,6,2372.9,09:15:25.069107812
1,2372.8,6,2372.9,09:15:25.163520843
1,2372.8,6,2372.9,09:15:25.163557088
1,2372.8,5,2372.9,09:15:25.163727063
1,2372.8,5,2372.9,09:15:25.163842284
2,2372.8,5,2372.9,09:15:25.163875577
2,2372.8,5,2372.9,09:15:25.163885260
2,2372.8,5,2372.9,09:15:25.163901091
2,2372.8,5,2372.9,09:15:25.163917207
1,2372.8,5,2372.9,09:15:25.164184038
1,2372.8,6,2373.0,09:15:25.164255038
1,2372.8,6,2373.0,09:15:25.164255038
2,2372.8,6,2373.0,09:15:25.164577022
3,2372.8,6,2373.0,09:15:25.164626114
4,2372.8,6,2373.0,09:15:25.164671290
5,2372.8,6,2373.0,09:15:25.164740791
6,2372.8,6,2373.0,09:15:25.164931903
6,2372.8,5,2373.0,09:15:25.165006836
6,2372.8,5,2373.0,09:15:25.165200580
6,2372.8,5,2373.0,09:15:25.165213950
6,2372.8,5,2373.0,09:15:25.165228321
6,2372.8,5,2373.0,09:15:25.165241803
5,2372.8,5,2373.0,09:15:25.165378827
5,2372.8,4,2373.0,09:15:25.167640891
1,2372.9,4,2373.0,09:15:25.167792101
1,2372.9,4,2373.0,09:15:25.167816502
1,2372.9,4,2373.0,09:15:25.167950588
1,2372.9,4,2373.0,09:15:25.167969104
1,2372.9,4,2373.0,09:15:25.167981456
1,2372.9,4,2373.0,09:15:25.168029549
1,2372.9,3,2373.0,09:15:25.168048503
1,2372.9,3,2373.0,09:15:25.172442073
1,2372.9,3,2373.0,09:15:25.172465063
1,2372.9,2,2373.0,09:15:25.386140285
1,2372.9,2,2373.0,09:15:25.386270149
1,2372.9,2,2373.0,09:15:25.386285615
1,2372.9,2,2373.0,09:15:25.386302515
1,2372.9,2,2373.0,09:15:25.386316995
2,2372.9,2,2373.0,09:15:25.386410050
2,2372.9,2,2373.0,09:15:25.386522705
3,2372.9,2,2373.0,09:15:25.389061528
3,2372.9,1,2373.0,09:15:25.389315602
3,2372.9,5,2373.1,09:15:25.389331146
3,2372.9,5,2373.1,09:15:25.389331146
3,2372.9,5,2373.1,09:15:25.389566210
3,2372.9,5,2373.1,09:15:25.389697178
3,2372.9,5,2373.1,09:15:25.389710945
3,2372.9,5,2373.1,09:15:25.389725889
3,2372.9,5,2373.1,09:15:25.389757001
3,2372.9,4,2373.1,09:15:25.389776345
3,2372.9,4,2373.1,09:15:25.389803305
3,2372.9,4,2373.1,09:15:25.389943775
3,2372.9,4,2373.1,09:15:25.389974403
3,2372.9,4,2373.1,09:15:25.389987808
3,2372.9,4,2373.1,09:15:25.390000228
3,2372.9,4,2373.1,09:15:25.390264876
3,2372.9,4,2373.1,09:15:25.390264876
2,2372.9,4,2373.1,09:15:25.440012175
2,2372.9,4,2373.1,09:15:25.466314418
1,2372.9,4,2373.1,09:15:25.755516871
1,2372.9,1,2373.0,09:15:25.755671423
1,2372.9,1,2373.0,09:15:25.755833019
1,2372.9,4,2373.1,09:15:25.755951171
1,2372.9,4,2373.1,09:15:25.755951171
1,2372.9,1,2373.0,09:15:25.756105561
1,2372.9,2,2373.0,09:15:25.756276538
5,2372.8,2,2373.0,09:15:25.756676248
5,2372.8,2,2373.0,09:15:25.756676248
5,2372.8,3,2373.0,09:15:25.756831866
4,2372.8,3,2373.0,09:15:25.756990328
4,2372.8,3,2373.0,09:15:25.765038791
4,2372.8,3,2373.0,09:15:25.940915569
4,2372.8,4,2373.0,09:15:25.941035674
3,2372.8,4,2373.0,09:15:25.941147219
3,2372.8,5,2373.0,09:15:25.941265978
2,2372.8,5,2373.0,09:15:25.941424607
1,2372.8,5,2373.0,09:15:26.041613845
1,2372.8,1,2372.9,09:15:26.041818530
7,2372.7,1,2372.9,09:15:26.041975071
7,2372.7,1,2372.9,09:15:26.041975071
7,2372.7,1,2372.9,09:15:26.041996665
7,2372.7,1,2372.9,09:15:26.042025270
7,2372.7,1,2372.9,09:15:26.042259029
8,2372.7,1,2372.9,09:15:26.042294969
8,2372.7,2,2372.9,09:15:26.042389664
1,2372.8,2,2372.9,09:15:26.042488476
1,2372.8,1,2372.9,09:15:26.042533648
2,2372.8,1,2372.9,09:15:26.042620498
3,2372.8,1,2372.9,09:15:26.042667613
4,2372.8,1,2372.9,09:15:26.042688567
4,2372.8,6,2373.0,09:15:26.042868091
4,2372.8,6,2373.0,09:15:26.042868091
5,2372.8,6,2373.0,09:15:26.042890452
5,2372.8,5,2373.0,09:15:26.042956985
4,2372.8,5,2373.0,09:15:26.042975066
5,2372.8,5,2373.0,09:15:26.043058341
5,2372.8,4,2373.0,09:15:26.043073118
5,2372.8,3,2373.0,09:15:26.043188113
5,2372.8,2,2373.0,09:15:26.043395730
5,2372.8,2,2373.0,09:15:26.050167447
5,2372.8,3,2373.0,09:15:26.096767514
5,2372.8,4,2373.0,09:15:26.096938117
4,2372.8,4,2373.0,09:15:26.096961751
4,2372.8,3,2373.0,09:15:27.054976644
5,2372.8,3,2373.0,09:15:27.055089037
4,2372.8,3,2373.0,09:15:27.166767369
4,2372.8,4,2373.0,09:15:27.166990913
4,2372.8,4,2373.0,09:15:27.321781557
4,2372.8,4,2373.0,09:15:27.753015648
4,2372.8,3,2373.0,09:15:27.753148362
5,2372.8,3,2373.0,09:15:27.753165569
4,2372.8,3,2373.0,09:15:28.093029311
4,2372.8,4,2373.0,09:15:28.093144536
4,2372.8,4,2373.0,09:15:28.476417344
4,2372.8,5,2373.0,09:15:28.586705506
3,2372.8,5,2373.0,09:15:28.586776973
3,2372.8,1,2372.9,09:15:28.586943046
3,2372.8,1,2372.9,09:15:28.587141108
3,2372.8,1,2372.9,09:15:28.587588359
3,2372.8,2,2372.9,09:15:28.637929306
3,2372.8,2,2372.9,09:15:28.755090829
2,2372.8,2,2372.9,09:15:29.001187771
1,2372.8,2,2372.9,09:15:29.001305914
1,2372.8,2,2372.9,09:15:29.001322052
8,2372.7,2,2372.9,09:15:29.001509624
8,2372.7,2,2372.9,09:15:29.001509624
8,2372.7,3,2372.9,09:15:29.001566831
7,2372.7,3,2372.9,09:15:29.001720956
6,2372.7,3,2372.9,09:15:29.001738957
6,2372.7,3,2372.9,09:15:29.061586768
7,2372.7,3,2372.9,09:15:29.061715782
1,2372.8,3,2372.9,09:15:29.061858347
1,2372.8,2,2372.9,09:15:29.061876108
1,2372.8,1,2372.9,09:15:29.061922662
2,2372.8,1,2372.9,09:15:29.062015208
2,2372.8,1,2372.9,09:15:29.062060995
3,2372.8,1,2372.9,09:15:29.062086602
4,2372.8,1,2372.9,09:15:29.062122686
4,2372.8,5,2373.0,09:15:29.062367504
4,2372.8,5,2373.0,09:15:29.062367504
5,2372.8,5,2373.0,09:15:29.062550278
5,2372.8,4,2373.0,09:15:29.062568550
5,2372.8,3,2373.0,09:15:29.062707117
5,2372.8,2,2373.0,09:15:29.062955426
1,2372.9,2,2373.0,09:15:29.063203744
1,2372.9,2,2373.0,09:15:29.063347680
1,2372.9,2,2373.0,09:15:29.063381748
1,2372.9,1,2373.0,09:15:29.063409383
1,2372.9,1,2373.0,09:15:29.063436540
1,2372.9,5,2373.1,09:15:29.063484249
1,2372.9,5,2373.1,09:15:29.063484249
5,2372.8,5,2373.1,09:15:29.063560817
5,2372.8,5,2373.1,09:15:29.063560817
5,2372.8,5,2373.1,09:15:29.070326730
5,2372.8,5,2373.1,09:15:29.070709809
7,2372.8,5,2373.1,09:15:29.189069753
1,2372.9,5,2373.1,09:15:29.189226064
2,2372.9,5,2373.1,09:15:29.189373779
3,2372.9,5,2373.1,09:15:29.189411418
4,2372.9,5,2373.1,09:15:29.189432008
3,2372.9,5,2373.1,09:15:29.189508665
3,2372.9,4,2373.1,09:15:29.189548999
3,2372.9,4,2373.1,09:15:29.189562439
3,2372.9,4,2373.1,09:15:29.189579434
3,2372.9,5,2373.1,09:15:29.655241855
3,2372.9,6,2373.1,09:15:29.674011241
2,2372.9,6,2373.1,09:15:29.674148894
1,2372.9,6,2373.1,09:15:29.674247136
1,2372.9,1,2373.0,09:15:29.674393379
1,2372.9,1,2373.0,09:15:29.674551779
2,2372.9,1,2373.0,09:15:29.690032510
2,2372.9,6,2373.1,09:15:29.690224943
2,2372.9,6,2373.1,09:15:29.690224943
3,2372.9,6,2373.1,09:15:29.690272788
2,2372.9,6,2373.1,09:15:29.691054937
1,2372.9,6,2373.1,09:15:29.704202578
1,2372.9,1,2373.0,09:15:29.704329809
2,2372.9,1,2373.0,09:15:29.719968880
2,2372.9,6,2373.1,09:15:29.720079420
2,2372.9,6,2373.1,09:15:29.720079420
1,2372.9,6,2373.1,09:15:29.720955978
1,2372.9,6,2373.1,09:15:30.211141446
1,2372.9,6,2373.1,09:15:30.211141446
2,2372.9,6,2373.1,09:15:30.237952777
3,2372.9,6,2373.1,09:15:30.238084491
3,2372.9,6,2373.1,09:15:30.238469744
4,2372.9,6,2373.1,09:15:30.238662801
4,2372.9,5,2373.1,09:15:30.238821673
4,2372.9,4,2373.1,09:15:30.238993649
4,2372.9,3,2373.1,09:15:30.239119267
1,2373.0,3,2373.1,09:15:30.239257567
1,2373.0,3,2373.1,09:15:30.239443799
1,2373.0,3,2373.1,09:15:30.239458836
1,2373.0,3,2373.1,09:15:30.239476286
1,2373.0,3,2373.1,09:15:30.239491921
1,2373.0,2,2373.1,09:15:30.239559213
5,2372.9,2,2373.1,09:15:30.239717769
5,2372.9,2,2373.1,09:15:30.239717769
5,2372.9,3,2373.1,09:15:30.239873857
5,2372.9,4,2373.1,09:15:30.240019939
5,2372.9,5,2373.1,09:15:30.240039296
4,2372.9,5,2373.1,09:15:30.240398493
3,2372.9,5,2373.1,09:15:30.354331078
3,2372.9,4,2373.1,09:15:30.434883572
2,2372.9,4,2373.1,09:15:30.606195435
2,2372.9,5,2373.1,09:15:30.606304356
2,2372.9,4,2373.1,09:15:30.675458402
3,2372.9,4,2373.1,09:15:30.675536515
2,2372.9,4,2373.1,09:15:31.064729881
3,2372.9,4,2373.1,09:15:31.588002784
3,2372.9,3,2373.1,09:15:31.588024252
3,2372.9,2,2373.1,09:15:31.588180903
4,2372.9,2,2373.1,09:15:31.588201285
1,2373.0,2,2373.1,09:15:31.588319283
1,2373.0,2,2373.1,09:15:31.588537538
5,2372.9,2,2373.1,09:15:31.588730210
5,2372.9,2,2373.1,09:15:31.588730210
5,2372.9,3,2373.1,09:15:31.588895999
4,2372.9,3,2373.1,09:15:31.588931110
4,2372.9,4,2373.1,09:15:31.589032537
4,2372.9,5,2373.1,09:15:31.589087568
3,2372.9,5,2373.1,09:15:31.589478741
2,2372.9,5,2373.1,09:15:31.614843515
1,2372.9,5,2373.1,09:15:31.636977903
1,2372.9,1,2373.0,09:15:31.637253938
1,2372.9,1,2373.0,09:15:31.637508772
1,2372.9,1,2373.0,09:15:31.637530497
7,2372.8,1,2373.0,09:15:31.637715839
7,2372.8,1,2373.0,09:15:31.637715839
7,2372.8,1,2373.0,09:15:31.637874370
7,2372.8,2,2373.0,09:15:31.637907590
7,2372.8,2,2373.0,09:15:31.647192584
7,2372.8,2,2373.0,09:15:31.669092738
1,2372.9,2,2373.0,09:15:32.234593841
1,2372.9,1,2373.0,09:15:32.234838744
2,2372.9,1,2373.0,09:15:32.519890341
2,2372.9,4,2373.1,09:15:32.520065644
2,2372.9,4,2373.1,09:15:32.520065644
2,2372.9,4,2373.1,09:15:32.654423099
2,2372.9,1,2373.0,09:15:33.190027010
2,2372.9,1,2373.0,09:15:33.190193721
2,2372.9,4,2373.1,09:15:33.190235981
2,2372.9,4,2373.1,09:15:33.190235981
1,2372.9,4,2373.1,09:15:33.206033583
2,2372.9,4,2373.1,09:15:33.291828450
2,2372.9,4,2373.1,09:15:33.381676016
1,2372.9,4,2373.1,09:15:34.532877203
1,2372.9,1,2373.0,09:15:34.533252366
1,2372.9,4,2373.1,09:15:34.533277755
1,2372.9,4,2373.1,09:15:34.533277755
1,2372.9,4,2373.1,09:15:34.533440479
2,2372.9,4,2373.1,09:15:34.533498495
3,2372.9,4,2373.1,09:15:34.533562891
4,2372.9,4,2373.1,09:15:34.533584524
3,2372.9,4,2373.1,09:15:34.533776687
3,2372.9,4,2373.1,09:15:34.543900248
3,2372.9,4,2373.1,09:15:34.552289046
3,2372.9,4,2373.1,09:15:34.719955134
3,2372.9,1,2373.0,09:15:34.743413359
3,2372.9,4,2373.1,09:15:34.743678786
3,2372.9,4,2373.1,09:15:34.743678786
6,2372.9,4,2373.1,09:15:34.743704902
6,2372.9,3,2373.1,09:15:34.743892307
6,2372.9,2,2373.1,09:15:34.744001433
7,2372.9,2,2373.1,09:15:34.744639122
7,2372.9,1,2373.1,09:15:34.744787048
1,2373.0,1,2373.1,09:15:34.744917415
1,2373.0,6,2373.2,09:15:34.745036160
1,2373.0,6,2373.2,09:15:34.745036160
2,2373.0,6,2373.2,09:15:34.745086075
2,2373.0,6,2373.2,09:15:34.745114687
2,2373.0,6,2373.2,09:15:34.745146325
2,2373.0,6,2373.2,09:15:34.745162265
2,2373.0,5,2373.2,09:15:34.745180701
3,2373.0,5,2373.2,09:15:34.745203655
3,2373.0,5,2373.2,09:15:34.745220756
4,2373.0,5,2373.2,09:15:34.745258255
4,2373.0,5,2373.2,09:15:34.745268802
4,2373.0,5,2373.2,09:15:34.745282642
4,2373.0,5,2373.2,09:15:34.745296073
5,2373.0,5,2373.2,09:15:34.745322371
5,2373.0,5,2373.2,09:15:34.745434476
5,2373.0,5,2373.2,09:15:34.745463183
5,2373.0,5,2373.2,09:15:34.752287311
5,2373.0,5,2373.2,09:15:34.928312071
5,2373.0,5,2373.2,09:15:34.928337841
4,2373.0,5,2373.2,09:15:35.085932934
3,2373.0,5,2373.2,09:15:35.086084569
3,2373.0,5,2373.2,09:15:35.086101510
2,2373.0,5,2373.2,09:15:35.086223327
2,2373.0,5,2373.2,09:15:35.086341563
2,2373.0,3,2373.2,09:15:35.424538653
3,2373.0,3,2373.2,09:15:35.424619797
4,2373.0,3,2373.2,09:15:35.424709568
4,2373.0,3,2373.2,09:15:35.424722678
4,2373.0,3,2373.2,09:15:35.424734772
4,2373.0,3,2373.2,09:15:35.424747880
5,2373.0,3,2373.2,09:15:35.424785819
5,2373.0,3,2373.2,09:15:35.424839503
5,2373.0,3,2373.2,09:15:35.424894343
5,2373.0,3,2373.2,09:15:35.424907646
1,2373.1,3,2373.2,09:15:35.425003814
1,2373.1,3,2373.2,09:15:35.425031398
1,2373.1,3,2373.2,09:15:35.425135766
5,2373.0,3,2373.2,09:15:35.425174855
5,2373.0,3,2373.2,09:15:35.425174855
6,2373.0,3,2373.2,09:15:35.425198986
6,2373.0,3,2373.2,09:15:35.425289187
5,2373.0,3,2373.2,09:15:35.425472576
4,2373.0,3,2373.2,09:15:35.426134756
3,2373.0,3,2373.2,09:15:35.426255638
3,2373.0,4,2373.2,09:15:35.601970097
2,2373.0,4,2373.2,09:15:35.602115640
1,2373.1,4,2373.2,09:15:36.020327056
1,2373.1,3,2373.2,09:15:36.020502868
1,2373.1,3,2373.2,09:15:36.020523028
1,2373.1,3,2373.2,09:15:36.020663828
1,2373.1,2,2373.2,09:15:36.021620497
1,2373.1,1,2373.2,09:15:36.021792321
1,2373.1,11,2373.3,09:15:36.022028399
1,2373.1,11,2373.3,09:15:36.022028399
1,2373.1,11,2373.3,09:15:36.022155877
1,2373.1,11,2373.3,09:15:36.022172783
1,2373.1,10,2373.3,09:15:36.022189712
1,2373.1,10,2373.3,09:15:36.022296556
1,2373.1,10,2373.3,09:15:36.022296556
2,2373.1,10,2373.3,09:15:36.022348195
2,2373.1,10,2373.3,09:15:36.022374394
2,2373.1,10,2373.3,09:15:36.022434497
2,2373.1,10,2373.3,09:15:36.022467788
2,2373.1,10,2373.3,09:15:36.022579115
2,2373.1,1,2373.2,09:15:36.101826930
2,2373.1,2,2373.2,09:15:36.102022985
1,2373.1,2,2373.2,09:15:36.102055767
1,2373.1,2,2373.2,09:15:36.102320442
1,2373.1,3,2373.2,09:15:36.102573035
1,2373.1,2,2373.2,09:15:36.103622622
1,2373.1,2,2373.2,09:15:36.209455364
1,2373.1,2,2373.2,09:15:36.604314477
1,2373.1,3,2373.2,09:15:36.604438194
1,2373.1,4,2373.2,09:15:36.604709080
1,2373.1,4,2373.2,09:15:36.604772861
1,2373.1,4,2373.2,09:15:36.604967434
1,2373.1,5,2373.2,09:15:36.605006645
1,2373.1,4,2373.2,09:15:36.605140055
1,2373.1,3,2373.2,09:15:36.605241701
1,2373.1,2,2373.2,09:15:36.605271687
1,2373.1,2,2373.2,09:15:36.605380566
1,2373.1,1,2373.2,09:15:36.605417852
2,2373.1,1,2373.2,09:15:36.605515688
2,2373.1,1,2373.2,09:15:36.605529055
2,2373.1,1,2373.2,09:15:36.605625825
2,2373.1,9,2373.3,09:15:36.605679061
2,2373.1,9,2373.3,09:15:36.605679061
2,2373.1,9,2373.3,09:15:36.605706130
2,2373.1,8,2373.3,09:15:36.605888720
3,2373.1,8,2373.3,09:15:36.607925945
1,2373.2,8,2373.3,09:15:36.608317412
1,2373.2,8,2373.3,09:15:36.608394041
1,2373.2,6,2373.3,09:15:36.608589399
1,2373.2,6,2373.3,09:15:36.608604199
1,2373.2,6,2373.3,09:15:36.608622061
1,2373.2,6,2373.3,09:15:36.608636788
1,2373.2,5,2373.3,09:15:36.608665534
1,2373.2,4,2373.3,09:15:36.608685122
1,2373.2,4,2373.3,09:15:36.608831022
1,2373.2,3,2373.3,09:15:36.608860869
1,2373.2,3,2373.3,09:15:36.608878042
1,2373.2,2,2373.3,09:15:36.609083217
2,2373.2,2,2373.3,09:15:36.609168837
2,2373.2,2,2373.3,09:15:36.609554954
2,2373.2,2,2373.3,09:15:36.609554954
1,2373.2,2,2373.3,09:15:36.652459538
4,2373.1,2,2373.3,09:15:36.652552029
4,2373.1,2,2373.3,09:15:36.652552029
4,2373.1,3,2373.3,09:15:36.652747116
4,2373.1,3,2373.3,09:15:36.652816922
4,2373.1,3,2373.3,09:15:36.652835153
3,2373.1,3,2373.3,09:15:36.652891730
3,2373.1,4,2373.3,09:15:36.653031826
3,2373.1,4,2373.3,09:15:36.653041963
3,2373.1,4,2373.3,09:15:36.671315251
3,2373.1,5,2373.3,09:15:36.880660557
2,2373.1,5,2373.3,09:15:36.880811471
2,2373.1,6,2373.3,09:15:36.885182017
2,2373.1,7,2373.3,09:15:36.906912993
2,2373.1,1,2373.2,09:15:36.907078264
2,2373.1,2,2373.2,09:15:36.907236002
1,2373.1,2,2373.2,09:15:36.907277948
1,2373.1,2,2373.2,09:15:36.925740756
1,2373.1,2,2373.2,09:15:37.101922112
1,2373.1,2,2373.2,09:15:37.395302500
1,2373.1,5,2373.3,09:15:37.571859228
1,2373.1,4,2373.3,09:15:37.571859228
1,2373.1,4,2373.3,09:15:37.571859228
2,2373.1,4,2373.3,09:15:37.572118462
3,2373.1,4,2373.3,09:15:37.572135598
4,2373.1,4,2373.3,09:15:37.572253153
4,2373.1,4,2373.3,09:15:37.572265412
5,2373.1,4,2373.3,09:15:37.572286436
4,2373.1,4,2373.3,09:15:37.572465772
3,2373.1,4,2373.3,09:15:37.572483468
3,2373.1,4,2373.3,09:15:37.572494850
3,2373.1,3,2373.3,09:15:37.641379043
3,2373.1,2,2373.3,09:15:37.641502534
4,2373.1,2,2373.3,09:15:37.641529700
4,2373.1,3,2373.3,09:15:37.699689872
4,2373.1,4,2373.3,09:15:37.699725796
3,2373.1,4,2373.3,09:15:37.699773688
3,2373.1,1,2373.2,09:15:39.181299518
2,2373.1,1,2373.2,09:15:39.181506972
2,2373.1,1,2373.2,09:15:39.181543734
5,2373.1,1,2373.2,09:15:39.181567424
4,2373.1,1,2373.2,09:15:39.181586241
4,2373.1,5,2373.3,09:15:39.181818785
4,2373.1,5,2373.3,09:15:39.181818785
1,2373.1,5,2373.3,09:15:39.181917576
2,2373.1,5,2373.3,09:15:39.182107147
2,2373.1,4,2373.3,09:15:39.182122620
3,2373.1,4,2373.3,09:15:39.182159382
4,2373.1,4,2373.3,09:15:39.182197434
5,2373.1,4,2373.3,09:15:39.182231697
4,2373.1,4,2373.3,09:15:39.182300732
4,2373.1,3,2373.3,09:15:40.318531490
4,2373.1,2,2373.3,09:15:40.318660682
1,2373.2,2,2373.3,09:15:40.318809770
1,2373.2,2,2373.3,09:15:40.319001698
1,2373.2,1,2373.3,09:15:40.319028517
1,2373.2,8,2373.4,09:15:40.319296052
1,2373.2,8,2373.4,09:15:40.319296052
2,2373.2,8,2373.4,09:15:40.319449472
3,2373.2,8,2373.4,09:15:40.319473666
4,2373.2,8,2373.4,09:15:40.319494977
4,2373.2,7,2373.4,09:15:40.319529426
5,2373.2,7,2373.4,09:15:40.319703337
5,2373.2,7,2373.4,09:15:40.319708179
5,2373.2,7,2373.4,09:15:40.319721514
5,2373.2,7,2373.4,09:15:40.319733587
5,2373.2,5,2373.4,09:15:40.319815093
5,2373.2,5,2373.4,09:15:40.319942603
5,2373.2,5,2373.4,09:15:40.320000777
5,2373.2,5,2373.4,09:15:40.320152214
5,2373.2,5,2373.4,09:15:40.320152214
4,2373.2,5,2373.4,09:15:40.320427064
4,2373.2,5,2373.4,09:15:40.320441934
4,2373.2,5,2373.4,09:15:40.320573489
4,2373.2,4,2373.4,09:15:40.320609867
4,2373.2,4,2373.4,09:15:40.320983324
4,2373.2,4,2373.4,09:15:40.321013799
4,2373.2,4,2373.4,09:15:40.406324576
4,2373.2,4,2373.4,09:15:40.922065720
1,2373.2,4,2373.4,09:15:41.370429183
1,2373.2,5,2373.4,09:15:41.370747628
1,2373.2,1,2373.3,09:15:41.370791626
2,2373.2,1,2373.3,09:15:41.370935171
2,2373.2,5,2373.4,09:15:41.371142711
2,2373.2,5,2373.4,09:15:41.371142711
3,2373.2,5,2373.4,09:15:41.371520191
3,2373.2,5,2373.4,09:15:41.371829378
2,2373.2,5,2373.4,09:15:41.371900045
2,2373.2,1,2373.3,09:15:41.505385083
2,2373.2,5,2373.4,09:15:43.196181252
2,2373.2,5,2373.4,09:15:43.196181252
2,2373.2,4,2373.4,09:15:43.196210574
2,2373.2,5,2373.4,09:15:43.704277896
2,2373.2,6,2373.4,09:15:43.704433349
1,2373.2,6,2373.4,09:15:43.704584581
1,2373.2,1,2373.3,09:15:43.704644444
6,2373.1,1,2373.3,09:15:43.704764725
6,2373.1,1,2373.3,09:15:43.704764725
6,2373.1,1,2373.3,09:15:43.705033086
6,2373.1,1,2373.3,09:15:43.705071890
6,2373.1,2,2373.3,09:15:43.836510409
6,2373.1,3,2373.3,09:15:43.972619912
6,2373.1,4,2373.3,09:15:43.972777145
5,2373.1,4,2373.3,09:15:43.972798949
5,2373.1,5,2373.3,09:15:43.972833824
5,2373.1,4,2373.3,09:15:43.972887421
4,2373.1,4,2373.3,09:15:43.972907272
3,2373.1,4,2373.3,09:15:43.972929339
3,2373.1,1,2373.2,09:15:43.972952911
3,2373.1,1,2373.2,09:15:43.973081550
3,2373.1,1,2373.2,09:15:43.973098377
3,2373.1,1,2373.2,09:15:43.973162442
3,2373.1,1,2373.2,09:15:43.973230827
6,2373.1,1,2373.2,09:15:43.973251600
3,2373.1,1,2373.2,09:15:43.973451561
3,2373.1,4,2373.3,09:15:43.973506932
3,2373.1,4,2373.3,09:15:43.973506932
3,2373.1,3,2373.3,09:15:43.973904869
3,2373.1,2,2373.3,09:15:43.974039451
4,2373.1,2,2373.3,09:15:43.982217587
4,2373.1,3,2373.3,09:15:44.031862062
3,2373.1,3,2373.3,09:15:44.032033499
5,2373.1,3,2373.3,09:15:44.721765869
6,2373.1,3,2373.3,09:15:44.722055248
1,2373.2,3,2373.3,09:15:44.722195724
1,2373.2,3,2373.3,09:15:44.722250744
2,2373.2,3,2373.3,09:15:44.722349948
2,2373.2,3,2373.3,09:15:44.722368188
2,2373.2,2,2373.3,09:15:44.722397361
2,2373.2,1,2373.3,09:15:44.722433527
3,2373.2,1,2373.3,09:15:44.722566794
3,2373.2,5,2373.4,09:15:44.722830357
3,2373.2,5,2373.4,09:15:44.722830357
3,2373.2,5,2373.4,09:15:44.723055803
3,2373.2,4,2373.4,09:15:44.723086565
3,2373.2,4,2373.4,09:15:44.731240515
3,2373.2,4,2373.4,09:15:45.375509453
3,2373.2,4,2373.4,09:15:45.375780928
3,2373.2,4,2373.4,09:15:46.106533038
3,2373.2,5,2373.4,09:15:46.156108784
2,2373.2,5,2373.4,09:15:46.156728828
2,2373.2,1,2373.3,09:15:46.156869864
2,2373.2,1,2373.3,09:15:47.198154225
4,2373.2,1,2373.3,09:15:47.691545577
4,2373.2,5,2373.4,09:15:47.691683487
4,2373.2,5,2373.4,09:15:47.691683487
5,2373.2,5,2373.4,09:15:47.691814413
5,2373.2,4,2373.4,09:15:47.691819793
6,2373.2,4,2373.4,09:15:47.691839767
6,2373.2,4,2373.4,09:15:47.691938695
1,2373.3,4,2373.4,09:15:48.571707831
1,2373.3,4,2373.4,09:15:48.571893858
1,2373.3,4,2373.4,09:15:48.571906232
1,2373.3,4,2373.4,09:15:48.571921157
1,2373.3,4,2373.4,09:15:48.571945789
1,2373.3,3,2373.4,09:15:48.572046117
1,2373.3,3,2373.4,09:15:48.572090924
1,2373.3,2,2373.4,09:15:48.572157593
1,2373.3,1,2373.4,09:15:48.572268783
1,2373.3,1,2373.4,09:15:48.572470833
1,2373.3,1,2373.4,09:15:48.572485924
2,2373.3,1,2373.4,09:15:48.572517541
2,2373.3,6,2373.5,09:15:48.573020299
2,2373.3,6,2373.5,09:15:48.573020299
3,2373.3,6,2373.5,09:15:48.573191065
3,2373.3,5,2373.5,09:15:48.573207459
4,2373.3,5,2373.5,09:15:48.573374544
4,2373.3,5,2373.5,09:15:48.573393337
4,2373.3,5,2373.5,09:15:48.573427836
4,2373.3,5,2373.5,09:15:48.573443517
4,2373.3,5,2373.5,09:15:48.573460205
4,2373.3,5,2373.5,09:15:48.573473741
4,2373.3,4,2373.5,09:15:48.573512082
4,2373.3,4,2373.5,09:15:48.573604711
4,2373.3,4,2373.5,09:15:48.573615313
4,2373.3,4,2373.5,09:15:48.573714966
4,2373.3,4,2373.5,09:15:48.573729360
4,2373.3,4,2373.5,09:15:48.573807864
4,2373.3,4,2373.5,09:15:48.623311727
4,2373.3,4,2373.5,09:15:48.623311727
4,2373.3,5,2373.5,09:15:49.380072932
3,2373.3,5,2373.5,09:15:49.380131212
2,2373.3,5,2373.5,09:15:49.380212650
2,2373.3,6,2373.5,09:15:49.380230183
1,2373.3,6,2373.5,09:15:49.380261698
1,2373.3,6,2373.5,09:15:49.380269003
1,2373.3,1,2373.4,09:15:49.380345046
1,2373.3,1,2373.4,09:15:49.380494288
2,2373.3,1,2373.4,09:15:49.381601923
2,2373.3,6,2373.5,09:15:49.381717519
2,2373.3,6,2373.5,09:15:49.381717519
2,2373.3,6,2373.5,09:15:49.381824064
2,2373.3,5,2373.5,09:15:49.381838932
3,2373.3,5,2373.5,09:15:49.382124618
3,2373.3,4,2373.5,09:15:49.382209925
4,2373.3,4,2373.5,09:15:49.382246071
3,2373.3,4,2373.5,09:15:49.382685011
3,2373.3,4,2373.5,09:15:49.392810424
3,2373.3,3,2373.5,09:15:50.129140901
4,2373.3,3,2373.5,09:15:50.129317737
4,2373.3,2,2373.5,09:15:50.129443746
1,2373.4,2,2373.5,09:15:50.129663046
1,2373.4,2,2373.5,09:15:50.129909605
1,2373.4,2,2373.5,09:15:50.129931295
1,2373.4,2,2373.5,09:15:50.129946271
1,2373.4,2,2373.5,09:15:50.129973295
1,2373.4,2,2373.5,09:15:50.130073503
2,2373.4,2,2373.5,09:15:50.130112780
2,2373.4,1,2373.5,09:15:50.130133078
2,2373.4,1,2373.5,09:15:50.130174266
2,2373.4,1,2373.5,09:15:50.130340753
2,2373.4,6,2373.6,09:15:50.130385829
2,2373.4,6,2373.6,09:15:50.130385829
2,2373.4,6,2373.6,09:15:50.130523288
2,2373.4,6,2373.6,09:15:50.130592195
2,2373.4,6,2373.6,09:15:50.130592195
2,2373.4,6,2373.6,09:15:50.130865989
2,2373.4,6,2373.6,09:15:50.130999563
2,2373.4,6,2373.6,09:15:50.137927383
2,2373.4,6,2373.6,09:15:50.137939409
2,2373.4,1,2373.5,09:15:50.515702677
1,2373.4,1,2373.5,09:15:50.515917210
1,2373.4,1,2373.5,09:15:50.515926138
5,2373.3,1,2373.5,09:15:50.516061018
5,2373.3,1,2373.5,09:15:50.516061018
5,2373.3,2,2373.5,09:15:50.516258161
4,2373.3,2,2373.5,09:15:50.516398499
4,2373.3,3,2373.5,09:15:50.552345585
4,2373.3,3,2373.5,09:15:51.598660889
4,2373.3,2,2373.5,09:15:51.963521693
4,2373.3,1,2373.5,09:15:51.963984131
1,2373.4,1,2373.5,09:15:51.964140355
1,2373.4,1,2373.5,09:15:51.964326053
1,2373.4,2,2373.5,09:15:51.989231204
5,2373.3,2,2373.5,09:15:51.989352455
5,2373.3,2,2373.5,09:15:51.989352455
5,2373.3,3,2373.5,09:15:51.989430139
4,2373.3,3,2373.5,09:15:51.989496944
4,2373.3,2,2373.5,09:15:52.096922951
4,2373.3,1,2373.4,09:15:52.710866669
4,2373.3,1,2373.4,09:15:52.710999770
3,2373.3,1,2373.4,09:15:52.711028797
7,2373.3,1,2373.4,09:15:52.711067879
6,2373.3,1,2373.4,09:15:52.711188137
6,2373.3,3,2373.5,09:15:52.711325981
6,2373.3,3,2373.5,09:15:52.711325981
2,2373.3,3,2373.5,09:15:52.711368061
3,2373.3,3,2373.5,09:15:52.935611026
4,2373.3,3,2373.5,09:15:52.936207963
3,2373.3,3,2373.5,09:15:53.680273366
2,2373.3,3,2373.5,09:15:53.680410543
3,2373.3,3,2373.5,09:15:53.944456601
6,2373.3,3,2373.5,09:15:53.944771810
7,2373.3,3,2373.5,09:15:53.944867889
1,2373.4,3,2373.5,09:15:53.944983964
1,2373.4,2,2373.5,09:15:53.945016561
2,2373.4,2,2373.5,09:15:53.945074216
2,2373.4,2,2373.5,09:15:53.945163609
2,2373.4,1,2373.5,09:15:53.945190618
3,2373.4,1,2373.5,09:15:53.945232229
4,2373.4,1,2373.5,09:15:53.945269101
4,2373.4,6,2373.6,09:15:53.945450665
4,2373.4,6,2373.6,09:15:53.945450665
4,2373.4,6,2373.6,09:15:53.945687092
4,2373.4,6,2373.6,09:15:53.945703778
4,2373.4,5,2373.6,09:15:53.945720380
4,2373.4,4,2373.6,09:15:53.945738159
4,2373.4,4,2373.6,09:15:54.068729121
5,2373.4,4,2373.6,09:15:54.466357858
5,2373.4,4,2373.6,09:15:54.466476895
1,2373.5,4,2373.6,09:15:54.589204855
2,2373.5,4,2373.6,09:15:54.589307279
2,2373.5,4,2373.6,09:15:54.589490138
2,2373.5,4,2373.6,09:15:54.589506842
2,2373.5,3,2373.6,09:15:54.589548184
2,2373.5,3,2373.6,09:15:54.589559842
2,2373.5,2,2373.6,09:15:54.589584495
3,2373.5,2,2373.6,09:15:54.589624327
3,2373.5,2,2373.6,09:15:54.589652528
3,2373.5,1,2373.6,09:15:54.589751823
3,2373.5,9,2373.7,09:15:54.589844032
3,2373.5,9,2373.7,09:15:54.589844032
3,2373.5,8,2373.7,09:15:54.589989562
3,2373.5,8,2373.7,09:15:54.590299869
2,2373.5,8,2373.7,09:15:54.590333253
2,2373.5,8,2373.7,09:15:54.590349211
2,2373.5,7,2373.7,09:15:54.590435607
2,2373.5,6,2373.7,09:15:54.590475799
2,2373.5,6,2373.7,09:15:54.590505055
2,2373.5,6,2373.7,09:15:54.590552525
2,2373.5,6,2373.7,09:15:54.590552525
3,2373.5,6,2373.7,09:15:54.590609630
3,2373.5,6,2373.7,09:15:54.590620103
3,2373.5,6,2373.7,09:15:54.590649918
3,2373.5,6,2373.7,09:15:54.590725964
3,2373.5,6,2373.7,09:15:54.590755360
3,2373.5,6,2373.7,09:15:54.597559034
3,2373.5,6,2373.7,09:15:54.610656591
3,2373.5,6,2373.7,09:15:54.610656591
2,2373.5,6,2373.7,09:15:55.199082400
1,2373.5,6,2373.7,09:15:55.199169559
1,2373.5,1,2373.6,09:15:55.199242102
2,2373.5,1,2373.6,09:15:55.199380004
2,2373.5,6,2373.7,09:15:55.199713871
2,2373.5,6,2373.7,09:15:55.199713871
3,2373.5,6,2373.7,09:15:55.597213802
3,2373.5,5,2373.7,09:15:55.597332543
3,2373.5,5,2373.7,09:15:55.615681988
3,2373.5,4,2373.7,09:15:55.842829314
3,2373.5,3,2373.7,09:15:56.127776056
3,2373.5,2,2373.7,09:15:56.127847395
1,2373.6,2,2373.7,09:15:56.127960775
2,2373.6,2,2373.7,09:15:56.128658749
1,2373.6,2,2373.7,09:15:56.128813046
1,2373.6,1,2373.7,09:15:56.128848560
1,2373.6,1,2373.7,09:15:56.128912514
1,2373.6,1,2373.7,09:15:56.128930979
1,2373.6,1,2373.7,09:15:56.128952643
1,2373.6,8,2373.8,09:15:56.129020763
1,2373.6,7,2373.8,09:15:56.129020763
1,2373.6,7,2373.8,09:15:56.129020763
1,2373.6,6,2373.8,09:15:56.129208382
2,2373.6,6,2373.8,09:15:56.129278041
2,2373.6,5,2373.8,09:15:56.129354338
2,2373.6,5,2373.8,09:15:56.129537637
3,2373.6,5,2373.8,09:15:56.129587309
3,2373.6,5,2373.8,09:15:56.129651147
3,2373.6,5,2373.8,09:15:56.129664142
3,2373.6,5,2373.8,09:15:56.129698757
3,2373.6,4,2373.8,09:15:56.129719586
3,2373.6,4,2373.8,09:15:56.129811819
2,2373.6,4,2373.8,09:15:56.129899772
2,2373.6,4,2373.8,09:15:56.129922928
2,2373.6,5,2373.8,09:15:56.129967742
2,2373.6,5,2373.8,09:15:56.130029817
2,2373.6,5,2373.8,09:15:56.133075987
2,2373.6,5,2373.8,09:15:56.136131620
2,2373.6,5,2373.8,09:15:56.342308807
3,2373.6,5,2373.8,09:15:56.659988677
3,2373.6,5,2373.8,09:15:56.659988677
3,2373.6,5,2373.8,09:15:56.660108949
3,2373.6,1,2373.7,09:15:57.140355841
2,2373.6,1,2373.7,09:15:57.140561311
2,2373.6,1,2373.7,09:15:57.140621677
1,2373.6,1,2373.7,09:15:57.140648906
1,2373.6,2,2373.7,09:15:57.142249559
1,2373.6,1,2373.7,09:15:58.423832448
2,2373.6,1,2373.7,09:15:58.423920427
2,2373.6,5,2373.8,09:15:58.424914300
2,2373.6,5,2373.8,09:15:58.424914300
2,2373.6,5,2373.8,09:15:58.433236186
3,2373.6,5,2373.8,09:15:59.233632848
2,2373.6,5,2373.8,09:15:59.234349768
3,2373.6,5,2373.8,09:16:01.248292863
3,2373.6,5,2373.8,09:16:01.342662596
3,2373.6,4,2373.8,09:16:02.097426714
3,2373.6,3,2373.8,09:16:02.097447169
4,2373.6,3,2373.8,09:16:02.097480889
4,2373.6,2,2373.8,09:16:02.097616382
1,2373.7,2,2373.8,09:16:02.097668626
2,2373.7,2,2373.8,09:16:02.097698985
3,2373.7,2,2373.8,09:16:02.097803509
3,2373.7,2,2373.8,09:16:02.097883447
3,2373.7,2,2373.8,09:16:02.097917950
3,2373.7,2,2373.8,09:16:02.097931854
4,2373.7,2,2373.8,09:16:02.098004256
4,2373.7,2,2373.8,09:16:02.098004256
4,2373.7,2,2373.8,09:16:02.098018359
4,2373.7,2,2373.8,09:16:02.098071527
4,2373.7,2,2373.8,09:16:02.098136175
4,2373.7,2,2373.8,09:16:02.098339293
4,2373.7,1,2373.8,09:16:02.098375597
4,2373.7,9,2373.9,09:16:02.098487212
4,2373.7,9,2373.9,09:16:02.098487212
4,2373.7,9,2373.9,09:16:02.098581928
4,2373.7,8,2373.9,09:16:02.098707876
8,2373.7,8,2373.9,09:16:02.098991408
8,2373.7,8,2373.9,09:16:02.099097846
8,2373.7,7,2373.9,09:16:02.099155591
8,2373.7,7,2373.9,09:16:02.099212882
8,2373.7,7,2373.9,09:16:02.099225035
8,2373.7,7,2373.9,09:16:02.099238405
8,2373.7,7,2373.9,09:16:02.099252575
8,2373.7,6,2373.9,09:16:02.099269733
8,2373.7,5,2373.9,09:16:02.099430572
8,2373.7,5,2373.9,09:16:02.099442621
4,2373.7,5,2373.9,09:16:02.099465447
4,2373.7,5,2373.9,09:16:02.099537327
4,2373.7,5,2373.9,09:16:02.099537327
4,2373.7,5,2373.9,09:16:02.099597315
4,2373.7,5,2373.9,09:16:02.099773549
4,2373.7,5,2373.9,09:16:02.099892118
4,2373.7,5,2373.9,09:16:02.318326105
4,2373.7,4,2373.9,09:16:02.598918472
1,2373.8,4,2373.9,09:16:02.599068858
1,2373.8,4,2373.9,09:16:02.599102011
1,2373.8,4,2373.9,09:16:02.599213857
1,2373.8,4,2373.9,09:16:02.599228513
1,2373.8,3,2373.9,09:16:02.599249416
1,2373.8,3,2373.9,09:16:02.599266463
2,2373.8,3,2373.9,09:16:02.599297173
3,2373.8,3,2373.9,09:16:02.599329878
3,2373.8,3,2373.9,09:16:02.599329878
3,2373.8,3,2373.9,09:16:02.599409694
3,2373.8,2,2373.9,09:16:02.599434359
3,2373.8,2,2373.9,09:16:02.599448545
3,2373.8,2,2373.9,09:16:02.599668416
3,2373.8,1,2373.9,09:16:02.599726635
3,2373.8,8,2374.0,09:16:02.600027410
3,2373.8,8,2374.0,09:16:02.600027410
3,2373.8,7,2374.0,09:16:02.600127434
3,2373.8,7,2374.0,09:16:02.600229333
3,2373.8,6,2374.0,09:16:02.600246851
3,2373.8,6,2374.0,09:16:02.600287507
3,2373.8,5,2374.0,09:16:02.600305203
3,2373.8,5,2374.0,09:16:02.600324459
4,2373.8,5,2374.0,09:16:02.600418899
4,2373.8,5,2374.0,09:16:02.600581536
4,2373.8,5,2374.0,09:16:02.600620598
4,2373.8,5,2374.0,09:16:02.600662506
4,2373.8,5,2374.0,09:16:02.600934189
4,2373.8,5,2374.0,09:16:02.600989740
4,2373.8,5,2374.0,09:16:02.600989740
4,2373.8,5,2374.0,09:16:02.601076161
4,2373.8,5,2374.0,09:16:02.601076161
4,2373.8,5,2374.0,09:16:02.607629275
4,2373.8,5,2374.0,09:16:02.621246762
4,2373.8,5,2374.0,09:16:02.621259521
4,2373.8,5,2374.0,09:16:02.816332987
4,2373.8,5,2374.0,09:16:03.600874724
1,2373.9,5,2374.0,09:16:04.089105669
2,2373.9,5,2374.0,09:16:04.089318080
2,2373.9,5,2374.0,09:16:04.089354897
2,2373.9,5,2374.0,09:16:04.089376460
2,2373.9,4,2374.0,09:16:04.089409250
2,2373.9,4,2374.0,09:16:04.089422866
2,2373.9,3,2374.0,09:16:04.089462354
3,2373.9,3,2374.0,09:16:04.089508953
3,2373.9,3,2374.0,09:16:04.089508953
3,2373.9,3,2374.0,09:16:04.089538088
3,2373.9,3,2374.0,09:16:04.089555413
3,2373.9,3,2374.0,09:16:04.089566981
3,2373.9,2,2374.0,09:16:04.089611463
3,2373.9,2,2374.0,09:16:04.089716703
3,2373.9,8,2374.1,09:16:04.089783123
3,2373.9,8,2374.1,09:16:04.089783123
3,2373.9,7,2374.1,09:16:04.089813892
3,2373.9,7,2374.1,09:16:04.090014370
4,2373.9,7,2374.1,09:16:04.090167925
5,2373.9,7,2374.1,09:16:04.090407376
5,2373.9,6,2374.1,09:16:04.090444033
5,2373.9,6,2374.1,09:16:04.090474936
5,2373.9,6,2374.1,09:16:04.090532911
5,2373.9,5,2374.1,09:16:04.090573325
5,2373.9,5,2374.1,09:16:04.090607038
5,2373.9,6,2374.1,09:16:04.090657885
5,2373.9,6,2374.1,09:16:04.090964495
5,2373.9,6,2374.1,09:16:04.091001234
5,2373.9,6,2374.1,09:16:04.091018486
5,2373.9,6,2374.1,09:16:04.091092385
6,2373.9,6,2374.1,09:16:04.091114021
6,2373.9,6,2374.1,09:16:04.091125147
6,2373.9,6,2374.1,09:16:04.091304690
6,2373.9,6,2374.1,09:16:04.091316777
6,2373.9,6,2374.1,09:16:04.091335318
6,2373.9,6,2374.1,09:16:04.105258492
6,2373.9,6,2374.1,09:16:04.205571607
6,2373.9,6,2374.1,09:16:04.205571607
6,2373.9,7,2374.1,09:16:04.525437626
5,2373.9,7,2374.1,09:16:04.525740400
5,2373.9,1,2374.0,09:16:04.525912781
4,2373.9,1,2374.0,09:16:04.526118482
3,2373.9,1,2374.0,09:16:04.526157206
2,2373.9,1,2374.0,09:16:04.526181696
2,2373.9,1,2374.0,09:16:04.532181733
2,2373.9,2,2374.0,09:16:04.532214013
2,2373.9,3,2374.0,09:16:04.532387143
2,2373.9,1,2374.0,09:16:04.559607557
2,2373.9,6,2374.1,09:16:04.559896200
2,2373.9,6,2374.1,09:16:04.559896200
3,2373.9,6,2374.1,09:16:04.560147195
4,2373.9,6,2374.1,09:16:04.560168242
5,2373.9,6,2374.1,09:16:04.560186561
6,2373.9,6,2374.1,09:16:04.560206850
5,2373.9,6,2374.1,09:16:04.560332689
5,2373.9,6,2374.1,09:16:04.643023411
5,2373.9,5,2374.1,09:16:05.097476593
1,2374.0,5,2374.1,09:16:06.102801206
1,2374.0,5,2374.1,09:16:06.102838659
2,2374.0,5,2374.1,09:16:06.102930997
2,2374.0,5,2374.1,09:16:06.103197492
2,2374.0,5,2374.1,09:16:06.103214183
2,2374.0,5,2374.1,09:16:06.103236366
3,2374.0,5,2374.1,09:16:06.103273017
3,2374.0,5,2374.1,09:16:06.103273017
4,2374.0,5,2374.1,09:16:06.103292544
4,2374.0,4,2374.1,09:16:06.103313920
4,2374.0,4,2374.1,09:16:06.103331690
4,2374.0,3,2374.1,09:16:06.103397423
4,2374.0,3,2374.1,09:16:06.103584466
4,2374.0,3,2374.1,09:16:06.103605433
3,2374.0,3,2374.1,09:16:06.103716168
3,2374.0,2,2374.1,09:16:06.103738968
3,2374.0,8,2374.2,09:16:06.103808410
3,2374.0,8,2374.2,09:16:06.103808410
3,2374.0,7,2374.2,09:16:06.104087817
3,2374.0,7,2374.2,09:16:06.104116819
3,2374.0,6,2374.2,09:16:06.104236985
3,2374.0,6,2374.2,09:16:06.104270378
3,2374.0,6,2374.2,09:16:06.104282202
4,2374.0,6,2374.2,09:16:06.104307601
5,2374.0,6,2374.2,09:16:06.104324650
5,2374.0,5,2374.2,09:16:06.104356335
5,2374.0,5,2374.2,09:16:06.104434307
5,2374.0,5,2374.2,09:16:06.104500461
5,2374.0,5,2374.2,09:16:06.104729574
5,2374.0,5,2374.2,09:16:06.104785847
5,2374.0,5,2374.2,09:16:06.104796581
5,2374.0,5,2374.2,09:16:06.104796581
4,2374.0,5,2374.2,09:16:06.111667861
4,2374.0,5,2374.2,09:16:06.111822689
4,2374.0,5,2374.2,09:16:06.111833720
4,2374.0,5,2374.2,09:16:06.153542816
3,2374.0,5,2374.2,09:16:06.187196875
4,2374.0,5,2374.2,09:16:06.204059270
4,2374.0,3,2374.2,09:16:06.348622608
5,2374.0,3,2374.2,09:16:06.348759603
5,2374.0,3,2374.2,09:16:06.348794535
6,2374.0,3,2374.2,09:16:06.919583086
6,2374.0,3,2374.2,09:16:06.919583086
5,2374.0,3,2374.2,09:16:06.997588308
5,2374.0,4,2374.2,09:16:06.997717978
4,2374.0,4,2374.2,09:16:06.997842230
4,2374.0,5,2374.2,09:16:06.997966296
5,2374.0,5,2374.2,09:16:07.145471230
5,2374.0,4,2374.2,09:16:07.145650316
5,2374.0,3,2374.2,09:16:07.145735371
6,2374.0,3,2374.2,09:16:07.164462471
5,2374.0,3,2374.2,09:16:07.396390189
5,2374.0,1,2374.1,09:16:07.396499372
5,2374.0,1,2374.1,09:16:07.396522010
5,2374.0,1,2374.1,09:16:07.396576987
5,2374.0,1,2374.1,09:16:07.396686640
5,2374.0,6,2374.2,09:16:07.396799196
5,2374.0,6,2374.2,09:16:07.396799196
5,2374.0,5,2374.2,09:16:07.396992081
5,2374.0,4,2374.2,09:16:07.397008823
6,2374.0,4,2374.2,09:16:07.397137820
6,2374.0,3,2374.2,09:16:07.397279763
7,2374.0,3,2374.2,09:16:07.397620015
7,2374.0,7,2374.3,09:16:07.510633314
7,2374.0,5,2374.3,09:16:07.510633314
7,2374.0,5,2374.3,09:16:07.510633314
1,2374.1,5,2374.3,09:16:07.510689842
2,2374.1,5,2374.3,09:16:07.510971698
3,2374.1,5,2374.3,09:16:07.510989135
4,2374.1,5,2374.3,09:16:07.511040442
5,2374.1,5,2374.3,09:16:07.511060221
6,2374.1,5,2374.3,09:16:07.511279154
6,2374.1,5,2374.3,09:16:07.511292229
6,2374.1,5,2374.3,09:16:07.511306108
6,2374.1,5,2374.3,09:16:07.511320470
6,2374.1,1,2374.2,09:16:07.511368576
7,2374.1,1,2374.2,09:16:07.511445794
7,2374.1,1,2374.2,09:16:07.511458133
7,2374.1,1,2374.2,09:16:07.511476399
7,2374.1,1,2374.2,09:16:07.511488371
8,2374.1,1,2374.2,09:16:07.511532039
8,2374.1,1,2374.2,09:16:07.511532039
8,2374.1,1,2374.2,09:16:07.511601674
9,2374.1,1,2374.2,09:16:07.511646253
9,2374.1,1,2374.2,09:16:07.511705937
9,2374.1,1,2374.2,09:16:07.511721892
9,2374.1,1,2374.2,09:16:07.511735761
9,2374.1,1,2374.2,09:16:07.511754770
8,2374.1,1,2374.2,09:16:07.511792101
8,2374.1,1,2374.2,09:16:07.511833594
8,2374.1,1,2374.2,09:16:07.511846689
8,2374.1,1,2374.2,09:16:07.511846689
8,2374.1,1,2374.2,09:16:07.511889224
8,2374.1,4,2374.3,09:16:07.511914619
8,2374.1,4,2374.3,09:16:07.511914619
8,2374.1,1,2374.2,09:16:07.511942034
7,2374.1,1,2374.2,09:16:07.511987699
6,2374.1,1,2374.2,09:16:07.512028110
7,2374.1,1,2374.2,09:16:07.512115430
7,2374.1,1,2374.2,09:16:07.512142566
7,2374.1,4,2374.3,09:16:07.512183092
7,2374.1,4,2374.3,09:16:07.512183092
7,2374.1,4,2374.3,09:16:07.512226399
7,2374.1,4,2374.3,09:16:07.512226399
6,2374.1,4,2374.3,09:16:07.512269225
6,2374.1,4,2374.3,09:16:07.512283430
6,2374.1,4,2374.3,09:16:07.512294569
6,2374.1,5,2374.3,09:16:07.512313392
6,2374.1,4,2374.3,09:16:07.664776152
5,2374.1,4,2374.3,09:16:07.792504405
5,2374.1,1,2374.2,09:16:07.792616366
5,2374.1,1,2374.2,09:16:07.792655099
4,2374.1,1,2374.2,09:16:07.792803132
4,2374.1,1,2374.2,09:16:07.792819279
4,2374.1,2,2374.2,09:16:07.792865171
4,2374.1,2,2374.2,09:16:07.792876928
4,2374.1,1,2374.2,09:16:07.905040558
4,2374.1,6,2374.3,09:16:07.905062610
4,2374.1,6,2374.3,09:16:07.905062610
5,2374.1,6,2374.3,09:16:08.164384751
6,2374.1,6,2374.3,09:16:08.185055584
6,2374.1,5,2374.3,09:16:08.185166908
6,2374.1,4,2374.3,09:16:08.185287663
1,2374.2,4,2374.3,09:16:08.185421946
1,2374.2,4,2374.3,09:16:08.185588385
1,2374.2,4,2374.3,09:16:08.185606463
1,2374.2,4,2374.3,09:16:08.185626738
1,2374.2,3,2374.3,09:16:08.185659386
2,2374.2,3,2374.3,09:16:08.185684202
2,2374.2,3,2374.3,09:16:08.185684202
2,2374.2,3,2374.3,09:16:08.185780869
2,2374.2,2,2374.3,09:16:08.185985363
2,2374.2,2,2374.3,09:16:08.186270904
3,2374.2,2,2374.3,09:16:08.186280802
3,2374.2,2,2374.3,09:16:08.186301240
3,2374.2,7,2374.4,09:16:08.199218705
3,2374.2,7,2374.4,09:16:08.199218705
4,2374.2,7,2374.4,09:16:08.200216006
4,2374.2,7,2374.4,09:16:08.200242006
4,2374.2,7,2374.4,09:16:08.200258201
5,2374.2,7,2374.4,09:16:08.200336215
5,2374.2,6,2374.4,09:16:08.200409043
5,2374.2,6,2374.4,09:16:08.200423030
1,2374.3,6,2374.4,09:16:08.200475412
1,2374.3,6,2374.4,09:16:08.200501247
1,2374.3,6,2374.4,09:16:08.200559180
1,2374.3,5,2374.4,09:16:08.200576147
1,2374.3,5,2374.4,09:16:08.200618993
2,2374.3,5,2374.4,09:16:08.200646494
3,2374.3,5,2374.4,09:16:08.200671310
3,2374.3,4,2374.4,09:16:08.200734384
3,2374.3,4,2374.4,09:16:08.200748902
3,2374.3,4,2374.4,09:16:08.200767280
3,2374.3,4,2374.4,09:16:08.200782503
2,2374.3,4,2374.4,09:16:08.200907164
2,2374.3,4,2374.4,09:16:08.200946960
2,2374.3,4,2374.4,09:16:08.201032617
2,2374.3,3,2374.4,09:16:08.201088596
2,2374.3,3,2374.4,09:16:08.201206188
2,2374.3,3,2374.4,09:16:08.201240211
2,2374.3,3,2374.4,09:16:08.201420436
2,2374.3,3,2374.4,09:16:08.201498239
2,2374.3,3,2374.4,09:16:08.202874497
3,2374.3,3,2374.4,09:16:08.236756109
3,2374.3,3,2374.4,09:16:08.236948791
3,2374.3,3,2374.4,09:16:08.266516047
3,2374.3,3,2374.4,09:16:08.266528854
3,2374.3,3,2374.4,09:16:08.294321491
4,2374.3,3,2374.4,09:16:08.348069276
4,2374.3,3,2374.4,09:16:08.348069276
4,2374.3,2,2374.4,09:16:08.348204479
4,2374.3,2,2374.4,09:16:08.348331230
4,2374.3,2,2374.4,09:16:08.448304118
4,2374.3,2,2374.4,09:16:08.448318205
4,2374.3,1,2374.4,09:16:08.652619329
5,2374.3,1,2374.4,09:16:08.652743469
5,2374.3,1,2374.4,09:16:08.652843532
5,2374.3,6,2374.5,09:16:08.652893101
5,2374.3,6,2374.5,09:16:08.652893101
5,2374.3,6,2374.5,09:16:08.652920666
9,2374.3,6,2374.5,09:16:08.653355389
9,2374.3,5,2374.5,09:16:08.653737624
9,2374.3,4,2374.5,09:16:08.653776943
9,2374.3,4,2374.5,09:16:08.653790204
9,2374.3,4,2374.5,09:16:08.653861540
9,2374.3,4,2374.5,09:16:08.653907023
9,2374.3,4,2374.5,09:16:08.653907023
8,2374.3,4,2374.5,09:16:08.654032339
8,2374.3,4,2374.5,09:16:08.654251071
8,2374.3,4,2374.5,09:16:08.654420348
8,2374.3,4,2374.5,09:16:08.654494782
8,2374.3,4,2374.5,09:16:08.654658311
8,2374.3,4,2374.5,09:16:08.715813501
8,2374.3,6,2374.5,09:16:08.965441694
8,2374.3,7,2374.5,09:16:08.965593195
9,2374.3,7,2374.5,09:16:09.119435695
9,2374.3,7,2374.5,09:16:09.119435695
1,2374.4,7,2374.5,09:16:09.119573232
1,2374.4,6,2374.5,09:16:09.119589877
1,2374.4,6,2374.5,09:16:09.119763263
1,2374.4,5,2374.5,09:16:09.119781962
1,2374.4,5,2374.5,09:16:09.119798986
1,2374.4,5,2374.5,09:16:09.119812685
1,2374.4,5,2374.5,09:16:09.119844081
2,2374.4,5,2374.5,09:16:09.119923407
2,2374.4,5,2374.5,09:16:09.119923407
2,2374.4,5,2374.5,09:16:09.119945065
1,2374.4,5,2374.5,09:16:09.120096630
1,2374.4,4,2374.5,09:16:09.120102588
1,2374.4,3,2374.5,09:16:09.120102588
1,2374.4,3,2374.5,09:16:09.120129645
1,2374.4,3,2374.5,09:16:09.120144794
1,2374.4,3,2374.5,09:16:09.120161754
4,2374.3,3,2374.5,09:16:09.120282000
4,2374.3,3,2374.5,09:16:09.120282000
4,2374.3,4,2374.5,09:16:09.120301367
4,2374.3,4,2374.5,09:16:09.120307239
4,2374.3,1,2374.4,09:16:09.120368738
4,2374.3,1,2374.4,09:16:09.120415715
4,2374.3,2,2374.4,09:16:09.120600074
4,2374.3,2,2374.4,09:16:09.120610762
3,2374.3,2,2374.4,09:16:09.120724598
4,2374.3,2,2374.4,09:16:09.158129346
4,2374.3,2,2374.4,09:16:09.158267381
4,2374.3,2,2374.4,09:16:09.158303788
5,2374.3,2,2374.4,09:16:09.180105054
5,2374.3,5,2374.5,09:16:09.299693605
5,2374.3,5,2374.5,09:16:09.299693605
6,2374.3,5,2374.5,09:16:09.299802788
7,2374.3,5,2374.5,09:16:09.300592632
7,2374.3,4,2374.5,09:16:09.314907442
1,2374.4,4,2374.5,09:16:09.315046459
1,2374.4,3,2374.5,09:16:09.315172251
1,2374.4,3,2374.5,09:16:09.315187088
1,2374.4,3,2374.5,09:16:09.315201416
1,2374.4,3,2374.5,09:16:09.318626608
1,2374.4,3,2374.5,09:16:09.350674228
7,2374.3,3,2374.5,09:16:09.555819121
7,2374.3,3,2374.5,09:16:09.555819121
7,2374.3,4,2374.5,09:16:09.555954042
6,2374.3,4,2374.5,09:16:09.555974382
6,2374.3,4,2374.5,09:16:09.555987329
6,2374.3,5,2374.5,09:16:09.559323351
6,2374.3,5,2374.5,09:16:09.559443069
7,2374.3,5,2374.5,09:16:09.633280534
8,2374.3,5,2374.5,09:16:09.647410467
8,2374.3,4,2374.5,09:16:09.647556899
1,2374.4,4,2374.5,09:16:09.647716162
2,2374.4,4,2374.5,09:16:09.647838117
2,2374.4,3,2374.5,09:16:09.647897732
2,2374.4,3,2374.5,09:16:09.647911542
2,2374.4,2,2374.5,09:16:09.648163324
2,2374.4,2,2374.5,09:16:09.659146003
2,2374.4,2,2374.5,09:16:09.683369679
1,2374.4,2,2374.5,09:16:09.748067740
1,2374.4,1,2374.5,09:16:09.760712929
2,2374.4,1,2374.5,09:16:09.760902984
3,2374.4,1,2374.5,09:16:09.760942794
4,2374.4,1,2374.5,09:16:09.760978077
4,2374.4,6,2374.6,09:16:09.761058450
4,2374.4,6,2374.6,09:16:09.761058450
5,2374.4,6,2374.6,09:16:09.761250822
4,2374.4,6,2374.6,09:16:09.761347442
4,2374.4,6,2374.6,09:16:09.761374662
4,2374.4,6,2374.6,09:16:09.761427472
4,2374.4,6,2374.6,09:16:09.761480862
4,2374.4,5,2374.6,09:16:09.761503352
3,2374.4,5,2374.6,09:16:09.761565993
3,2374.4,5,2374.6,09:16:09.761704473
3,2374.4,5,2374.6,09:16:09.761718035
3,2374.4,5,2374.6,09:16:09.761718035
3,2374.4,5,2374.6,09:16:09.761785489
4,2374.4,5,2374.6,09:16:09.761956469
4,2374.4,4,2374.6,09:16:09.762052906
4,2374.4,4,2374.6,09:16:09.762244318
4,2374.4,4,2374.6,09:16:09.762244318
4,2374.4,4,2374.6,09:16:09.762271297
4,2374.4,3,2374.6,09:16:09.762493011
4,2374.4,3,2374.6,09:16:09.762525491
4,2374.4,2,2374.6,09:16:09.762783013
4,2374.4,2,2374.6,09:16:09.762791714
4,2374.4,2,2374.6,09:16:09.762806991
4,2374.4,2,2374.6,09:16:09.769447535
4,2374.4,8,2374.7,09:16:09.780915396
18,2374.6,8,2374.7,09:16:09.780915396
18,2374.6,8,2374.7,09:16:09.780915396
18,2374.6,8,2374.7,09:16:09.781090003
18,2374.6,8,2374.7,09:16:09.781148283
18,2374.6,8,2374.7,09:16:09.781185285
18,2374.6,8,2374.7,09:16:09.781353788
18,2374.6,8,2374.7,09:16:09.781469771
18,2374.6,8,2374.7,09:16:09.781513270
18,2374.6,7,2374.7,09:16:09.781744593
18,2374.6,7,2374.7,09:16:09.781778171
18,2374.6,6,2374.7,09:16:09.781866467
17,2374.6,6,2374.7,09:16:09.781896448
17,2374.6,6,2374.7,09:16:09.781910030
17,2374.6,6,2374.7,09:16:09.781942350
17,2374.6,6,2374.7,09:16:09.781962575
17,2374.6,6,2374.7,09:16:09.782093208
17,2374.6,6,2374.7,09:16:09.782163449
17,2374.6,5,2374.7,09:16:09.782184896
17,2374.6,5,2374.7,09:16:09.782204771
17,2374.6,4,2374.7,09:16:09.782275170
17,2374.6,3,2374.7,09:16:09.782334717
17,2374.6,3,2374.7,09:16:09.782468764
17,2374.6,3,2374.7,09:16:09.782510973
17,2374.6,3,2374.7,09:16:09.782524346
17,2374.6,3,2374.7,09:16:09.782579262
17,2374.6,3,2374.7,09:16:09.782614751
17,2374.6,3,2374.7,09:16:09.782636466
17,2374.6,2,2374.7,09:16:09.782662627
17,2374.6,2,2374.7,09:16:09.782688004
17,2374.6,2,2374.7,09:16:09.782701761
17,2374.6,2,2374.7,09:16:09.783168189
17,2374.6,2,2374.7,09:16:09.783195425
17,2374.6,1,2374.7,09:16:09.783229362
17,2374.6,1,2374.7,09:16:09.783257826
17,2374.6,1,2374.7,09:16:09.783272281
17,2374.6,2,2374.7,09:16:09.783358449
17,2374.6,2,2374.7,09:16:09.783459878
17,2374.6,2,2374.7,09:16:09.783569202
18,2374.6,2,2374.7,09:16:09.784024177
18,2374.6,3,2374.7,09:16:09.784103546
18,2374.6,2,2374.7,09:16:09.784537007
18,2374.6,2,2374.7,09:16:09.788305733
14,2374.6,2,2374.7,09:16:09.789352625
14,2374.6,3,2374.7,09:16:09.789489446
13,2374.6,3,2374.7,09:16:09.789625385
11,2374.6,3,2374.7,09:16:09.789682183
9,2374.6,3,2374.7,09:16:09.789738562
4,2374.6,3,2374.7,09:16:09.789779216
4,2374.6,3,2374.7,09:16:09.789788688
4,2374.6,4,2374.7,09:16:09.789857358
4,2374.6,4,2374.7,09:16:09.789872814
3,2374.5,4,2374.7,09:16:09.789977808
3,2374.5,4,2374.7,09:16:09.789977808
3,2374.5,2,2374.6,09:16:09.790007844
3,2374.5,2,2374.6,09:16:09.790081919
2,2374.5,2,2374.6,09:16:09.790242130
2,2374.5,2,2374.6,09:16:09.792244440
1,2374.5,2,2374.6,09:16:09.792392932
6,2374.4,2,2374.6,09:16:09.792507133
6,2374.4,2,2374.6,09:16:09.792507133
6,2374.4,2,2374.6,09:16:09.792542763
5,2374.4,2,2374.6,09:16:09.792757691
5,2374.4,4,2374.6,09:16:09.848174864
5,2374.4,4,2374.6,09:16:09.848186091
5,2374.4,4,2374.6,09:16:09.848198692
5,2374.4,4,2374.6,09:16:09.848212392
5,2374.4,4,2374.6,09:16:09.848303357
4,2374.4,4,2374.6,09:16:09.848342052
4,2374.4,5,2374.6,09:16:09.848358999
3,2374.4,5,2374.6,09:16:09.848463341
3,2374.4,5,2374.6,09:16:09.848477401
2,2374.4,5,2374.6,09:16:09.848520916
2,2374.4,1,2374.5,09:16:09.848649546
2,2374.4,1,2374.5,09:16:09.848789913
2,2374.4,1,2374.5,09:16:09.859112436
2,2374.4,1,2374.5,09:16:09.864630851
3,2374.4,1,2374.5,09:16:09.942346529
3,2374.4,6,2374.6,09:16:09.942466393
3,2374.4,6,2374.6,09:16:09.942466393
3,2374.4,5,2374.6,09:16:09.942598627
3,2374.4,4,2374.6,09:16:09.942711666
4,2374.4,4,2374.6,09:16:09.943137159
4,2374.4,4,2374.6,09:16:09.954968185
5,2374.4,4,2374.6,09:16:09.955125154
5,2374.4,4,2374.6,09:16:09.958315504
6,2374.4,4,2374.6,09:16:09.964012982
6,2374.4,4,2374.6,09:16:10.028311467
7,2374.4,4,2374.6,09:16:10.448179507
1,2374.5,4,2374.6,09:16:10.448324274
2,2374.5,4,2374.6,09:16:10.448341734
3,2374.5,4,2374.6,09:16:10.448376534
3,2374.5,4,2374.6,09:16:10.448670205
3,2374.5,3,2374.6,09:16:10.448706183
3,2374.5,3,2374.6,09:16:10.448776783
4,2374.5,3,2374.6,09:16:10.449126669
4,2374.5,1,2374.6,09:16:10.449167725
4,2374.5,1,2374.6,09:16:10.449399464
5,2374.5,1,2374.6,09:16:10.449447247
5,2374.5,1,2374.6,09:16:10.449461670
5,2374.5,1,2374.6,09:16:10.449590917
6,2374.5,1,2374.6,09:16:10.449612192
6,2374.5,1,2374.6,09:16:10.449626240
6,2374.5,1,2374.6,09:16:10.449669963
6,2374.5,1,2374.6,09:16:10.459222872
6,2374.5,1,2374.6,09:16:10.459234399
5,2374.5,1,2374.6,09:16:10.459335991
4,2374.5,1,2374.6,09:16:10.459456010
4,2374.5,4,2374.7,09:16:10.459625725
4,2374.5,4,2374.7,09:16:10.459625725
5,2374.5,4,2374.7,09:16:10.459755993
5,2374.5,4,2374.7,09:16:10.461260699
4,2374.5,4,2374.7,09:16:10.510440892
3,2374.5,4,2374.7,09:16:10.510546744
3,2374.5,5,2374.7,09:16:10.510665613
3,2374.5,3,2374.7,09:16:10.877016013
1,2374.6,3,2374.7,09:16:10.877159695
1,2374.6,2,2374.7,09:16:10.877185027
1,2374.6,2,2374.7,09:16:10.877223098
1,2374.6,2,2374.7,09:16:10.877457970
1,2374.6,1,2374.7,09:16:10.877483791
1,2374.6,1,2374.7,09:16:10.877516329
2,2374.6,1,2374.7,09:16:10.878498589
2,2374.6,1,2374.7,09:16:10.878512106
2,2374.6,7,2374.8,09:16:10.879516776
2,2374.6,7,2374.8,09:16:10.879516776
2,2374.6,7,2374.8,09:16:10.879559120
2,2374.6,6,2374.8,09:16:10.880314575
2,2374.6,5,2374.8,09:16:10.880333216
2,2374.6,1,2374.7,09:16:10.880379471
3,2374.6,1,2374.7,09:16:10.880412141
3,2374.6,1,2374.7,09:16:10.880518122
3,2374.6,1,2374.7,09:16:10.880518122
3,2374.6,1,2374.7,09:16:10.880553971
4,2374.6,1,2374.7,09:16:10.880692714
4,2374.6,5,2374.8,09:16:10.880716522
4,2374.6,5,2374.8,09:16:10.880716522
4,2374.6,5,2374.8,09:16:10.887672880
4,2374.6,5,2374.8,09:16:10.887890107
4,2374.6,5,2374.8,09:16:10.889224092
3,2374.6,5,2374.8,09:16:10.892273779
3,2374.6,5,2374.8,09:16:10.892398073
3,2374.6,5,2374.8,09:16:10.899049551
3,2374.6,5,2374.8,09:16:10.977997179
4,2374.6,5,2374.8,09:16:10.978266955
5,2374.6,5,2374.8,09:16:10.978410513
5,2374.6,5,2374.8,09:16:10.978527786
5,2374.6,4,2374.8,09:16:10.978588686
5,2374.6,4,2374.8,09:16:10.996692760
4,2374.6,4,2374.8,09:16:10.996816241
4,2374.6,4,2374.8,09:16:11.033311045
3,2374.6,4,2374.8,09:16:11.136647457
2,2374.6,4,2374.8,09:16:11.136768656
2,2374.6,5,2374.8,09:16:11.136789133
2,2374.6,6,2374.8,09:16:11.136865660
2,2374.6,1,2374.7,09:16:11.136997525
2,2374.6,1,2374.7,09:16:11.137131374
2,2374.6,1,2374.7,09:16:11.137146964
2,2374.6,1,2374.7,09:16:11.137162350
