bidVolume,bidPrice,askVolume,askPrice,timestamp
96,118.99,15,119.0,14:20:00.185359982
96,118.99,13,119.0,14:20:00.185530174
96,118.99,12,119.0,14:20:00.185716273
96,118.99,11,119.0,14:20:00.185854363
97,118.99,11,119.0,14:20:00.300809602
98,118.99,11,119.0,14:20:00.301004712
98,118.99,8,119.0,14:20:00.301193015
98,118.99,6,119.0,14:20:00.404737877
100,118.99,6,119.0,14:20:00.404920670
99,118.99,6,119.0,14:20:00.404983774
99,118.99,4,119.0,14:20:00.405096478
100,118.99,4,119.0,14:20:00.405160619
100,118.99,5,119.0,14:20:01.220194932
100,118.99,7,119.0,14:20:01.477528544
100,118.99,8,119.0,14:20:01.477629401
100,118.99,6,119.0,14:20:01.477707046
100,118.99,8,119.0,14:20:01.477779344
100,118.99,9,119.0,14:20:01.477882473
100,118.99,12,119.0,14:20:01.478279849
99,118.99,12,119.0,14:20:01.478565292
99,118.99,13,119.0,14:20:01.481732319
99,118.99,14,119.0,14:20:01.481901184
97,118.99,14,119.0,14:20:01.481960716
80,118.99,14,119.0,14:20:01.482082431
80,118.99,16,119.0,14:20:01.482222012
80,118.99,29,119.0,14:20:01.513488540
80,118.99,33,119.0,14:20:01.513566178
80,118.99,34,119.0,14:20:01.513748590
80,118.99,33,119.0,14:20:01.826178343
78,118.99,33,119.0,14:20:02.079168238
79,118.99,33,119.0,14:20:02.454855918
79,118.99,32,119.0,14:20:03.282611014
79,118.99,19,119.0,14:20:03.469315201
79,118.99,15,119.0,14:20:03.469379406
79,118.99,14,119.0,14:20:03.469809834
79,118.99,13,119.0,14:20:03.469823686
79,118.99,12,119.0,14:20:03.469948479
79,118.99,10,119.0,14:20:03.469978080
79,118.99,9,119.0,14:20:03.469978080
79,118.99,7,119.0,14:20:03.469978080
79,118.99,6,119.0,14:20:03.469978080
79,118.99,3,119.0,14:20:03.469978080
79,118.99,2,119.0,14:20:03.469978080
79,118.99,136,119.01,14:20:03.469978080
96,118.99,136,119.01,14:20:03.470176744
96,118.99,135,119.01,14:20:03.470176744
98,118.99,135,119.01,14:20:03.470176744
100,118.99,135,119.01,14:20:03.470282832
118,118.99,135,119.01,14:20:03.470282832
123,118.99,135,119.01,14:20:03.470282832
2,119.0,135,119.01,14:20:03.470451299
2,119.0,132,119.01,14:20:03.470760438
3,119.0,132,119.01,14:20:03.470873478
7,119.0,132,119.01,14:20:03.470895388
7,119.0,114,119.01,14:20:03.470895388
3,119.0,114,119.01,14:20:03.580943838
6,119.0,114,119.01,14:20:03.581129064
5,119.0,114,119.01,14:20:03.748818979
4,119.0,114,119.01,14:20:03.748987206
1,119.0,114,119.01,14:20:03.749072889
1,119.0,109,119.01,14:20:03.749072889
123,118.99,109,119.01,14:20:03.865001674
123,118.99,114,119.01,14:20:03.865164253
123,118.99,115,119.01,14:20:03.940135729
118,118.99,115,119.01,14:20:04.376231225
2,119.0,115,119.01,14:20:09.311957804
4,119.0,115,119.01,14:20:09.312090995
7,119.0,115,119.01,14:20:09.312203208
9,119.0,115,119.01,14:20:09.312293001
10,119.0,115,119.01,14:20:09.312366882
10,119.0,110,119.01,14:20:09.312641078
8,119.0,110,119.01,14:20:09.316677431
9,119.0,110,119.01,14:20:09.320097161
8,119.0,110,119.01,14:20:09.321216789
17,119.0,110,119.01,14:20:09.325529619
17,119.0,101,119.01,14:20:09.325587875
19,119.0,101,119.01,14:20:09.528171729
20,119.0,101,119.01,14:20:09.536862319
21,119.0,101,119.01,14:20:09.537031190
22,119.0,101,119.01,14:20:09.537105212
21,119.0,101,119.01,14:20:09.537173552
22,119.0,101,119.01,14:20:09.537495442
23,119.0,101,119.01,14:20:09.537600578
23,119.0,100,119.01,14:20:09.537754398
24,119.0,100,119.01,14:20:09.538062713
23,119.0,100,119.01,14:20:09.539269498
22,119.0,100,119.01,14:20:09.539407435
21,119.0,100,119.01,14:20:09.540655972
22,119.0,100,119.01,14:20:09.548959500
23,119.0,100,119.01,14:20:09.549117785
24,119.0,100,119.01,14:20:09.549281526
23,119.0,100,119.01,14:20:09.550659108
24,119.0,100,119.01,14:20:09.741426756
25,119.0,100,119.01,14:20:09.741593915
25,119.0,99,119.01,14:20:09.778022924
24,119.0,99,119.01,14:20:09.778273727
25,119.0,99,119.01,14:20:09.778340338
26,119.0,99,119.01,14:20:09.778492596
25,119.0,99,119.01,14:20:09.832152265
24,119.0,99,119.01,14:20:09.832396982
23,119.0,99,119.01,14:20:09.832550396
21,119.0,99,119.01,14:20:09.836902074
12,119.0,99,119.01,14:20:09.837860428
12,119.0,108,119.01,14:20:09.837916322
11,119.0,108,119.01,14:20:09.838077078
10,119.0,108,119.01,14:20:09.838139618
8,119.0,108,119.01,14:20:09.838380235
7,119.0,108,119.01,14:20:09.838396085
7,119.0,109,119.01,14:20:09.838396085
6,119.0,109,119.01,14:20:09.838461007
3,119.0,109,119.01,14:20:09.838599502
5,119.0,109,119.01,14:20:09.842051415
7,119.0,109,119.01,14:20:09.842127063
8,119.0,109,119.01,14:20:09.842127063
7,119.0,109,119.01,14:20:09.842298420
10,119.0,109,119.01,14:20:09.842377751
11,119.0,109,119.01,14:20:09.842377751
12,119.0,109,119.01,14:20:09.842958518
13,119.0,109,119.01,14:20:09.843073520
13,119.0,100,119.01,14:20:09.843215709
15,119.0,100,119.01,14:20:09.843625065
15,119.0,99,119.01,14:20:09.844825349
14,119.0,99,119.01,14:20:09.845298191
12,119.0,99,119.01,14:20:09.848690045
11,119.0,99,119.01,14:20:09.848885389
10,119.0,99,119.01,14:20:09.849075571
10,119.0,108,119.01,14:20:09.849135376
8,119.0,108,119.01,14:20:09.849242816
6,119.0,108,119.01,14:20:09.856555846
6,119.0,107,119.01,14:20:10.158334692
8,119.0,107,119.01,14:20:10.395109788
9,119.0,107,119.01,14:20:10.515307229
10,119.0,107,119.01,14:20:10.568577525
9,119.0,107,119.01,14:20:10.823332061
7,119.0,107,119.01,14:20:10.875251460
8,119.0,107,119.01,14:20:12.506240554
10,119.0,107,119.01,14:20:12.506500111
10,119.0,98,119.01,14:20:12.506660486
10,119.0,107,119.01,14:20:12.507536585
9,119.0,107,119.01,14:20:12.510773562
7,119.0,107,119.01,14:20:12.762111100
8,119.0,107,119.01,14:20:12.925071015
6,119.0,107,119.01,14:20:13.022867896
3,119.0,107,119.01,14:20:13.023054613
2,119.0,107,119.01,14:20:13.023116606
5,119.0,107,119.01,14:20:13.023322190
6,119.0,107,119.01,14:20:13.023488305
3,119.0,107,119.01,14:20:13.027134597
2,119.0,107,119.01,14:20:13.027256949
1,119.0,107,119.01,14:20:13.040592004
100,118.99,107,119.01,14:20:13.040906353
100,118.99,110,119.01,14:20:13.041250151
100,118.99,1,119.0,14:20:13.070089720
100,118.99,2,119.0,14:20:13.070343557
82,118.99,2,119.0,14:20:13.070434132
82,118.99,5,119.0,14:20:13.070701047
82,118.99,6,119.0,14:20:13.090046768
82,118.99,5,119.0,14:20:13.094784425
82,118.99,4,119.0,14:20:13.094981791
83,118.99,4,119.0,14:20:13.094981791
83,118.99,5,119.0,14:20:13.105589150
83,118.99,6,119.0,14:20:13.127377022
83,118.99,5,119.0,14:20:13.195893255
83,118.99,4,119.0,14:20:13.196070148
83,118.99,5,119.0,14:20:15.382334924
83,118.99,6,119.0,14:20:15.382487007
83,118.99,8,119.0,14:20:15.382550700
83,118.99,9,119.0,14:20:15.382680507
82,118.99,9,119.0,14:20:15.383367534
82,118.99,10,119.0,14:20:15.384133908
82,118.99,12,119.0,14:20:15.384274676
82,118.99,11,119.0,14:20:15.412866839
82,118.99,10,119.0,14:20:15.533208834
82,118.99,8,119.0,14:20:15.701585114
82,118.99,6,119.0,14:20:16.157080485
82,118.99,3,119.0,14:20:16.159361559
82,118.99,2,119.0,14:20:16.159647235
82,118.99,5,119.0,14:20:17.524512010
82,118.99,6,119.0,14:20:17.524622045
82,118.99,7,119.0,14:20:17.524921110
82,118.99,8,119.0,14:20:17.528915495
82,118.99,10,119.0,14:20:17.528988663
82,118.99,8,119.0,14:20:21.146154602
82,118.99,7,119.0,14:20:21.146366918
82,118.99,6,119.0,14:20:21.149567338
81,118.99,6,119.0,14:20:21.198544344
80,118.99,6,119.0,14:20:21.198544344
80,118.99,8,119.0,14:20:21.198831334
80,118.99,10,119.0,14:20:21.198916300
80,118.99,12,119.0,14:20:21.198916300
80,118.99,13,119.0,14:20:21.198930969
80,118.99,16,119.0,14:20:21.199012661
81,118.99,16,119.0,14:20:21.199012661
81,118.99,17,119.0,14:20:21.199034863
81,118.99,28,119.0,14:20:21.199034863
81,118.99,34,119.0,14:20:21.199034863
82,118.99,34,119.0,14:20:21.199163492
82,118.99,39,119.0,14:20:21.199231657
80,118.99,39,119.0,14:20:21.199317215
67,118.99,39,119.0,14:20:21.199317215
67,118.99,38,119.0,14:20:21.199402469
71,118.99,38,119.0,14:20:21.199581774
71,118.99,33,119.0,14:20:21.199581774
71,118.99,42,119.0,14:20:21.199686421
69,118.99,42,119.0,14:20:21.199686421
69,118.99,47,119.0,14:20:21.199781125
69,118.99,38,119.0,14:20:21.213792186
69,118.99,33,119.0,14:20:21.213792186
69,118.99,31,119.0,14:20:21.213930800
69,118.99,32,119.0,14:20:21.277939398
69,118.99,33,119.0,14:20:21.279689086
65,118.99,33,119.0,14:20:21.961425694
65,118.99,32,119.0,14:20:27.772555573
65,118.99,26,119.0,14:20:27.772772808
75,118.99,26,119.0,14:20:27.772843429
75,118.99,15,119.0,14:20:27.772843429
79,118.99,15,119.0,14:20:27.772914455
84,118.99,15,119.0,14:20:27.772983957
84,118.99,12,119.0,14:20:27.773067375
84,118.99,10,119.0,14:20:27.773235204
84,118.99,11,119.0,14:20:27.783277155
84,118.99,10,119.0,14:20:27.816219452
84,118.99,9,119.0,14:20:27.817046523
86,118.99,9,119.0,14:20:27.817224363
86,118.99,8,119.0,14:20:27.817598387
86,118.99,9,119.0,14:20:28.260863176
86,118.99,8,119.0,14:20:28.293227184
81,118.99,8,119.0,14:20:28.613822944
81,118.99,7,119.0,14:20:28.677246448
81,118.99,5,119.0,14:20:28.677402294
82,118.99,5,119.0,14:20:28.677472579
82,118.99,4,119.0,14:20:28.677582022
84,118.99,4,119.0,14:20:28.795014580
84,118.99,3,119.0,14:20:29.075738783
84,118.99,2,119.0,14:20:29.075738783
84,118.99,1,119.0,14:20:29.076045431
84,118.99,3,119.0,14:20:29.724977250
84,118.99,4,119.0,14:20:29.725248709
84,118.99,7,119.0,14:20:31.413218022
84,118.99,9,119.0,14:20:31.413272730
84,118.99,7,119.0,14:20:31.561748144
84,118.99,5,119.0,14:20:31.561816135
84,118.99,2,119.0,14:20:31.561917345
84,118.99,4,119.0,14:20:31.569977172
84,118.99,5,119.0,14:20:31.570087915
84,118.99,6,119.0,14:20:31.572472853
84,118.99,7,119.0,14:20:31.572552399
84,118.99,8,119.0,14:20:31.572552399
84,118.99,9,119.0,14:20:31.572621384
84,118.99,10,119.0,14:20:31.572621384
84,118.99,11,119.0,14:20:31.572688098
83,118.99,11,119.0,14:20:31.572756951
83,118.99,14,119.0,14:20:31.572834324
81,118.99,14,119.0,14:20:31.572903570
81,118.99,15,119.0,14:20:31.573073794
81,118.99,30,119.0,14:20:31.573177348
79,118.99,30,119.0,14:20:31.573356469
79,118.99,47,119.0,14:20:37.799868400
69,118.99,47,119.0,14:20:37.800109945
65,118.99,47,119.0,14:20:37.800109945
62,118.99,47,119.0,14:20:37.800464937
62,118.99,48,119.0,14:20:37.872917717
62,118.99,49,119.0,14:20:37.875328567
112,118.99,49,119.0,14:20:52.690153974
112,118.99,48,119.0,14:20:52.690417308
112,118.99,47,119.0,14:20:52.690507705
112,118.99,46,119.0,14:20:52.690507705
112,118.99,45,119.0,14:20:52.690523260
112,118.99,44,119.0,14:20:52.690523260
112,118.99,27,119.0,14:20:52.690598350
112,118.99,26,119.0,14:20:52.690598350
112,118.99,25,119.0,14:20:52.690613409
112,118.99,24,119.0,14:20:52.690680398
112,118.99,23,119.0,14:20:52.690850172
112,118.99,21,119.0,14:20:52.690850172
112,118.99,18,119.0,14:20:52.690850172
112,118.99,17,119.0,14:20:52.690951567
112,118.99,6,119.0,14:20:52.690973416
112,118.99,2,119.0,14:20:52.690973416
120,118.99,2,119.0,14:20:52.690973416
126,118.99,2,119.0,14:20:52.691164789
126,118.99,1,119.0,14:20:52.691294724
126,118.99,128,119.01,14:20:52.691294724
128,118.99,128,119.01,14:20:52.691411621
128,118.99,127,119.01,14:20:52.691790353
130,118.99,127,119.01,14:20:52.691790353
9,119.0,127,119.01,14:20:52.691790353
9,119.0,118,119.01,14:20:52.691790353
10,119.0,118,119.01,14:20:52.691790353
1,119.0,118,119.01,14:20:52.692144113
2,119.0,118,119.01,14:20:52.692243246
1,119.0,118,119.01,14:20:52.692262005
1,119.0,100,119.01,14:20:52.692262005
158,118.99,100,119.01,14:20:52.692488589
158,118.99,107,119.01,14:20:52.692571037
158,118.99,116,119.01,14:20:52.692571037
1,119.0,116,119.01,14:20:52.692656678
2,119.0,116,119.01,14:20:52.692776593
1,119.0,116,119.01,14:20:52.701526631
5,119.0,116,119.01,14:20:52.732333959
7,119.0,116,119.01,14:20:52.732397898
8,119.0,116,119.01,14:20:52.861736673
9,119.0,116,119.01,14:20:52.861953412
9,119.0,109,119.01,14:20:52.862016045
10,119.0,109,119.01,14:20:52.862133741
11,119.0,109,119.01,14:20:52.862201687
12,119.0,109,119.01,14:20:52.862279479
15,119.0,109,119.01,14:20:52.862355226
16,119.0,109,119.01,14:20:52.862426941
16,119.0,100,119.01,14:20:52.862494518
17,119.0,100,119.01,14:20:52.862722822
18,119.0,100,119.01,14:20:52.862722822
19,119.0,100,119.01,14:20:52.932622002
19,119.0,97,119.01,14:20:54.369783821
18,119.0,97,119.01,14:20:54.879102880
17,119.0,97,119.01,14:20:54.879235198
17,119.0,106,119.01,14:20:54.879397387
16,119.0,106,119.01,14:20:54.879584523
15,119.0,106,119.01,14:20:54.879659959
14,119.0,106,119.01,14:20:55.432513906
14,119.0,105,119.01,14:20:56.195676370
13,119.0,105,119.01,14:20:58.217993742
10,119.0,105,119.01,14:20:58.217993742
9,119.0,105,119.01,14:20:58.218067406
8,119.0,105,119.01,14:20:58.218067406
6,119.0,105,119.01,14:20:58.218686382
2,119.0,105,119.01,14:20:59.906148653
3,119.0,105,119.01,14:21:00.057069181
5,119.0,105,119.01,14:21:00.072278858
6,119.0,105,119.01,14:21:00.083035051
9,119.0,105,119.01,14:21:00.144834476
9,119.0,104,119.01,14:21:00.398786557
18,119.0,104,119.01,14:21:00.509745175
18,119.0,95,119.01,14:21:00.509834428
19,119.0,95,119.01,14:21:00.510011933
19,119.0,98,119.01,14:21:00.971358400
18,119.0,98,119.01,14:21:00.971504668
18,119.0,101,119.01,14:21:00.971630156
17,119.0,101,119.01,14:21:01.182162784
16,119.0,101,119.01,14:21:01.182260849
15,119.0,101,119.01,14:21:01.182275624
14,119.0,101,119.01,14:21:01.182275624
13,119.0,101,119.01,14:21:01.182389105
13,119.0,110,119.01,14:21:01.182557416
13,119.0,111,119.01,14:21:01.182557416
22,119.0,111,119.01,14:21:01.182639857
22,119.0,102,119.01,14:21:01.182706731
13,119.0,102,119.01,14:21:01.183238969
15,119.0,102,119.01,14:21:01.469985102
16,119.0,102,119.01,14:21:01.470190770
16,119.0,109,119.01,14:21:01.948310753
15,119.0,109,119.01,14:21:02.012031873
14,119.0,109,119.01,14:21:02.012031873
5,119.0,109,119.01,14:21:02.012189640
3,119.0,109,119.01,14:21:02.012433672
3,119.0,106,119.01,14:21:02.088669579
3,119.0,115,119.01,14:21:02.088892615
1,119.0,115,119.01,14:21:02.170053200
159,118.99,115,119.01,14:21:02.170053200
152,118.99,115,119.01,14:21:02.170281607
152,118.99,133,119.01,14:21:02.170584755
152,118.99,2,119.0,14:21:02.252742773
134,118.99,2,119.0,14:21:02.253118251
134,118.99,3,119.0,14:21:02.253417841
134,118.99,6,119.0,14:21:02.253496494
134,118.99,7,119.0,14:21:02.253568203
134,118.99,6,119.0,14:21:02.278669715
134,118.99,5,119.0,14:21:02.278846013
139,118.99,5,119.0,14:21:02.278905453
139,118.99,4,119.0,14:21:02.278994688
139,118.99,3,119.0,14:21:02.279467699
139,118.99,4,119.0,14:21:02.362035012
139,118.99,5,119.0,14:21:02.362332785
139,118.99,6,119.0,14:21:02.362509550
139,118.99,7,119.0,14:21:02.362984468
139,118.99,6,119.0,14:21:02.439434886
139,118.99,4,119.0,14:21:02.439618957
139,118.99,3,119.0,14:21:02.439697069
134,118.99,3,119.0,14:21:02.439789257
134,118.99,6,119.0,14:21:02.439939587
134,118.99,8,119.0,14:21:02.440011549
134,118.99,9,119.0,14:21:02.440174563
134,118.99,10,119.0,14:21:02.440247772
134,118.99,9,119.0,14:21:03.661155352
134,118.99,7,119.0,14:21:03.661273855
136,118.99,7,119.0,14:21:03.661428834
136,118.99,6,119.0,14:21:03.661428834
136,118.99,5,119.0,14:21:03.661500203
136,118.99,6,119.0,14:21:03.749901568
135,118.99,6,119.0,14:21:05.486961842
133,118.99,6,119.0,14:21:05.493204093
132,118.99,6,119.0,14:21:06.526602155
132,118.99,5,119.0,14:21:08.039824653
138,118.99,5,119.0,14:21:08.040216404
138,118.99,6,119.0,14:21:08.128061187
132,118.99,6,119.0,14:21:08.286014207
132,118.99,13,119.0,14:21:08.949145927
132,118.99,11,119.0,14:21:11.980253285
130,118.99,11,119.0,14:21:11.999160928
130,118.99,20,119.0,14:21:11.999372598
130,118.99,22,119.0,14:21:11.999455206
130,118.99,23,119.0,14:21:11.999455206
130,118.99,31,119.0,14:21:11.999629801
130,118.99,32,119.0,14:21:11.999629801
122,118.99,32,119.0,14:21:11.999712630
116,118.99,32,119.0,14:21:11.999712630
116,118.99,30,119.0,14:21:11.999790402
114,118.99,30,119.0,14:21:11.999872117
114,118.99,29,119.0,14:21:12.013013586
114,118.99,31,119.0,14:21:12.310723114
114,118.99,32,119.0,14:21:12.310853204
114,118.99,34,119.0,14:21:12.310918490
114,118.99,32,119.0,14:21:12.310992503
114,118.99,30,119.0,14:21:12.311096442
114,118.99,31,119.0,14:21:12.322314766
114,118.99,30,119.0,14:21:12.429756064
114,118.99,29,119.0,14:21:16.190439460
114,118.99,20,119.0,14:21:16.293150466
114,118.99,12,119.0,14:21:16.293214456
115,118.99,12,119.0,14:21:16.513897224
115,118.99,11,119.0,14:21:16.514093911
116,118.99,11,119.0,14:21:16.514158039
118,118.99,11,119.0,14:21:16.514263461
119,118.99,11,119.0,14:21:17.024201466
119,118.99,13,119.0,14:21:17.232381954
119,118.99,24,119.0,14:21:17.232381954
119,118.99,25,119.0,14:21:17.232450201
119,118.99,26,119.0,14:21:17.232450201
119,118.99,32,119.0,14:21:17.232517439
119,118.99,34,119.0,14:21:17.232588617
119,118.99,32,119.0,14:21:17.232664015
119,118.99,33,119.0,14:21:17.232857762
119,118.99,34,119.0,14:21:17.232928661
117,118.99,34,119.0,14:21:17.232928661
117,118.99,32,119.0,14:21:17.232945432
117,118.99,31,119.0,14:21:17.232945432
117,118.99,30,119.0,14:21:17.233219019
117,118.99,31,119.0,14:21:17.233446696
117,118.99,30,119.0,14:21:17.234085249
116,118.99,30,119.0,14:21:17.234164673
116,118.99,31,119.0,14:21:17.236525411
116,118.99,33,119.0,14:21:17.236688518
116,118.99,34,119.0,14:21:17.236863388
116,118.99,35,119.0,14:21:17.236929250
116,118.99,34,119.0,14:21:17.239903357
116,118.99,33,119.0,14:21:17.240028595
116,118.99,31,119.0,14:21:17.244353759
116,118.99,30,119.0,14:21:17.244473387
116,118.99,19,119.0,14:21:17.245234130
116,118.99,13,119.0,14:21:17.245305380
116,118.99,14,119.0,14:21:17.245525355
116,118.99,15,119.0,14:21:17.245639304
116,118.99,16,119.0,14:21:17.246433732
116,118.99,15,119.0,14:21:17.260211321
116,118.99,14,119.0,14:21:17.529916629
116,118.99,13,119.0,14:21:19.135367855
116,118.99,12,119.0,14:21:19.135544028
116,118.99,9,119.0,14:21:19.151082569
118,118.99,9,119.0,14:21:19.151343385
118,118.99,8,119.0,14:21:19.151429359
121,118.99,8,119.0,14:21:19.151583569
121,118.99,7,119.0,14:21:19.161401691
121,118.99,6,119.0,14:21:19.161694973
121,118.99,5,119.0,14:21:19.161694973
121,118.99,129,119.01,14:21:19.161694973
3,119.0,129,119.01,14:21:19.161790974
7,119.0,129,119.01,14:21:19.161790974
7,119.0,128,119.01,14:21:19.162112103
7,119.0,110,119.01,14:21:19.162210362
8,119.0,110,119.01,14:21:19.162319479
9,119.0,110,119.01,14:21:19.162319479
5,119.0,110,119.01,14:21:19.162334937
2,119.0,110,119.01,14:21:19.162431872
5,119.0,110,119.01,14:21:19.162537658
7,119.0,110,119.01,14:21:19.170893354
8,119.0,110,119.01,14:21:19.172753374
9,119.0,110,119.01,14:21:19.172902149
10,119.0,110,119.01,14:21:19.173010178
10,119.0,109,119.01,14:21:19.173333717
10,119.0,106,119.01,14:21:19.174031966
12,119.0,106,119.01,14:21:19.231084191
14,119.0,106,119.01,14:21:19.231269026
14,119.0,108,119.01,14:21:19.250538038
14,119.0,109,119.01,14:21:19.250710739
13,119.0,109,119.01,14:21:19.250922642
12,119.0,109,119.01,14:21:19.251052585
10,119.0,109,119.01,14:21:19.251052585
11,119.0,109,119.01,14:21:19.352833460
10,119.0,109,119.01,14:21:19.438889101
11,119.0,109,119.01,14:21:19.554847985
13,119.0,109,119.01,14:21:19.638585370
13,119.0,108,119.01,14:21:19.755626365
12,119.0,108,119.01,14:21:19.787342330
13,119.0,108,119.01,14:21:19.798862193
15,119.0,108,119.01,14:21:19.799045060
15,119.0,99,119.01,14:21:19.799766035
16,119.0,99,119.01,14:21:20.077859858
15,119.0,99,119.01,14:21:20.194462001
16,119.0,99,119.01,14:21:20.239199786
15,119.0,99,119.01,14:21:20.245252882
16,119.0,99,119.01,14:21:20.573155602
15,119.0,99,119.01,14:21:21.143168722
13,119.0,99,119.01,14:21:21.144207678
14,119.0,99,119.01,14:21:21.164904084
13,119.0,99,119.01,14:21:21.177028155
12,119.0,99,119.01,14:21:21.177372683
12,119.0,108,119.01,14:21:21.177372683
9,119.0,108,119.01,14:21:21.177388475
9,119.0,109,119.01,14:21:21.177388475
7,119.0,109,119.01,14:21:21.177447694
6,119.0,109,119.01,14:21:21.177520654
7,119.0,109,119.01,14:21:21.219779762
6,119.0,109,119.01,14:21:21.348425797
5,119.0,109,119.01,14:21:21.348655797
4,119.0,109,119.01,14:21:21.349104683
6,119.0,109,119.01,14:21:21.371856147
7,119.0,109,119.01,14:21:21.372254498
6,119.0,109,119.01,14:21:21.413846361
5,119.0,109,119.01,14:21:21.413981202
5,119.0,114,119.01,14:21:21.414084332
4,119.0,114,119.01,14:21:21.497366599
2,119.0,114,119.01,14:21:21.497517918
153,118.99,114,119.01,14:21:21.497588333
153,118.99,112,119.01,14:21:21.562068732
153,118.99,1,119.0,14:21:21.579719329
135,118.99,1,119.0,14:21:21.580152758
135,118.99,3,119.0,14:21:21.641590631
134,118.99,3,119.0,14:21:22.014365191
133,118.99,3,119.0,14:21:22.014365191
133,118.99,6,119.0,14:21:22.014747173
133,118.99,8,119.0,14:21:22.014747173
133,118.99,11,119.0,14:21:22.014767720
133,118.99,14,119.0,14:21:22.014982243
130,118.99,14,119.0,14:21:22.015051819
130,118.99,12,119.0,14:21:22.089440487
130,118.99,9,119.0,14:21:22.111839922
130,118.99,6,119.0,14:21:22.112003909
131,118.99,6,119.0,14:21:23.087796954
132,118.99,6,119.0,14:21:23.088035760
132,118.99,3,119.0,14:21:24.128346470
133,118.99,3,119.0,14:21:24.502787617
133,118.99,17,119.0,14:21:25.365383277
133,118.99,31,119.0,14:21:25.365383277
116,118.99,31,119.0,14:21:25.365987402
116,118.99,34,119.0,14:21:25.366114222
111,118.99,34,119.0,14:21:25.366134932
102,118.99,34,119.0,14:21:25.366134932
102,118.99,35,119.0,14:21:25.366134932
102,118.99,36,119.0,14:21:25.366227911
102,118.99,37,119.0,14:21:25.366227911
102,118.99,40,119.0,14:21:25.366458941
101,118.99,40,119.0,14:21:25.366785491
101,118.99,41,119.0,14:21:25.366785491
101,118.99,42,119.0,14:21:25.366917530
101,118.99,39,119.0,14:21:25.366974393
101,118.99,48,119.0,14:21:25.367028295
101,118.99,50,119.0,14:21:25.367218306
101,118.99,51,119.0,14:21:25.367218306
100,118.99,51,119.0,14:21:25.367237944
98,118.99,51,119.0,14:21:25.367344390
98,118.99,56,119.0,14:21:25.367344390
98,118.99,59,119.0,14:21:25.367344390
98,118.99,71,119.0,14:21:25.367462934
98,118.99,62,119.0,14:21:25.367462934
95,118.99,62,119.0,14:21:25.367528925
96,118.99,62,119.0,14:21:25.367775545
95,118.99,62,119.0,14:21:25.367941446
96,118.99,62,119.0,14:21:25.368239794
96,118.99,59,119.0,14:21:25.368781964
96,118.99,61,119.0,14:21:25.369633477
96,118.99,63,119.0,14:21:25.370125848
96,118.99,64,119.0,14:21:25.370198423
94,118.99,64,119.0,14:21:25.370353518
94,118.99,63,119.0,14:21:25.370510125
94,118.99,61,119.0,14:21:25.370578135
94,118.99,63,119.0,14:21:25.370773539
94,118.99,61,119.0,14:21:25.371807820
94,118.99,62,119.0,14:21:25.372265660
94,118.99,67,119.0,14:21:25.372427331
94,118.99,66,119.0,14:21:25.372464441
94,118.99,67,119.0,14:21:25.372574468
94,118.99,68,119.0,14:21:25.373206735
94,118.99,67,119.0,14:21:25.373465642
94,118.99,66,119.0,14:21:25.373863957
94,118.99,61,119.0,14:21:25.374383757
94,118.99,59,119.0,14:21:25.376294905
94,118.99,61,119.0,14:21:25.376574310
93,118.99,61,119.0,14:21:25.379031268
93,118.99,63,119.0,14:21:25.379111546
92,118.99,63,119.0,14:21:25.379111546
92,118.99,65,119.0,14:21:25.379244826
91,118.99,65,119.0,14:21:25.380523942
91,118.99,66,119.0,14:21:25.380629001
92,118.99,66,119.0,14:21:25.380933020
92,118.99,64,119.0,14:21:25.380933020
92,118.99,68,119.0,14:21:25.380933020
92,118.99,64,119.0,14:21:25.381400543
92,118.99,63,119.0,14:21:25.381467554
92,118.99,65,119.0,14:21:25.384539718
92,118.99,68,119.0,14:21:25.384602492
92,118.99,65,119.0,14:21:25.384884223
92,118.99,63,119.0,14:21:25.384990076
92,118.99,64,119.0,14:21:25.385061429
92,118.99,63,119.0,14:21:25.385869790
93,118.99,63,119.0,14:21:25.396952814
94,118.99,63,119.0,14:21:25.397097081
93,118.99,63,119.0,14:21:25.666739902
94,118.99,63,119.0,14:21:26.068215604
94,118.99,58,119.0,14:21:26.068515167
95,118.99,58,119.0,14:21:26.072154346
96,118.99,58,119.0,14:21:26.072363332
96,118.99,57,119.0,14:21:26.072815827
96,118.99,55,119.0,14:21:26.709007651
95,118.99,55,119.0,14:21:27.173282765
96,118.99,55,119.0,14:21:27.811483888
96,118.99,56,119.0,14:21:31.374463119
112,118.99,56,119.0,14:21:31.911714668
112,118.99,55,119.0,14:21:31.911882396
112,118.99,53,119.0,14:21:31.911951685
114,118.99,53,119.0,14:21:31.912020047
114,118.99,39,119.0,14:21:31.912197423
114,118.99,27,119.0,14:21:31.912197423
114,118.99,26,119.0,14:21:31.912328738
114,118.99,12,119.0,14:21:31.912518482
117,118.99,12,119.0,14:21:31.912695019
117,118.99,13,119.0,14:21:31.920347573
117,118.99,14,119.0,14:21:31.920552392
115,118.99,14,119.0,14:21:32.502517652
117,118.99,14,119.0,14:21:32.568415543
117,118.99,13,119.0,14:21:32.568581239
118,118.99,13,119.0,14:21:32.579200680
118,118.99,12,119.0,14:21:32.579476484
118,118.99,14,119.0,14:21:33.041745741
118,118.99,15,119.0,14:21:33.041996464
118,118.99,18,119.0,14:21:33.042031709
118,118.99,15,119.0,14:21:33.042748729
118,118.99,14,119.0,14:21:33.042952153
118,118.99,15,119.0,14:21:33.043025651
118,118.99,13,119.0,14:21:34.996795308
118,118.99,12,119.0,14:21:34.997028840
118,118.99,14,119.0,14:21:35.150995583
118,118.99,15,119.0,14:21:35.151175154
118,118.99,14,119.0,14:21:35.152015451
118,118.99,15,119.0,14:21:35.232207737
118,118.99,18,119.0,14:21:36.414570270
118,118.99,20,119.0,14:21:36.414642126
118,118.99,22,119.0,14:21:36.414703966
118,118.99,24,119.0,14:21:36.414933659
118,118.99,33,119.0,14:21:36.415031434
118,118.99,34,119.0,14:21:36.415031434
118,118.99,42,119.0,14:21:36.415116216
118,118.99,51,119.0,14:21:36.415205619
118,118.99,59,119.0,14:21:36.415312218
118,118.99,67,119.0,14:21:36.415342251
118,118.99,65,119.0,14:21:36.415342251
118,118.99,71,119.0,14:21:36.415374363
116,118.99,71,119.0,14:21:36.415640624
116,118.99,62,119.0,14:21:36.463537050
116,118.99,54,119.0,14:21:36.463607434
116,118.99,52,119.0,14:21:37.420330396
116,118.99,44,119.0,14:21:37.420394726
116,118.99,38,119.0,14:21:37.420394726
116,118.99,36,119.0,14:21:37.420521089
116,118.99,46,119.0,14:21:38.023696929
116,118.99,54,119.0,14:21:38.023771253
116,118.99,55,119.0,14:21:38.023771253
116,118.99,62,119.0,14:21:38.023846308
116,118.99,68,119.0,14:21:38.023846308
116,118.99,70,119.0,14:21:38.023915294
113,118.99,70,119.0,14:21:38.024089681
113,118.99,68,119.0,14:21:38.025047927
113,118.99,58,119.0,14:21:38.039758002
113,118.99,51,119.0,14:21:38.039821672
113,118.99,52,119.0,14:21:38.098383041
113,118.99,54,119.0,14:21:38.098559005
112,118.99,54,119.0,14:21:42.014134328
112,118.99,65,119.0,14:21:42.014329445
112,118.99,71,119.0,14:21:42.014479480
112,118.99,74,119.0,14:21:42.014479480
112,118.99,72,119.0,14:21:42.014648872
112,118.99,74,119.0,14:21:42.943458686
112,118.99,76,119.0,14:21:42.943546559
112,118.99,78,119.0,14:21:42.943687176
112,118.99,76,119.0,14:21:43.254395847
112,118.99,73,119.0,14:21:43.254460404
112,118.99,62,119.0,14:21:43.526963347
112,118.99,56,119.0,14:21:43.527036150
112,118.99,55,119.0,14:21:43.546982883
112,118.99,53,119.0,14:21:43.547135150
112,118.99,44,119.0,14:21:43.569663591
112,118.99,36,119.0,14:21:43.569725620
112,118.99,51,119.0,14:21:44.420267973
112,118.99,50,119.0,14:21:48.246085918
112,118.99,35,119.0,14:21:48.246282822
112,118.99,27,119.0,14:21:48.246366959
112,118.99,21,119.0,14:21:48.246366959
114,118.99,21,119.0,14:21:48.246425695
117,118.99,21,119.0,14:21:48.246506706
119,118.99,21,119.0,14:21:48.246591820
119,118.99,18,119.0,14:21:48.246667094
119,118.99,17,119.0,14:21:48.294900620
119,118.99,18,119.0,14:21:48.334767671
117,118.99,18,119.0,14:21:48.648783759
117,118.99,17,119.0,14:21:48.648850434
117,118.99,15,119.0,14:21:48.702725269
117,118.99,13,119.0,14:21:48.703343719
117,118.99,10,119.0,14:21:48.705343513
117,118.99,9,119.0,14:21:48.770602744
119,118.99,9,119.0,14:21:48.770828632
119,118.99,8,119.0,14:21:48.771005659
120,118.99,8,119.0,14:21:48.771082146
120,118.99,7,119.0,14:21:48.825853293
120,118.99,8,119.0,14:21:48.925708001
120,118.99,10,119.0,14:21:49.013886613
120,118.99,13,119.0,14:21:49.013951928
120,118.99,16,119.0,14:21:49.014028526
119,118.99,16,119.0,14:21:49.014889623
119,118.99,17,119.0,14:21:49.018189800
119,118.99,16,119.0,14:21:49.018386414
119,118.99,17,119.0,14:21:49.018462625
119,118.99,19,119.0,14:21:49.018462625
117,118.99,19,119.0,14:21:49.018588442
117,118.99,20,119.0,14:21:49.026310523
117,118.99,34,119.0,14:21:49.028662799
117,118.99,35,119.0,14:21:49.275563560
117,118.99,34,119.0,14:21:49.332346169
117,118.99,35,119.0,14:21:49.533577674
117,118.99,36,119.0,14:21:49.533762202
117,118.99,50,119.0,14:21:49.536982170
117,118.99,51,119.0,14:21:49.538450428
117,118.99,54,119.0,14:21:49.538579330
115,118.99,54,119.0,14:21:49.538743295
115,118.99,55,119.0,14:21:49.618218970
112,118.99,55,119.0,14:21:49.618398301
112,118.99,52,119.0,14:21:50.214312094
112,118.99,51,119.0,14:21:50.539242571
112,118.99,37,119.0,14:21:50.539348639
112,118.99,38,119.0,14:21:50.539883352
112,118.99,41,119.0,14:21:50.540035416
112,118.99,38,119.0,14:21:50.540198052
112,118.99,37,119.0,14:21:50.543625538
112,118.99,36,119.0,14:21:50.543754436
112,118.99,37,119.0,14:21:50.544199617
112,118.99,38,119.0,14:21:50.547222466
112,118.99,39,119.0,14:21:50.547384219
112,118.99,38,119.0,14:21:50.559199458
112,118.99,37,119.0,14:21:50.559359739
112,118.99,36,119.0,14:21:50.770759159
112,118.99,35,119.0,14:21:50.771717907
114,118.99,35,119.0,14:21:50.775665136
114,118.99,21,119.0,14:21:50.775843971
115,118.99,21,119.0,14:21:50.775901728
115,118.99,19,119.0,14:21:50.776068678
118,118.99,19,119.0,14:21:50.776068678
118,118.99,18,119.0,14:21:50.776154678
118,118.99,17,119.0,14:21:50.818492613
118,118.99,18,119.0,14:21:50.871001024
118,118.99,17,119.0,14:21:50.925013811
118,118.99,19,119.0,14:21:51.135517009
118,118.99,20,119.0,14:21:51.135639166
117,118.99,20,119.0,14:21:51.136553754
117,118.99,35,119.0,14:21:51.136721450
117,118.99,36,119.0,14:21:51.172670548
117,118.99,51,119.0,14:21:51.172904667
117,118.99,52,119.0,14:21:51.172966544
117,118.99,51,119.0,14:21:51.173439508
117,118.99,36,119.0,14:21:51.215624656
117,118.99,37,119.0,14:21:51.245797330
117,118.99,38,119.0,14:21:53.575370448
117,118.99,39,119.0,14:21:53.575613172
117,118.99,54,119.0,14:21:53.579191812
117,118.99,55,119.0,14:21:53.585680028
117,118.99,56,119.0,14:21:53.585849337
117,118.99,55,119.0,14:21:54.193954896
117,118.99,54,119.0,14:21:55.390817410
117,118.99,39,119.0,14:21:55.390969603
117,118.99,38,119.0,14:21:55.391114179
117,118.99,37,119.0,14:21:55.391190902
117,118.99,39,119.0,14:21:55.419269638
117,118.99,37,119.0,14:21:55.827724250
117,118.99,38,119.0,14:21:56.232960824
117,118.99,41,119.0,14:21:56.233163784
117,118.99,58,119.0,14:21:57.332667716
115,118.99,58,119.0,14:21:57.332806894
115,118.99,55,119.0,14:21:57.332920628
115,118.99,56,119.0,14:21:57.333070711
115,118.99,55,119.0,14:21:57.552823325
115,118.99,54,119.0,14:21:57.556984131
115,118.99,37,119.0,14:21:57.561423980
115,118.99,36,119.0,14:21:57.564344141
117,118.99,36,119.0,14:21:57.564462480
117,118.99,21,119.0,14:21:57.564743455
117,118.99,20,119.0,14:21:57.564826890
117,118.99,18,119.0,14:21:57.564826890
117,118.99,19,119.0,14:21:57.567617614
117,118.99,22,119.0,14:21:57.567813534
117,118.99,21,119.0,14:21:57.607864843
117,118.99,20,119.0,14:21:57.609098675
117,118.99,17,119.0,14:21:57.618390057
117,118.99,18,119.0,14:21:57.788956277
117,118.99,20,119.0,14:21:57.789124399
117,118.99,19,119.0,14:21:58.031738876
117,118.99,17,119.0,14:21:59.530297939
117,118.99,16,119.0,14:22:00.407593060
117,118.99,13,119.0,14:22:00.429446294
117,118.99,11,119.0,14:22:00.434186549
117,118.99,10,119.0,14:22:00.512748172
117,118.99,8,119.0,14:22:00.740560113
117,118.99,5,119.0,14:22:00.740781421
119,118.99,5,119.0,14:22:00.740943553
129,118.99,5,119.0,14:22:00.741027191
133,118.99,5,119.0,14:22:00.741117184
134,118.99,5,119.0,14:22:00.741117184
134,118.99,3,119.0,14:22:00.742711938
134,118.99,2,119.0,14:22:00.742805125
134,118.99,1,119.0,14:22:00.742822031
134,118.99,131,119.01,14:22:00.742822031
134,118.99,2,119.0,14:22:00.826821100
134,118.99,3,119.0,14:22:00.827007413
134,118.99,4,119.0,14:22:00.827113999
134,118.99,5,119.0,14:22:01.231569840
134,118.99,6,119.0,14:22:01.231770403
134,118.99,12,119.0,14:22:01.287075412
133,118.99,12,119.0,14:22:01.344292275
133,118.99,15,119.0,14:22:01.355478580
133,118.99,17,119.0,14:22:01.355654230
133,118.99,11,119.0,14:22:01.804235747
133,118.99,13,119.0,14:22:01.827143915
133,118.99,14,119.0,14:22:01.827318318
133,118.99,15,119.0,14:22:01.854982239
133,118.99,16,119.0,14:22:01.903189706
131,118.99,16,119.0,14:22:01.903453955
131,118.99,15,119.0,14:22:02.079007891
131,118.99,13,119.0,14:22:02.079074208
131,118.99,12,119.0,14:22:02.102030786
131,118.99,10,119.0,14:22:02.171387942
131,118.99,12,119.0,14:22:02.172411662
131,118.99,13,119.0,14:22:02.172526530
131,118.99,14,119.0,14:22:02.172623618
131,118.99,15,119.0,14:22:02.176580639
131,118.99,16,119.0,14:22:02.177630366
131,118.99,17,119.0,14:22:02.177752315
131,118.99,16,119.0,14:22:02.183609587
131,118.99,15,119.0,14:22:03.234248174
131,118.99,14,119.0,14:22:03.234387666
131,118.99,13,119.0,14:22:03.234506523
131,118.99,12,119.0,14:22:03.234506523
131,118.99,11,119.0,14:22:03.234701813
131,118.99,12,119.0,14:22:03.322475883
131,118.99,10,119.0,14:22:04.269538482
131,118.99,12,119.0,14:22:04.555403183
131,118.99,13,119.0,14:22:04.555558716
131,118.99,11,119.0,14:22:04.555661563
131,118.99,13,119.0,14:22:04.556205771
131,118.99,14,119.0,14:22:04.556315553
131,118.99,16,119.0,14:22:04.556495850
131,118.99,15,119.0,14:22:04.750251040
131,118.99,16,119.0,14:22:05.108171604
131,118.99,15,119.0,14:22:05.108331972
131,118.99,13,119.0,14:22:05.108957997
131,118.99,11,119.0,14:22:05.109113808
131,118.99,13,119.0,14:22:05.112119412
131,118.99,14,119.0,14:22:05.112289227
131,118.99,15,119.0,14:22:05.112858668
131,118.99,14,119.0,14:22:05.119097761
131,118.99,13,119.0,14:22:05.119250373
131,118.99,11,119.0,14:22:05.123320850
131,118.99,12,119.0,14:22:05.124470986
131,118.99,13,119.0,14:22:05.139820376
131,118.99,15,119.0,14:22:05.140011393
131,118.99,16,119.0,14:22:05.140011393
131,118.99,17,119.0,14:22:05.140078894
131,118.99,16,119.0,14:22:05.145814710
131,118.99,15,119.0,14:22:05.145961574
131,118.99,16,119.0,14:22:05.149885984
131,118.99,20,119.0,14:22:05.150067138
131,118.99,19,119.0,14:22:05.162729257
131,118.99,15,119.0,14:22:05.163528994
131,118.99,14,119.0,14:22:05.163677413
131,118.99,15,119.0,14:22:05.176785268
131,118.99,17,119.0,14:22:05.176981566
131,118.99,16,119.0,14:22:05.347252681
131,118.99,14,119.0,14:22:05.904299009
131,118.99,13,119.0,14:22:08.304325517
131,118.99,11,119.0,14:22:08.304539683
131,118.99,10,119.0,14:22:08.308413052
131,118.99,9,119.0,14:22:08.978059647
131,118.99,8,119.0,14:22:08.978193531
131,118.99,7,119.0,14:22:08.978214331
131,118.99,6,119.0,14:22:08.978214331
131,118.99,3,119.0,14:22:08.978214331
131,118.99,2,119.0,14:22:08.978214331
131,118.99,1,119.0,14:22:08.978214331
131,118.99,132,119.01,14:22:08.978238871
4,119.0,132,119.01,14:22:08.978401391
4,119.0,131,119.01,14:22:08.978565374
13,119.0,131,119.01,14:22:08.978629979
13,119.0,122,119.01,14:22:08.978727192
14,119.0,122,119.01,14:22:08.978907489
14,119.0,120,119.01,14:22:08.978907489
17,119.0,120,119.01,14:22:08.978922587
17,119.0,102,119.01,14:22:08.978922587
15,119.0,102,119.01,14:22:08.979026734
14,119.0,102,119.01,14:22:08.979147643
13,119.0,102,119.01,14:22:08.979147643
4,119.0,102,119.01,14:22:08.979147643
4,119.0,111,119.01,14:22:08.979330279
1,119.0,111,119.01,14:22:08.979330279
155,118.99,111,119.01,14:22:09.003326542
155,118.99,1,119.0,14:22:09.003537288
137,118.99,1,119.0,14:22:09.003751056
137,118.99,3,119.0,14:22:09.023643010
137,118.99,4,119.0,14:22:09.023890577
137,118.99,5,119.0,14:22:09.027273903
137,118.99,4,119.0,14:22:09.030283705
137,118.99,3,119.0,14:22:09.035518991
137,118.99,4,119.0,14:22:09.067253110
137,118.99,5,119.0,14:22:09.067442556
137,118.99,6,119.0,14:22:09.067505650
137,118.99,7,119.0,14:22:09.068097532
137,118.99,6,119.0,14:22:09.092179186
137,118.99,5,119.0,14:22:09.092341583
137,118.99,7,119.0,14:22:09.148512880
137,118.99,9,119.0,14:22:09.148690067
137,118.99,7,119.0,14:22:10.249894094
137,118.99,6,119.0,14:22:10.250108619
133,118.99,6,119.0,14:22:10.741194946
133,118.99,5,119.0,14:22:10.741259832
133,118.99,6,119.0,14:22:11.711163398
133,118.99,7,119.0,14:22:12.278394110
133,118.99,8,119.0,14:22:13.161637949
140,118.99,8,119.0,14:22:16.936187683
142,118.99,8,119.0,14:22:16.936399757
142,118.99,7,119.0,14:22:16.936583027
142,118.99,5,119.0,14:22:16.977746800
142,118.99,4,119.0,14:22:18.501038809
141,118.99,4,119.0,14:22:18.531793921
141,118.99,3,119.0,14:22:18.557836115
141,118.99,2,119.0,14:22:18.558163755
141,118.99,1,119.0,14:22:18.558163755
141,118.99,129,119.01,14:22:18.558163755
141,118.99,124,119.01,14:22:18.558447839
143,118.99,124,119.01,14:22:18.579602350
143,118.99,1,119.0,14:22:18.648193981
143,118.99,2,119.0,14:22:18.648417581
143,118.99,3,119.0,14:22:18.648612263
143,118.99,4,119.0,14:22:18.649187283
143,118.99,3,119.0,14:22:18.650390383
143,118.99,2,119.0,14:22:18.650536437
143,118.99,3,119.0,14:22:18.650692671
143,118.99,4,119.0,14:22:18.731501022
143,118.99,6,119.0,14:22:18.867795250
143,118.99,8,119.0,14:22:18.867956360
143,118.99,10,119.0,14:22:18.868620241
143,118.99,11,119.0,14:22:18.876900203
143,118.99,9,119.0,14:22:19.617321012
143,118.99,7,119.0,14:22:19.617502958
143,118.99,6,119.0,14:22:19.617576212
143,118.99,7,119.0,14:22:21.120545361
143,118.99,8,119.0,14:22:21.125009991
143,118.99,7,119.0,14:22:21.132615149
143,118.99,6,119.0,14:22:21.625640378
143,118.99,7,119.0,14:22:22.042999701
143,118.99,6,119.0,14:22:22.313267863
143,118.99,4,119.0,14:22:28.073864081
143,118.99,6,119.0,14:22:29.231461683
143,118.99,5,119.0,14:22:30.750994703
143,118.99,4,119.0,14:22:30.750994703
143,118.99,3,119.0,14:22:30.751073251
143,118.99,2,119.0,14:22:30.751261332
143,118.99,124,119.01,14:22:30.751335063
143,118.99,1,119.0,14:22:30.761866194
143,118.99,2,119.0,14:22:30.852884753
143,118.99,3,119.0,14:22:30.853108093
143,118.99,4,119.0,14:22:30.853185661
143,118.99,7,119.0,14:22:30.853292205
143,118.99,8,119.0,14:22:30.853594598
141,118.99,8,119.0,14:22:31.471820529
141,118.99,9,119.0,14:22:34.288918991
141,118.99,10,119.0,14:22:34.289101950
141,118.99,11,119.0,14:22:34.289699857
141,118.99,12,119.0,14:22:34.289892358
141,118.99,11,119.0,14:22:34.290180574
141,118.99,12,119.0,14:22:34.294251139
141,118.99,11,119.0,14:22:34.301778110
141,118.99,12,119.0,14:22:34.331843168
141,118.99,14,119.0,14:22:34.331843168
141,118.99,16,119.0,14:22:34.331903175
141,118.99,17,119.0,14:22:34.332082694
139,118.99,17,119.0,14:22:34.332168048
139,118.99,19,119.0,14:22:34.332168048
139,118.99,18,119.0,14:22:34.332273334
139,118.99,33,119.0,14:22:34.332478803
139,118.99,31,119.0,14:22:34.332671565
139,118.99,16,119.0,14:22:37.663682269
139,118.99,14,119.0,14:22:37.663981270
139,118.99,13,119.0,14:22:37.663981270
139,118.99,11,119.0,14:22:37.664076345
139,118.99,10,119.0,14:22:37.664369759
139,118.99,9,119.0,14:22:37.664369759
141,118.99,9,119.0,14:22:37.664518499
141,118.99,8,119.0,14:22:37.664632291
142,118.99,8,119.0,14:22:37.664699522
142,118.99,5,119.0,14:22:37.664823546
142,118.99,4,119.0,14:22:37.711775174
142,118.99,5,119.0,14:22:37.938525911
141,118.99,5,119.0,14:22:38.284182201
141,118.99,6,119.0,14:22:39.636930233
141,118.99,5,119.0,14:22:39.662473670
141,118.99,7,119.0,14:22:43.056524785
141,118.99,5,119.0,14:22:43.152061042
141,118.99,6,119.0,14:22:46.509264301
141,118.99,5,119.0,14:22:49.053440526
141,118.99,4,119.0,14:22:49.053628635
144,118.99,4,119.0,14:22:49.053741441
144,118.99,5,119.0,14:22:49.139584989
144,118.99,7,119.0,14:22:50.011275821
144,118.99,8,119.0,14:22:50.011339895
144,118.99,17,119.0,14:22:50.011407700
144,118.99,18,119.0,14:22:50.011484100
144,118.99,21,119.0,14:22:50.011633143
141,118.99,21,119.0,14:22:50.011787907
141,118.99,22,119.0,14:22:50.011950924
141,118.99,31,119.0,14:22:50.015241639
141,118.99,39,119.0,14:22:50.015346174
139,118.99,39,119.0,14:22:50.015411716
139,118.99,48,119.0,14:22:50.019180951
139,118.99,56,119.0,14:22:50.019282094
139,118.99,57,119.0,14:22:50.019347584
139,118.99,58,119.0,14:22:50.019472516
139,118.99,60,119.0,14:22:50.019872285
139,118.99,68,119.0,14:22:50.019937936
139,118.99,74,119.0,14:22:50.020009024
137,118.99,74,119.0,14:22:50.025116265
127,118.99,74,119.0,14:22:50.026998510
123,118.99,74,119.0,14:22:50.026998510
123,118.99,75,119.0,14:22:50.093550840
123,118.99,78,119.0,14:22:50.093724700
123,118.99,76,119.0,14:22:50.214008474
123,118.99,73,119.0,14:22:50.214360761
123,118.99,64,119.0,14:22:50.215024371
123,118.99,56,119.0,14:22:50.215024371
123,118.99,58,119.0,14:22:50.456410945
123,118.99,60,119.0,14:22:50.456590427
123,118.99,62,119.0,14:22:50.697990949
123,118.99,65,119.0,14:22:50.698159311
123,118.99,62,119.0,14:22:51.119459282
123,118.99,60,119.0,14:22:51.119521605
123,118.99,58,119.0,14:22:51.119744834
123,118.99,56,119.0,14:22:51.358607511
123,118.99,48,119.0,14:22:51.642168056
123,118.99,42,119.0,14:22:51.642235998
125,118.99,42,119.0,14:22:51.642331902
125,118.99,41,119.0,14:22:51.652014234
125,118.99,32,119.0,14:22:51.652500688
125,118.99,24,119.0,14:22:51.652565944
125,118.99,23,119.0,14:22:51.652701174
125,118.99,22,119.0,14:22:51.652764992
125,118.99,23,119.0,14:22:51.652880032
125,118.99,24,119.0,14:22:51.653063599
125,118.99,23,119.0,14:22:51.693978710
125,118.99,22,119.0,14:22:51.911803899
125,118.99,13,119.0,14:22:52.380497589
125,118.99,12,119.0,14:22:52.380727941
125,118.99,13,119.0,14:22:52.403647014
125,118.99,14,119.0,14:22:52.403819718
125,118.99,15,119.0,14:22:53.270130812
123,118.99,15,119.0,14:22:54.069666012
123,118.99,25,119.0,14:22:54.069895788
123,118.99,27,119.0,14:22:54.069986441
123,118.99,36,119.0,14:22:54.069986441
123,118.99,45,119.0,14:22:54.070006130
123,118.99,46,119.0,14:22:54.070006130
123,118.99,53,119.0,14:22:54.070006130
123,118.99,58,119.0,14:22:54.070006130
123,118.99,61,119.0,14:22:54.070153669
123,118.99,52,119.0,14:22:54.070240392
123,118.99,62,119.0,14:22:54.070342251
123,118.99,69,119.0,14:22:54.070423284
123,118.99,66,119.0,14:22:54.070423284
123,118.99,59,119.0,14:22:54.083336222
123,118.99,49,119.0,14:22:54.083399733
123,118.99,48,119.0,14:22:57.799548258
123,118.99,47,119.0,14:22:57.799648492
135,118.99,47,119.0,14:22:57.799648492
135,118.99,38,119.0,14:22:57.799648492
135,118.99,36,119.0,14:22:57.799648492
135,118.99,26,119.0,14:22:57.799662201
135,118.99,21,119.0,14:22:57.799728732
135,118.99,14,119.0,14:22:57.799728732
135,118.99,13,119.0,14:22:57.799942303
135,118.99,12,119.0,14:22:57.799942303
135,118.99,11,119.0,14:22:57.799957884
135,118.99,9,119.0,14:22:57.800068370
135,118.99,8,119.0,14:22:57.800094952
135,118.99,7,119.0,14:22:57.800094952
135,118.99,6,119.0,14:22:57.800094952
135,118.99,5,119.0,14:22:57.800094952
135,118.99,4,119.0,14:22:57.800233323
135,118.99,3,119.0,14:22:57.800233323
135,118.99,127,119.01,14:22:57.800233323
9,119.0,127,119.01,14:22:57.800233323
9,119.0,118,119.01,14:22:57.800248053
12,119.0,118,119.01,14:22:57.800248053
12,119.0,117,119.01,14:22:57.800785796
16,119.0,117,119.01,14:22:57.800785796
17,119.0,117,119.01,14:22:57.800913377
20,119.0,117,119.01,14:22:57.800913377
21,119.0,117,119.01,14:22:57.800913377
33,119.0,117,119.01,14:22:57.800913377
33,119.0,99,119.01,14:22:57.800927463
33,119.0,97,119.01,14:22:57.801016977
38,119.0,97,119.01,14:22:57.801124132
37,119.0,97,119.01,14:22:57.810747475
37,119.0,103,119.01,14:22:57.810950128
39,119.0,103,119.01,14:22:57.822511254
41,119.0,103,119.01,14:22:57.822681543
41,119.0,106,119.01,14:22:57.886768094
39,119.0,106,119.01,14:22:57.986234963
40,119.0,106,119.01,14:22:58.431136508
44,119.0,106,119.01,14:22:58.431329034
44,119.0,100,119.01,14:22:59.024429741
40,119.0,100,119.01,14:22:59.077795260
41,119.0,100,119.01,14:22:59.078047218
46,119.0,100,119.01,14:22:59.078274940
48,119.0,100,119.01,14:22:59.734347254
43,119.0,100,119.01,14:22:59.735339664
42,119.0,100,119.01,14:23:00.055983060
42,119.0,99,119.01,14:23:00.103485736
45,119.0,99,119.01,14:23:00.146406778
47,119.0,99,119.01,14:23:00.146539591
47,119.0,98,119.01,14:23:01.138687447
45,119.0,98,119.01,14:23:01.146240591
45,119.0,99,119.01,14:23:01.262646319
45,119.0,102,119.01,14:23:01.262814206
45,119.0,101,119.01,14:23:01.806082656
45,119.0,98,119.01,14:23:01.896516924
45,119.0,101,119.01,14:23:01.910529441
45,119.0,105,119.01,14:23:01.910716414
46,119.0,105,119.01,14:23:03.049222927
47,119.0,105,119.01,14:23:03.049594019
47,119.0,104,119.01,14:23:03.200305552
47,119.0,100,119.01,14:23:03.623057762
46,119.0,100,119.01,14:23:03.623255277
47,119.0,100,119.01,14:23:04.539841257
52,119.0,100,119.01,14:23:04.540007708
53,119.0,100,119.01,14:23:04.540425631
53,119.0,101,119.01,14:23:04.574059720
53,119.0,102,119.01,14:23:04.574220414
48,119.0,102,119.01,14:23:06.284372099
48,119.0,101,119.01,14:23:06.700157889
55,119.0,101,119.01,14:23:06.936843523
59,119.0,101,119.01,14:23:06.937134848
51,119.0,101,119.01,14:23:08.199327871
48,119.0,101,119.01,14:23:08.199327871
44,119.0,101,119.01,14:23:08.199497036
43,119.0,101,119.01,14:23:08.199523783
40,119.0,101,119.01,14:23:08.199523783
39,119.0,101,119.01,14:23:08.199523783
27,119.0,101,119.01,14:23:08.199523783
22,119.0,101,119.01,14:23:08.199523783
20,119.0,101,119.01,14:23:08.199523783
19,119.0,101,119.01,14:23:08.199523783
17,119.0,101,119.01,14:23:08.199523783
14,119.0,101,119.01,14:23:08.199523783
13,119.0,101,119.01,14:23:08.199523783
12,119.0,101,119.01,14:23:08.199550607
11,119.0,101,119.01,14:23:08.199550607
4,119.0,101,119.01,14:23:08.199550607
170,118.99,101,119.01,14:23:08.199550607
170,118.99,41,119.0,14:23:08.199550607
169,118.99,41,119.0,14:23:08.199940592
151,118.99,41,119.0,14:23:08.199940592
149,118.99,41,119.0,14:23:08.200060393
149,118.99,44,119.0,14:23:08.200060393
149,118.99,45,119.0,14:23:08.200304908
149,118.99,38,119.0,14:23:08.210137899
156,118.99,38,119.0,14:23:08.220988309
156,118.99,39,119.0,14:23:08.270985341
156,118.99,41,119.0,14:23:08.271230766
155,118.99,41,119.0,14:23:08.274569626
155,118.99,38,119.0,14:23:08.340398160
155,118.99,41,119.0,14:23:08.352941283
155,118.99,47,119.0,14:23:08.353111919
155,118.99,50,119.0,14:23:08.912954370
155,118.99,44,119.0,14:23:10.261318654
148,118.99,44,119.0,14:23:10.261965690
148,118.99,42,119.0,14:23:10.262040211
148,118.99,39,119.0,14:23:11.118114365
147,118.99,39,119.0,14:23:11.137175718
146,118.99,39,119.0,14:23:11.137175718
145,118.99,39,119.0,14:23:11.137243587
146,118.99,39,119.0,14:23:11.137355274
153,118.99,39,119.0,14:23:11.137504020
153,118.99,8,119.0,14:23:13.349445295
153,118.99,5,119.0,14:23:13.349810987
153,118.99,4,119.0,14:23:13.350060029
153,118.99,3,119.0,14:23:13.350082291
153,118.99,117,119.01,14:23:13.350082291
146,118.99,117,119.01,14:23:13.350158570
2,119.0,117,119.01,14:23:13.350407425
2,119.0,120,119.01,14:23:13.350518746
3,119.0,120,119.01,14:23:13.350683956
7,119.0,120,119.01,14:23:13.350789166
7,119.0,102,119.01,14:23:13.350898336
5,119.0,102,119.01,14:23:13.350926083
5,119.0,109,119.01,14:23:13.350926083
4,119.0,109,119.01,14:23:13.351104963
1,119.0,109,119.01,14:23:13.435459124
171,118.99,109,119.01,14:23:13.435757870
9,119.0,109,119.01,14:23:13.435757870
8,119.0,109,119.01,14:23:13.435842184
9,119.0,109,119.01,14:23:13.436166893
9,119.0,108,119.01,14:23:13.436288035
9,119.0,111,119.01,14:23:13.515792828
12,119.0,111,119.01,14:23:13.669649533
13,119.0,111,119.01,14:23:13.669716798
14,119.0,111,119.01,14:23:13.669788385
14,119.0,104,119.01,14:23:13.670639815
15,119.0,104,119.01,14:23:13.670802733
16,119.0,104,119.01,14:23:13.670958925
17,119.0,104,119.01,14:23:13.795247673
34,119.0,104,119.01,14:23:13.795525631
35,119.0,104,119.01,14:23:14.061702591
37,119.0,104,119.01,14:23:14.061886664
35,119.0,104,119.01,14:23:14.194439668
35,119.0,102,119.01,14:23:15.065993320
27,119.0,102,119.01,14:23:15.414143623
26,119.0,102,119.01,14:23:15.414272767
23,119.0,102,119.01,14:23:15.414287644
22,119.0,102,119.01,14:23:15.414287644
21,119.0,102,119.01,14:23:15.414287644
20,119.0,102,119.01,14:23:15.414287644
19,119.0,102,119.01,14:23:15.414317368
18,119.0,102,119.01,14:23:15.414317368
1,119.0,102,119.01,14:23:15.414317368
171,118.99,102,119.01,14:23:15.414317368
171,118.99,15,119.0,14:23:15.414317368
171,118.99,12,119.0,14:23:15.414588931
153,118.99,12,119.0,14:23:15.414893926
153,118.99,13,119.0,14:23:15.414893926
153,118.99,16,119.0,14:23:15.415065491
153,118.99,23,119.0,14:23:15.415345875
153,118.99,24,119.0,14:23:15.415526988
153,118.99,17,119.0,14:23:15.415619532
153,118.99,16,119.0,14:23:15.437954138
153,118.99,15,119.0,14:23:15.471624790
153,118.99,16,119.0,14:23:15.558520438
153,118.99,22,119.0,14:23:15.558772474
153,118.99,25,119.0,14:23:15.566967497
153,118.99,27,119.0,14:23:15.683579061
146,118.99,27,119.0,14:23:15.684599113
146,118.99,29,119.0,14:23:15.706547310
146,118.99,34,119.0,14:23:15.706723733
146,118.99,35,119.0,14:23:15.847755994
146,118.99,36,119.0,14:23:16.197690599
146,118.99,37,119.0,14:23:16.197944772
144,118.99,37,119.0,14:23:16.198103050
144,118.99,38,119.0,14:23:16.208254642
144,118.99,39,119.0,14:23:16.208519227
144,118.99,40,119.0,14:23:16.212867413
144,118.99,50,119.0,14:23:16.214112397
144,118.99,57,119.0,14:23:16.214175604
144,118.99,47,119.0,14:23:16.608328680
144,118.99,46,119.0,14:23:17.921619535
144,118.99,45,119.0,14:23:17.921677769
144,118.99,40,119.0,14:23:17.921742742
144,118.99,30,119.0,14:23:17.921843945
144,118.99,23,119.0,14:23:17.921915033
144,118.99,22,119.0,14:23:17.922026585
144,118.99,20,119.0,14:23:17.922124399
144,118.99,19,119.0,14:23:17.922124399
144,118.99,18,119.0,14:23:17.922138577
144,118.99,12,119.0,14:23:17.922272130
146,118.99,12,119.0,14:23:17.922419652
147,118.99,12,119.0,14:23:17.922585704
147,118.99,11,119.0,14:23:18.013141837
146,118.99,11,119.0,14:23:18.013375641
146,118.99,12,119.0,14:23:18.540707431
146,118.99,18,119.0,14:23:18.540913241
145,118.99,18,119.0,14:23:19.279310664
145,118.99,12,119.0,14:23:19.512971313
151,118.99,12,119.0,14:23:19.513207383
151,118.99,11,119.0,14:23:19.513384413
152,118.99,11,119.0,14:23:19.513446493
152,118.99,9,119.0,14:23:19.762396206
152,118.99,10,119.0,14:23:20.193131900
152,118.99,12,119.0,14:23:20.193229627
152,118.99,16,119.0,14:23:20.193386434
152,118.99,18,119.0,14:23:20.193934328
152,118.99,19,119.0,14:23:20.194008574
152,118.99,17,119.0,14:23:20.194130657
151,118.99,17,119.0,14:23:20.194877041
151,118.99,16,119.0,14:23:20.197253781
151,118.99,14,119.0,14:23:20.205942469
151,118.99,13,119.0,14:23:20.409787277
151,118.99,9,119.0,14:23:20.411334165
151,118.99,6,119.0,14:23:20.412618000
151,118.99,5,119.0,14:23:20.519739808
151,118.99,4,119.0,14:23:20.519992071
151,118.99,3,119.0,14:23:20.519992071
151,118.99,128,119.01,14:23:20.520092176
153,118.99,128,119.01,14:23:20.520106407
153,118.99,127,119.01,14:23:20.520186403
154,118.99,127,119.01,14:23:20.554124284
154,118.99,3,119.0,14:23:20.607058909
154,118.99,127,119.01,14:23:20.607340212
154,118.99,3,119.0,14:23:20.686998833
154,118.99,1,119.0,14:23:20.687213248
154,118.99,2,119.0,14:23:20.687280697
154,118.99,1,119.0,14:23:20.705041897
154,118.99,127,119.01,14:23:20.705149208
2,119.0,127,119.01,14:23:20.705149208
3,119.0,127,119.01,14:23:20.705521742
3,119.0,109,119.01,14:23:20.705521742
3,119.0,107,119.01,14:23:20.705611739
2,119.0,107,119.01,14:23:20.705704876
172,118.99,107,119.01,14:23:20.707143482
4,119.0,107,119.01,14:23:20.707330884
4,119.0,110,119.01,14:23:20.707392701
5,119.0,110,119.01,14:23:20.707544231
5,119.0,117,119.01,14:23:20.707615149
5,119.0,116,119.01,14:23:20.707690077
4,119.0,116,119.01,14:23:20.716250534
1,119.0,116,119.01,14:23:20.716514253
171,118.99,116,119.01,14:23:20.766230354
171,118.99,1,119.0,14:23:20.766230354
153,118.99,1,119.0,14:23:20.766553980
153,118.99,2,119.0,14:23:20.782233027
153,118.99,3,119.0,14:23:20.782398003
153,118.99,4,119.0,14:23:20.782678633
153,118.99,3,119.0,14:23:20.791586129
153,118.99,2,119.0,14:23:20.791817713
153,118.99,1,119.0,14:23:20.791899620
153,118.99,134,119.01,14:23:20.791915588
153,118.99,1,119.0,14:23:20.845687802
153,118.99,2,119.0,14:23:20.871216576
153,118.99,3,119.0,14:23:20.871528220
153,118.99,4,119.0,14:23:20.871987964
153,118.99,6,119.0,14:23:21.138560599
153,118.99,9,119.0,14:23:21.138634980
153,118.99,15,119.0,14:23:21.138926698
153,118.99,16,119.0,14:23:21.139273942
153,118.99,15,119.0,14:23:21.262565241
159,118.99,15,119.0,14:23:21.614610317
159,118.99,9,119.0,14:23:21.703644191
159,118.99,6,119.0,14:23:21.703808171
159,118.99,5,119.0,14:23:21.703883205
159,118.99,3,119.0,14:23:21.704061658
159,118.99,2,119.0,14:23:21.729323217
159,118.99,1,119.0,14:23:21.740345154
159,118.99,134,119.01,14:23:21.744883617
159,118.99,127,119.01,14:23:21.745058913
160,118.99,127,119.01,14:23:21.814366796
160,118.99,1,119.0,14:23:21.815790699
160,118.99,2,119.0,14:23:21.818410239
160,118.99,3,119.0,14:23:21.818624130
160,118.99,4,119.0,14:23:21.822397983
160,118.99,6,119.0,14:23:22.555564481
151,118.99,6,119.0,14:23:22.814539265
150,118.99,6,119.0,14:23:22.814539265
148,118.99,6,119.0,14:23:22.814735134
147,118.99,6,119.0,14:23:22.814749563
144,118.99,6,119.0,14:23:22.814765035
140,118.99,6,119.0,14:23:22.814781105
136,118.99,6,119.0,14:23:22.814794510
135,118.99,6,119.0,14:23:22.814809732
133,118.99,6,119.0,14:23:22.814829643
132,118.99,6,119.0,14:23:22.814843236
130,118.99,6,119.0,14:23:22.814860664
129,118.99,6,119.0,14:23:22.814860664
128,118.99,6,119.0,14:23:22.814873684
127,118.99,6,119.0,14:23:22.815091335
77,118.99,6,119.0,14:23:22.815105415
76,118.99,6,119.0,14:23:22.815119492
75,118.99,6,119.0,14:23:22.815134315
74,118.99,6,119.0,14:23:22.815134315
73,118.99,6,119.0,14:23:22.815149380
72,118.99,6,119.0,14:23:22.815162750
56,118.99,6,119.0,14:23:22.815176071
53,118.99,6,119.0,14:23:22.815191226
51,118.99,6,119.0,14:23:22.815191226
39,118.99,6,119.0,14:23:22.815191226
25,118.99,6,119.0,14:23:22.815204900
18,118.99,6,119.0,14:23:22.815219431
17,118.99,6,119.0,14:23:22.815337197
15,118.99,6,119.0,14:23:22.815352071
9,118.99,6,119.0,14:23:22.815352071
7,118.99,6,119.0,14:23:22.815366330
1,118.99,6,119.0,14:23:22.815379828
374,118.98,6,119.0,14:23:22.815399220
374,118.98,90,118.99,14:23:22.815399220
374,118.98,89,118.99,14:23:22.815890401
373,118.98,89,118.99,14:23:22.816082506
373,118.98,49,118.99,14:23:22.816268659
373,118.98,47,118.99,14:23:22.816291108
373,118.98,46,118.99,14:23:22.816311100
376,118.98,46,118.99,14:23:22.816311100
376,118.98,24,118.99,14:23:22.816311100
376,118.98,22,118.99,14:23:22.816326276
376,118.98,18,118.99,14:23:22.816878406
375,118.98,18,118.99,14:23:22.816892582
375,118.98,17,118.99,14:23:22.816907740
375,118.98,15,118.99,14:23:22.816924009
385,118.98,15,118.99,14:23:22.816924009
385,118.98,14,118.99,14:23:22.816940393
385,118.98,6,118.99,14:23:22.816988921
385,118.98,116,119.0,14:23:22.817017628
3,118.99,116,119.0,14:23:22.817498495
5,118.99,116,119.0,14:23:22.817498495
12,118.99,116,119.0,14:23:22.817513621
13,118.99,116,119.0,14:23:22.817537330
14,118.99,116,119.0,14:23:22.817537330
15,118.99,116,119.0,14:23:22.817537330
15,118.99,111,119.0,14:23:22.817537330
16,118.99,111,119.0,14:23:22.817573452
16,118.99,93,119.0,14:23:22.817573452
27,118.99,93,119.0,14:23:22.817782120
16,118.99,93,119.0,14:23:22.820304762
18,118.99,93,119.0,14:23:22.825445385
23,118.99,93,119.0,14:23:22.825520236
30,118.99,93,119.0,14:23:22.825673177
30,118.99,92,119.0,14:23:22.878006266
30,118.99,91,119.0,14:23:22.878445743
30,118.99,90,119.0,14:23:22.879110434
30,118.99,91,119.0,14:23:22.901685629
30,118.99,98,119.0,14:23:22.902049095
30,118.99,101,119.0,14:23:22.960209884
30,118.99,108,119.0,14:23:22.960517714
31,118.99,108,119.0,14:23:22.998514926
38,118.99,108,119.0,14:23:22.998680430
35,118.99,108,119.0,14:23:25.757998286
33,118.99,108,119.0,14:23:25.758154344
26,118.99,108,119.0,14:23:25.758184117
25,118.99,108,119.0,14:23:25.758184117
24,118.99,108,119.0,14:23:25.758184117
23,118.99,108,119.0,14:23:25.758184117
22,118.99,108,119.0,14:23:25.758184117
20,118.99,108,119.0,14:23:25.758184117
15,118.99,108,119.0,14:23:25.758184117
8,118.99,108,119.0,14:23:25.758184117
7,118.99,108,119.0,14:23:25.758184117
378,118.98,108,119.0,14:23:25.758201711
378,118.98,212,118.99,14:23:25.758201711
378,118.98,214,118.99,14:23:25.758685624
377,118.98,214,118.99,14:23:25.758818666
377,118.98,211,118.99,14:23:25.758848445
376,118.98,211,118.99,14:23:25.758848445
373,118.98,211,118.99,14:23:25.758848445
373,118.98,214,118.99,14:23:25.759185543
373,118.98,215,118.99,14:23:25.759565075
373,118.98,222,118.99,14:23:25.759582842
373,118.98,220,118.99,14:23:25.759753222
373,118.98,219,118.99,14:23:25.759753222
373,118.98,220,118.99,14:23:25.759885428
374,118.98,220,118.99,14:23:25.803906289
373,118.98,220,118.99,14:23:25.807652286
373,118.98,221,118.99,14:23:25.807802503
373,118.98,228,118.99,14:23:25.807963985
373,118.98,230,118.99,14:23:25.808117703
373,118.98,231,118.99,14:23:25.837052384
373,118.98,237,118.99,14:23:25.837196912
374,118.98,237,118.99,14:23:25.838018450
374,118.98,28,118.99,14:23:26.776897213
374,118.98,26,118.99,14:23:26.777168617
374,118.98,23,118.99,14:23:26.777262278
374,118.98,22,118.99,14:23:26.777276691
374,118.98,16,118.99,14:23:26.777451650
374,118.98,15,118.99,14:23:26.777451650
374,118.98,14,118.99,14:23:26.777590239
374,118.98,7,118.99,14:23:26.777621404
374,118.98,6,118.99,14:23:26.777621404
374,118.98,122,119.0,14:23:26.777621404
377,118.98,122,119.0,14:23:26.777621404
376,118.98,122,119.0,14:23:26.777621404
373,118.98,122,119.0,14:23:26.777621404
368,118.98,122,119.0,14:23:26.777693519
370,118.98,122,119.0,14:23:26.777825589
1,118.99,122,119.0,14:23:26.777915452
6,118.99,122,119.0,14:23:26.777933035
5,118.99,122,119.0,14:23:26.778216488
372,118.98,122,119.0,14:23:26.778216488
372,118.98,104,119.0,14:23:26.778216488
1,118.99,104,119.0,14:23:26.778216488
372,118.98,104,119.0,14:23:26.778311031
371,118.98,104,119.0,14:23:26.778388543
371,118.98,122,119.0,14:23:26.778527291
18,118.99,122,119.0,14:23:26.781984790
18,118.99,104,119.0,14:23:26.782158841
371,118.98,104,119.0,14:23:26.782251570
371,118.98,1,118.99,14:23:26.782513029
371,118.98,2,118.99,14:23:26.782594363
371,118.98,3,118.99,14:23:26.782849752
371,118.98,2,118.99,14:23:26.782953873
371,118.98,1,118.99,14:23:26.782970078
370,118.98,1,118.99,14:23:26.783065665
370,118.98,104,119.0,14:23:26.783317441
377,118.98,104,119.0,14:23:26.783332257
1,118.99,104,119.0,14:23:26.783438827
378,118.98,104,119.0,14:23:26.783671758
1,118.99,104,119.0,14:23:26.783868321
378,118.98,104,119.0,14:23:26.783886333
378,118.98,1,118.99,14:23:26.783886333
378,118.98,2,118.99,14:23:26.784180765
378,118.98,1,118.99,14:23:26.784195917
377,118.98,1,118.99,14:23:26.784195917
377,118.98,104,119.0,14:23:26.784290087
2,118.99,104,119.0,14:23:26.784610752
4,118.99,104,119.0,14:23:26.784627353
2,118.99,104,119.0,14:23:26.784779289
378,118.98,104,119.0,14:23:26.784880352
5,118.99,104,119.0,14:23:26.784880352
378,118.98,104,119.0,14:23:26.785112627
378,118.98,2,118.99,14:23:26.785112627
378,118.98,1,118.99,14:23:26.785203197
378,118.98,2,118.99,14:23:26.785401407
377,118.98,2,118.99,14:23:26.785401407
377,118.98,1,118.99,14:23:26.785496012
377,118.98,104,119.0,14:23:26.785602111
2,118.99,104,119.0,14:23:26.785694632
377,118.98,104,119.0,14:23:26.785937909
377,118.98,1,118.99,14:23:26.786146831
378,118.98,1,118.99,14:23:26.786218526
378,118.98,2,118.99,14:23:26.786387592
377,118.98,2,118.99,14:23:26.786464376
377,118.98,1,118.99,14:23:26.786620440
377,118.98,104,119.0,14:23:26.786833579
378,118.98,104,119.0,14:23:26.787081114
377,118.98,104,119.0,14:23:26.800870602
376,118.98,104,119.0,14:23:26.827049205
376,118.98,107,119.0,14:23:26.853784607
376,118.98,114,119.0,14:23:26.853936079
377,118.98,114,119.0,14:23:26.878758014
376,118.98,114,119.0,14:23:28.230380846
369,118.98,114,119.0,14:23:28.287411331
367,118.98,114,119.0,14:23:28.287475603
366,118.98,114,119.0,14:23:29.386247096
2,118.99,114,119.0,14:23:31.329810134
2,118.99,107,119.0,14:23:31.330071336
3,118.99,107,119.0,14:23:31.364966933
3,118.99,100,119.0,14:23:31.631957992
2,118.99,100,119.0,14:23:33.865818872
1,118.99,100,119.0,14:23:33.865963487
366,118.98,100,119.0,14:23:33.866105999
366,118.98,106,119.0,14:23:33.866172712
366,118.98,124,119.0,14:23:33.866253423
18,118.99,124,119.0,14:23:33.868807283
18,118.99,106,119.0,14:23:33.868980473
19,118.99,106,119.0,14:23:33.869063094
19,118.99,105,119.0,14:23:34.766788797
19,118.99,103,119.0,14:23:34.766878099
19,118.99,100,119.0,14:23:34.766892271
19,118.99,99,119.0,14:23:34.766892271
19,118.99,96,119.0,14:23:34.766892271
21,118.99,96,119.0,14:23:34.767222793
24,118.99,96,119.0,14:23:34.767222793
27,118.99,96,119.0,14:23:34.767236240
27,118.99,99,119.0,14:23:34.767340099
36,118.99,99,119.0,14:23:34.767360662
36,118.99,101,119.0,14:23:34.767360662
50,118.99,101,119.0,14:23:34.767360662
51,118.99,101,119.0,14:23:34.767360662
54,118.99,101,119.0,14:23:34.767360662
54,118.99,102,119.0,14:23:34.767360662
54,118.99,103,119.0,14:23:34.767360662
65,118.99,103,119.0,14:23:34.767360662
65,118.99,104,119.0,14:23:34.767446249
69,118.99,104,119.0,14:23:34.767464015
72,118.99,104,119.0,14:23:34.767464015
76,118.99,104,119.0,14:23:34.767464015
67,118.99,104,119.0,14:23:34.767540022
67,118.99,98,119.0,14:23:34.767632399
67,118.99,105,119.0,14:23:34.767632399
63,118.99,105,119.0,14:23:34.767698905
60,118.99,105,119.0,14:23:34.767782152
49,118.99,105,119.0,14:23:34.780662066
46,118.99,105,119.0,14:23:34.780727586
42,118.99,105,119.0,14:23:34.784840594
28,118.99,105,119.0,14:23:34.784906188
25,118.99,105,119.0,14:23:34.785170706
23,118.99,105,119.0,14:23:34.785170706
25,118.99,105,119.0,14:23:35.788623582
23,118.99,105,119.0,14:23:35.810100891
25,118.99,105,119.0,14:23:36.056750629
25,118.99,98,119.0,14:23:36.057780325
28,118.99,98,119.0,14:23:36.772295283
40,118.99,98,119.0,14:23:36.772295283
40,118.99,94,119.0,14:23:36.772364380
44,118.99,94,119.0,14:23:36.772364380
46,118.99,94,119.0,14:23:36.772364380
49,118.99,94,119.0,14:23:36.772464438
64,118.99,94,119.0,14:23:36.772538188
66,118.99,94,119.0,14:23:36.772608809
64,118.99,94,119.0,14:23:36.772801457
62,118.99,94,119.0,14:23:36.772945237
59,118.99,94,119.0,14:23:36.773327445
68,118.99,94,119.0,14:23:36.777280402
64,118.99,94,119.0,14:23:36.779227917
55,118.99,94,119.0,14:23:36.779776899
71,118.99,94,119.0,14:23:36.786166811
75,118.99,94,119.0,14:23:36.786237889
76,118.99,94,119.0,14:23:36.846369830
76,118.99,93,119.0,14:23:36.984308926
76,118.99,94,119.0,14:23:36.992463160
60,118.99,94,119.0,14:23:36.992677480
56,118.99,94,119.0,14:23:36.992753195
56,118.99,96,119.0,14:23:36.992753195
56,118.99,95,119.0,14:23:37.287244246
65,118.99,95,119.0,14:23:37.289556695
67,118.99,95,119.0,14:23:37.289734225
67,118.99,92,119.0,14:23:37.289874711
67,118.99,90,119.0,14:23:37.295842015
67,118.99,83,119.0,14:23:37.298839975
68,118.99,83,119.0,14:23:37.298902898
70,118.99,83,119.0,14:23:37.299020070
70,118.99,79,119.0,14:23:37.299141952
70,118.99,69,119.0,14:23:37.299218048
70,118.99,72,119.0,14:23:37.300103292
69,118.99,72,119.0,14:23:37.300321141
69,118.99,76,119.0,14:23:37.300381961
69,118.99,77,119.0,14:23:37.300619889
69,118.99,76,119.0,14:23:37.333233428
67,118.99,76,119.0,14:23:37.428715230
67,118.99,77,119.0,14:23:37.428893413
58,118.99,77,119.0,14:23:37.428957275
58,118.99,82,119.0,14:23:37.429055331
67,118.99,82,119.0,14:23:37.858111205
67,118.99,81,119.0,14:23:37.858254037
68,118.99,81,119.0,14:23:37.858401368
69,118.99,81,119.0,14:23:37.858559781
68,118.99,81,119.0,14:23:37.926851459
59,118.99,81,119.0,14:23:37.927030003
59,118.99,82,119.0,14:23:37.927103059
59,118.99,81,119.0,14:23:38.102212928
60,118.99,81,119.0,14:23:38.102342183
61,118.99,81,119.0,14:23:38.102508586
61,118.99,76,119.0,14:23:38.111585222
61,118.99,72,119.0,14:23:38.111646128
61,118.99,73,119.0,14:23:38.111795932
70,118.99,73,119.0,14:23:38.111856726
70,118.99,75,119.0,14:23:38.111961833
71,118.99,75,119.0,14:23:38.112026201
70,118.99,75,119.0,14:23:38.342674571
61,118.99,75,119.0,14:23:38.342828357
60,118.99,75,119.0,14:23:38.343024712
59,118.99,75,119.0,14:23:38.356737508
60,118.99,75,119.0,14:23:38.418759619
59,118.99,75,119.0,14:23:38.427880637
57,118.99,75,119.0,14:23:39.649436351
58,118.99,75,119.0,14:23:39.664005642
61,118.99,75,119.0,14:23:39.664188585
61,118.99,74,119.0,14:23:39.664544570
63,118.99,74,119.0,14:23:39.907334503
63,118.99,72,119.0,14:23:39.929463813
63,118.99,73,119.0,14:23:39.929626107
63,118.99,79,119.0,14:23:39.929790133
62,118.99,79,119.0,14:23:39.929940488
62,118.99,73,119.0,14:23:40.971395546
59,118.99,73,119.0,14:23:41.275610727
60,118.99,73,119.0,14:23:43.450504169
69,118.99,73,119.0,14:23:43.450676715
70,118.99,73,119.0,14:23:43.450745990
73,118.99,73,119.0,14:23:43.450810198
73,118.99,72,119.0,14:23:43.450882303
73,118.99,69,119.0,14:23:43.450950345
73,118.99,70,119.0,14:23:43.451573660
73,118.99,71,119.0,14:23:43.451742578
73,118.99,74,119.0,14:23:43.451805967
73,118.99,75,119.0,14:23:43.451972514
72,118.99,75,119.0,14:23:43.451972514
72,118.99,76,119.0,14:23:43.452095627
72,118.99,75,119.0,14:23:43.453211276
72,118.99,74,119.0,14:23:43.454545139
73,118.99,74,119.0,14:23:43.454656323
73,118.99,72,119.0,14:23:43.454920683
73,118.99,73,119.0,14:23:43.455109279
73,118.99,75,119.0,14:23:43.455180841
73,118.99,74,119.0,14:23:43.455322693
73,118.99,72,119.0,14:23:43.455428213
73,118.99,75,119.0,14:23:43.455748427
72,118.99,75,119.0,14:23:43.455748427
63,118.99,75,119.0,14:23:43.455792929
63,118.99,76,119.0,14:23:43.455864657
64,118.99,76,119.0,14:23:43.456108498
66,118.99,76,119.0,14:23:43.456249064
66,118.99,75,119.0,14:23:43.456346561
66,118.99,72,119.0,14:23:43.456994884
66,118.99,73,119.0,14:23:43.457154494
66,118.99,76,119.0,14:23:43.457220756
66,118.99,73,119.0,14:23:43.457287188
66,118.99,74,119.0,14:23:43.457349658
65,118.99,74,119.0,14:23:43.458085395
64,118.99,74,119.0,14:23:43.459746495
63,118.99,74,119.0,14:23:43.459992619
61,118.99,74,119.0,14:23:43.460725281
62,118.99,74,119.0,14:23:43.463716175
61,118.99,74,119.0,14:23:43.468342260
58,118.99,74,119.0,14:23:43.475529672
56,118.99,74,119.0,14:23:43.583532359
57,118.99,74,119.0,14:23:44.999252538
56,118.99,74,119.0,14:23:45.000030375
53,118.99,74,119.0,14:23:45.933290580
53,118.99,78,119.0,14:23:45.935529266
56,118.99,78,119.0,14:23:45.935721103
56,118.99,85,119.0,14:23:45.935781228
53,118.99,85,119.0,14:23:45.937804039
56,118.99,85,119.0,14:23:45.937991274
58,118.99,85,119.0,14:23:45.938207507
58,118.99,78,119.0,14:23:47.331408622
58,118.99,77,119.0,14:23:48.006693726
59,118.99,77,119.0,14:23:48.401992741
63,118.99,77,119.0,14:23:48.402200902
63,118.99,73,119.0,14:23:48.408548253
59,118.99,73,119.0,14:23:48.408705620
58,118.99,73,119.0,14:23:48.853847104
56,118.99,73,119.0,14:23:51.156610246
56,118.99,74,119.0,14:23:51.956124635
56,118.99,81,119.0,14:23:51.956343964
57,118.99,81,119.0,14:24:00.081890141
59,118.99,81,119.0,14:24:00.082108746
59,118.99,74,119.0,14:24:00.182398479
57,118.99,74,119.0,14:24:00.556517163
58,118.99,74,119.0,14:24:01.209036803
59,118.99,74,119.0,14:24:01.209237737
59,118.99,78,119.0,14:24:01.263447261
59,118.99,85,119.0,14:24:01.263607034
60,118.99,85,119.0,14:24:01.278924672
61,118.99,85,119.0,14:24:01.279101181
61,118.99,81,119.0,14:24:01.806649583
61,118.99,82,119.0,14:24:01.899989163
61,118.99,83,119.0,14:24:01.900161530
63,118.99,83,119.0,14:24:02.245604691
64,118.99,83,119.0,14:24:02.253105185
64,118.99,82,119.0,14:24:02.253783198
64,118.99,75,119.0,14:24:02.253850062
63,118.99,75,119.0,14:24:02.255800786
64,118.99,75,119.0,14:24:03.145978650
67,118.99,75,119.0,14:24:03.146190954
69,118.99,75,119.0,14:24:03.442647653
70,118.99,75,119.0,14:24:03.635375368
70,118.99,74,119.0,14:24:03.693089295
70,118.99,75,119.0,14:24:03.709182626
70,118.99,78,119.0,14:24:03.709359262
67,118.99,78,119.0,14:24:03.710213959
67,118.99,75,119.0,14:24:08.118458580
65,118.99,75,119.0,14:24:08.688914557
62,118.99,75,119.0,14:24:09.022352852
61,118.99,75,119.0,14:24:09.023366403
43,118.99,75,119.0,14:24:14.033749747
42,118.99,75,119.0,14:24:14.033749747
39,118.99,75,119.0,14:24:14.033927280
38,118.99,75,119.0,14:24:14.033944851
36,118.99,75,119.0,14:24:14.033944851
24,118.99,75,119.0,14:24:14.033944851
9,118.99,75,119.0,14:24:14.033985622
8,118.99,75,119.0,14:24:14.033985622
7,118.99,75,119.0,14:24:14.033985622
6,118.99,75,119.0,14:24:14.033985622
5,118.99,75,119.0,14:24:14.033985622
4,118.99,75,119.0,14:24:14.033985622
3,118.99,75,119.0,14:24:14.033985622
1,118.99,75,119.0,14:24:14.033985622
370,118.98,75,119.0,14:24:14.033985622
370,118.98,39,118.99,14:24:14.033985622
369,118.98,39,118.99,14:24:14.034647398
368,118.98,39,118.99,14:24:14.034647398
371,118.98,39,118.99,14:24:14.034675792
371,118.98,42,118.99,14:24:14.034675792
371,118.98,43,118.99,14:24:14.034675792
371,118.98,40,118.99,14:24:14.035137913
371,118.98,29,118.99,14:24:14.038194381
371,118.98,1,118.99,14:24:14.038446812
371,118.98,113,119.0,14:24:14.038446812
18,118.99,113,119.0,14:24:14.040652384
19,118.99,113,119.0,14:24:14.041003412
22,118.99,113,119.0,14:24:14.041003412
22,118.99,95,119.0,14:24:14.041003412
23,118.99,95,119.0,14:24:14.115886643
30,118.99,95,119.0,14:24:14.116096090
30,118.99,92,119.0,14:24:14.118483697
30,118.99,91,119.0,14:24:14.143694127
29,118.99,91,119.0,14:24:14.143694127
29,118.99,98,119.0,14:24:14.144057574
29,118.99,101,119.0,14:24:14.199276498
29,118.99,108,119.0,14:24:14.199432997
29,118.99,109,119.0,14:24:14.572964510
22,118.99,109,119.0,14:24:14.593038914
5,118.99,109,119.0,14:24:14.594728564
2,118.99,109,119.0,14:24:14.595091919
4,118.99,109,119.0,14:24:14.595278217
8,118.99,109,119.0,14:24:14.595379938
7,118.99,109,119.0,14:24:15.116250240
3,118.99,109,119.0,14:24:15.305967412
2,118.99,109,119.0,14:24:16.150088403
372,118.98,109,119.0,14:24:16.150171628
372,118.98,97,118.99,14:24:16.150171628
372,118.98,100,118.99,14:24:16.150490876
369,118.98,100,118.99,14:24:16.150490876
368,118.98,100,118.99,14:24:16.150585337
368,118.98,101,118.99,14:24:16.150585337
368,118.98,102,118.99,14:24:16.150764050
368,118.98,103,118.99,14:24:16.150882914
368,118.98,102,118.99,14:24:16.176042931
372,118.98,102,118.99,14:24:16.176295869
372,118.98,101,118.99,14:24:16.176450355
372,118.98,6,118.99,14:24:16.176810809
372,118.98,3,118.99,14:24:16.176810809
372,118.98,2,118.99,14:24:16.176826979
372,118.98,1,118.99,14:24:16.176826979
372,118.98,127,119.0,14:24:16.176826979
25,118.99,127,119.0,14:24:16.177189395
22,118.99,127,119.0,14:24:16.177189395
25,118.99,127,119.0,14:24:16.177473507
26,118.99,127,119.0,14:24:16.177473507
26,118.99,109,119.0,14:24:16.177473507
25,118.99,109,119.0,14:24:16.177907618
3,118.99,109,119.0,14:24:16.178007081
374,118.98,109,119.0,14:24:16.178233372
373,118.98,109,119.0,14:24:16.178606357
373,118.98,127,119.0,14:24:16.178606357
373,118.98,124,119.0,14:24:16.215734781
373,118.98,127,119.0,14:24:16.295228559
369,118.98,127,119.0,14:24:16.953909083
368,118.98,127,119.0,14:24:17.146516408
368,118.98,126,119.0,14:24:19.072351507
1,118.99,126,119.0,14:24:19.072626208
1,118.99,127,119.0,14:24:19.072711324
1,118.99,109,119.0,14:24:19.072930252
2,118.99,109,119.0,14:24:19.072930252
5,118.99,109,119.0,14:24:19.073041001
4,118.99,109,119.0,14:24:19.073225142
5,118.99,109,119.0,14:24:19.231570167
5,118.99,209,119.0,14:24:19.815915158
2,118.99,209,119.0,14:24:19.816188421
1,118.99,209,119.0,14:24:19.816284380
369,118.98,209,119.0,14:24:19.816299493
369,118.98,1,118.99,14:24:19.816409512
369,118.98,4,118.99,14:24:19.816409512
369,118.98,13,118.99,14:24:19.816426930
368,118.98,13,118.99,14:24:19.816810799
368,118.98,18,118.99,14:24:19.816810799
368,118.98,31,118.99,14:24:19.816833022
368,118.98,34,118.99,14:24:19.816833022
368,118.98,35,118.99,14:24:19.816833022
368,118.98,36,118.99,14:24:19.817075070
368,118.98,37,118.99,14:24:19.817315611
368,118.98,36,118.99,14:24:19.840910225
368,118.98,23,118.99,14:24:19.841124650
368,118.98,20,118.99,14:24:19.841195537
364,118.98,20,118.99,14:24:19.841256087
364,118.98,19,118.99,14:24:19.841350289
364,118.98,18,118.99,14:24:19.841350289
364,118.98,21,118.99,14:24:19.841615725
364,118.98,27,118.99,14:24:19.841872100
364,118.98,28,118.99,14:24:19.855274161
364,118.98,29,118.99,14:24:19.855711793
364,118.98,30,118.99,14:24:19.855900085
364,118.98,31,118.99,14:24:19.855989524
364,118.98,30,118.99,14:24:19.890749000
364,118.98,29,118.99,14:24:19.890884978
364,118.98,28,118.99,14:24:19.891177547
364,118.98,30,118.99,14:24:20.034450050
364,118.98,37,118.99,14:24:20.034656511
364,118.98,38,118.99,14:24:20.039983463
364,118.98,39,118.99,14:24:20.098367768
363,118.98,39,118.99,14:24:21.031613946
363,118.98,56,118.99,14:24:21.031826685
363,118.98,57,118.99,14:24:21.031892516
363,118.98,70,118.99,14:24:21.032114170
361,118.98,70,118.99,14:24:21.032202253
361,118.98,71,118.99,14:24:21.032202253
361,118.98,70,118.99,14:24:21.032396173
361,118.98,57,118.99,14:24:21.033052924
361,118.98,58,118.99,14:24:21.033198451
361,118.98,57,118.99,14:24:21.135082814
360,118.98,57,118.99,14:24:22.308827478
360,118.98,58,118.99,14:24:23.683602610
360,118.98,56,118.99,14:24:26.362833780
360,118.98,55,118.99,14:24:26.363206739
360,118.98,54,118.99,14:24:26.363310631
360,118.98,37,118.99,14:24:26.364252966
360,118.98,36,118.99,14:24:26.364397820
360,118.98,29,118.99,14:24:26.364463142
360,118.98,30,118.99,14:24:26.370779556
360,118.98,34,118.99,14:24:26.370961651
360,118.98,35,118.99,14:24:26.371120323
360,118.98,38,118.99,14:24:26.480663826
360,118.98,39,118.99,14:24:26.481108568
360,118.98,49,118.99,14:24:26.568730502
360,118.98,57,118.99,14:24:26.568826291
361,118.98,57,118.99,14:24:26.971335219
359,118.98,57,118.99,14:24:30.149431130
358,118.98,57,118.99,14:24:31.065758350
358,118.98,58,118.99,14:24:32.525598837
358,118.98,57,118.99,14:24:32.525752258
358,118.98,58,118.99,14:24:34.794318343
358,118.98,68,118.99,14:24:34.794383092
358,118.98,72,118.99,14:24:34.794449399
358,118.98,71,118.99,14:24:35.235151000
358,118.98,72,118.99,14:24:39.203262521
358,118.98,73,118.99,14:24:40.753103344
358,118.98,75,118.99,14:24:40.753246152
358,118.98,77,118.99,14:24:40.753316232
358,118.98,76,118.99,14:24:40.753397844
358,118.98,96,118.99,14:24:40.755401177
358,118.98,76,118.99,14:24:43.566419059
364,118.98,76,118.99,14:24:48.702618597
364,118.98,66,118.99,14:24:48.702696830
364,118.98,62,118.99,14:24:48.702696830
364,118.98,70,118.99,14:24:53.013291658
364,118.98,76,118.99,14:24:53.013357517
364,118.98,77,118.99,14:24:53.130518080
364,118.98,76,118.99,14:24:53.130673962
364,118.98,77,118.99,14:24:53.134711122
364,118.98,76,118.99,14:24:53.134854013
364,118.98,68,118.99,14:24:53.152298478
364,118.98,62,118.99,14:24:53.152361707
364,118.98,59,118.99,14:24:55.775136784
364,118.98,58,118.99,14:24:55.775193491
364,118.98,48,118.99,14:24:55.775986828
364,118.98,47,118.99,14:24:55.776065584
364,118.98,39,118.99,14:24:55.776065584
364,118.98,37,118.99,14:24:55.776211535
364,118.98,36,118.99,14:24:55.776286118
364,118.98,34,118.99,14:24:55.776361142
364,118.98,35,118.99,14:24:56.163551930
364,118.98,34,118.99,14:24:56.336479159
364,118.98,35,118.99,14:24:56.432181169
364,118.98,36,118.99,14:24:56.657413633
364,118.98,37,118.99,14:24:56.657516571
364,118.98,41,118.99,14:24:56.657584693
364,118.98,53,118.99,14:24:56.657707160
364,118.98,59,118.99,14:24:56.657813233
364,118.98,60,118.99,14:24:56.673056625
364,118.98,62,118.99,14:24:56.673197527
364,118.98,64,118.99,14:24:56.673367953
364,118.98,64,118.99,14:24:56.673367953
364,118.98,63,118.99,14:25:00.229446279
367,118.98,63,118.99,14:25:00.295656394
367,118.98,62,118.99,14:25:02.118464566
367,118.98,63,118.99,14:25:02.125603146
367,118.98,62,118.99,14:25:03.510631288
369,118.98,62,118.99,14:25:04.806090825
369,118.98,61,118.99,14:25:06.607051401
369,118.98,62,118.99,14:25:06.627391065
369,118.98,61,118.99,14:25:07.327351389
370,118.98,61,118.99,14:25:07.331718803
370,118.98,60,118.99,14:25:07.332103795
370,118.98,58,118.99,14:25:07.332469554
370,118.98,46,118.99,14:25:07.334469143
370,118.98,40,118.99,14:25:07.334537082
371,118.98,40,118.99,14:25:07.334714839
371,118.98,39,118.99,14:25:07.334714839
371,118.98,38,118.99,14:25:07.334797316
371,118.98,36,118.99,14:25:07.334906807
371,118.98,32,118.99,14:25:07.335339366
371,118.98,31,118.99,14:25:07.335686435
371,118.98,32,118.99,14:25:07.471369550
371,118.98,31,118.99,14:25:07.501750455
371,118.98,30,118.99,14:25:07.501887313
371,118.98,26,118.99,14:25:07.501996806
371,118.98,25,118.99,14:25:07.502103702
371,118.98,22,118.99,14:25:07.534031513
371,118.98,18,118.99,14:25:07.534166489
373,118.98,18,118.99,14:25:07.534229638
373,118.98,12,118.99,14:25:07.534381196
373,118.98,11,118.99,14:25:07.534446902
373,118.98,8,118.99,14:25:07.534554703
372,118.98,8,118.99,14:25:07.543504859
372,118.98,7,118.99,14:25:07.565597633
372,118.98,11,118.99,14:25:07.565777941
379,118.98,11,118.99,14:25:07.565839285
379,118.98,12,118.99,14:25:07.565948308
379,118.98,18,118.99,14:25:07.566012171
379,118.98,19,118.99,14:25:07.566124888
379,118.98,20,118.99,14:25:07.566281364
379,118.98,19,118.99,14:25:07.587429493
379,118.98,18,118.99,14:25:07.587653141
372,118.98,18,118.99,14:25:07.587727477
372,118.98,12,118.99,14:25:07.587802978
372,118.98,11,118.99,14:25:07.587885624
372,118.98,12,118.99,14:25:07.587885624
372,118.98,18,118.99,14:25:07.588047067
372,118.98,19,118.99,14:25:07.588258484
372,118.98,20,118.99,14:25:07.599864392
372,118.98,19,118.99,14:25:07.609073165
372,118.98,18,118.99,14:25:07.609241664
377,118.98,18,118.99,14:25:07.609334826
377,118.98,17,118.99,14:25:07.609458703
377,118.98,16,118.99,14:25:07.609597231
377,118.98,17,118.99,14:25:07.936274141
377,118.98,18,118.99,14:25:07.936427305
377,118.98,19,118.99,14:25:07.936587846
377,118.98,20,118.99,14:25:07.971961800
377,118.98,23,118.99,14:25:08.127099686
377,118.98,24,118.99,14:25:08.127171027
377,118.98,25,118.99,14:25:08.127171027
377,118.98,26,118.99,14:25:08.127235427
377,118.98,27,118.99,14:25:08.127336582
377,118.98,43,118.99,14:25:08.127502292
372,118.98,43,118.99,14:25:08.127698409
370,118.98,43,118.99,14:25:08.127754450
370,118.98,42,118.99,14:25:12.063479675
371,118.98,42,118.99,14:25:12.215906396
373,118.98,42,118.99,14:25:12.216120044
373,118.98,43,118.99,14:25:13.113660589
373,118.98,45,118.99,14:25:13.113858099
373,118.98,46,118.99,14:25:13.114031228
373,118.98,47,118.99,14:25:13.114155776
371,118.98,47,118.99,14:25:13.114580639
370,118.98,47,118.99,14:25:14.583514610
370,118.98,46,118.99,14:25:14.585783561
370,118.98,45,118.99,14:25:14.696396469
370,118.98,44,118.99,14:25:14.704843236
370,118.98,45,118.99,14:25:15.010738038
370,118.98,49,118.99,14:25:15.010927901
370,118.98,50,118.99,14:25:15.074844710
371,118.98,50,118.99,14:25:15.159956704
371,118.98,46,118.99,14:25:15.463835341
371,118.98,45,118.99,14:25:17.911913996
371,118.98,44,118.99,14:25:18.909875043
371,118.98,43,118.99,14:25:21.541012018
371,118.98,44,118.99,14:25:21.969183980
371,118.98,45,118.99,14:25:21.969437682
371,118.98,52,118.99,14:25:21.969491928
371,118.98,51,118.99,14:25:21.971609219
371,118.98,52,118.99,14:25:21.972353334
371,118.98,66,118.99,14:25:21.972539734
371,118.98,89,118.99,14:25:21.972681737
370,118.98,89,118.99,14:25:21.972842988
370,118.98,66,118.99,14:25:21.974711729
370,118.98,65,118.99,14:25:21.975569440
370,118.98,66,118.99,14:25:21.976487218
370,118.98,73,118.99,14:25:21.976663023
370,118.98,72,118.99,14:25:21.976770236
370,118.98,73,118.99,14:25:21.977280395
370,118.98,72,118.99,14:25:21.977434728
370,118.98,58,118.99,14:25:21.985853191
370,118.98,57,118.99,14:25:22.076262344
370,118.98,50,118.99,14:25:22.683832346
370,118.98,43,118.99,14:25:22.875567999
370,118.98,44,118.99,14:25:23.124659033
370,118.98,51,118.99,14:25:23.124869299
370,118.98,52,118.99,14:25:24.046897311
370,118.98,59,118.99,14:25:24.047266197
370,118.98,58,118.99,14:25:24.671758609
370,118.98,51,118.99,14:25:24.974043964
370,118.98,44,118.99,14:25:25.381708077
370,118.98,45,118.99,14:25:25.941136050
370,118.98,48,118.99,14:25:25.941333909
370,118.98,49,118.99,14:25:26.187373977
370,118.98,48,118.99,14:25:26.187559678
370,118.98,53,118.99,14:25:26.187621173
370,118.98,63,118.99,14:25:27.281003772
370,118.98,67,118.99,14:25:27.281109766
370,118.98,68,118.99,14:25:27.281212700
370,118.98,70,118.99,14:25:27.281369990
370,118.98,85,118.99,14:25:27.281445793
370,118.98,93,118.99,14:25:27.281516741
448,118.98,93,118.99,14:25:27.451058745
448,118.98,92,118.99,14:25:27.451339360
448,118.98,77,118.99,14:25:27.451339360
448,118.98,69,118.99,14:25:27.451402935
448,118.98,68,118.99,14:25:27.451477431
450,118.98,68,118.99,14:25:27.451543360
450,118.98,67,118.99,14:25:27.451613888
450,118.98,57,118.99,14:25:27.451722925
450,118.98,53,118.99,14:25:27.451792777
450,118.98,54,118.99,14:25:27.743615049
450,118.98,53,118.99,14:25:27.747116807
450,118.98,54,118.99,14:25:29.137385638
450,118.98,53,118.99,14:25:29.151251168
450,118.98,54,118.99,14:25:30.016247063
450,118.98,53,118.99,14:25:30.016427956
450,118.98,54,118.99,14:25:30.016492193
450,118.98,53,118.99,14:25:30.016603924
450,118.98,52,118.99,14:25:30.074369922
450,118.98,50,118.99,14:25:30.074452355
450,118.98,49,118.99,14:25:30.127920931
450,118.98,44,118.99,14:25:30.156287109
450,118.98,43,118.99,14:25:30.213435473
450,118.98,27,118.99,14:25:30.213610302
450,118.98,26,118.99,14:25:30.213697005
450,118.98,25,118.99,14:25:30.213849700
450,118.98,22,118.99,14:25:30.213936100
450,118.98,20,118.99,14:25:30.214050157
450,118.98,19,118.99,14:25:30.239167890
451,118.98,19,118.99,14:25:30.239336882
451,118.98,20,118.99,14:25:30.239419723
441,118.98,20,118.99,14:25:30.239572129
441,118.98,27,118.99,14:25:30.239730061
441,118.98,26,118.99,14:25:30.262931860
441,118.98,25,118.99,14:25:30.263016340
441,118.98,21,118.99,14:25:30.263035174
441,118.98,17,118.99,14:25:30.263035174
436,118.98,17,118.99,14:25:30.263097381
436,118.98,16,118.99,14:25:30.263180935
440,118.98,16,118.99,14:25:30.263243905
440,118.98,15,118.99,14:25:30.263328167
440,118.98,14,118.99,14:25:30.263328167
440,118.98,15,118.99,14:25:30.264552784
440,118.98,16,118.99,14:25:30.268562112
445,118.98,16,118.99,14:25:30.288694530
452,118.98,16,118.99,14:25:30.288848210
451,118.98,16,118.99,14:25:30.295482696
446,118.98,16,118.99,14:25:30.311699086
446,118.98,15,118.99,14:25:30.318532152
446,118.98,14,118.99,14:25:30.318679330
448,118.98,14,118.99,14:25:30.318743682
441,118.98,14,118.99,14:25:30.318806869
441,118.98,13,118.99,14:25:30.334961649
441,118.98,12,118.99,14:25:30.334977834
441,118.98,9,118.99,14:25:30.334977834
441,118.98,8,118.99,14:25:30.335074801
448,118.98,8,118.99,14:25:30.335228235
448,118.98,1,118.99,14:25:30.335228235
448,118.98,232,119.0,14:25:30.359749449
447,118.98,232,119.0,14:25:30.390533951
448,118.98,232,119.0,14:25:30.417203205
452,118.98,232,119.0,14:25:30.417367556
452,118.98,235,119.0,14:25:30.449490884
452,118.98,4,118.99,14:25:31.446693134
452,118.98,6,118.99,14:25:31.446755915
452,118.98,10,118.99,14:25:31.446991422
451,118.98,10,118.99,14:25:31.447078983
451,118.98,11,118.99,14:25:31.447176888
451,118.98,18,118.99,14:25:31.447288033
451,118.98,16,118.99,14:25:31.447288033
451,118.98,19,118.99,14:25:31.450104351
447,118.98,19,118.99,14:25:31.450175326
443,118.98,19,118.99,14:25:31.466437792
443,118.98,21,118.99,14:25:31.473638631
443,118.98,17,118.99,14:25:31.489735057
441,118.98,17,118.99,14:25:31.489866925
441,118.98,14,118.99,14:25:31.489939351
441,118.98,12,118.99,14:25:31.490021110
448,118.98,12,118.99,14:25:31.490079062
450,118.98,12,118.99,14:25:31.514313180
448,118.98,12,118.99,14:25:31.537431839
447,118.98,12,118.99,14:25:31.541164243
447,118.98,10,118.99,14:25:31.560591558
447,118.98,11,118.99,14:25:31.560740876
447,118.98,12,118.99,14:25:31.561255096
447,118.98,11,118.99,14:25:31.567519955
440,118.98,11,118.99,14:25:31.567755759
440,118.98,12,118.99,14:25:31.567863368
434,118.98,12,118.99,14:25:31.588923860
434,118.98,11,118.99,14:25:31.611957795
434,118.98,10,118.99,14:25:31.612043991
434,118.98,6,118.99,14:25:31.612059534
434,118.98,7,118.99,14:25:31.612289908
441,118.98,7,118.99,14:25:31.612289908
441,118.98,19,118.99,14:25:31.612547155
441,118.98,20,118.99,14:25:31.612638896
434,118.98,20,118.99,14:25:31.884129890
427,118.98,20,118.99,14:25:31.884191666
427,118.98,35,118.99,14:25:31.884296725
427,118.98,42,118.99,14:25:31.884456187
425,118.98,42,118.99,14:25:31.884960987
425,118.98,44,118.99,14:25:32.828592298
425,118.98,48,118.99,14:25:32.832713312
425,118.98,49,118.99,14:25:32.833349536
425,118.98,52,118.99,14:25:32.833527411
425,118.98,53,118.99,14:25:32.833590998
425,118.98,54,118.99,14:25:32.833653117
425,118.98,55,118.99,14:25:32.833756233
421,118.98,55,118.99,14:25:32.833816256
421,118.98,56,118.99,14:25:32.833914816
421,118.98,58,118.99,14:25:32.834061251
421,118.98,59,118.99,14:25:32.873860904
421,118.98,58,118.99,14:25:32.874080833
421,118.98,61,118.99,14:25:32.874080833
421,118.98,62,118.99,14:25:32.874190251
421,118.98,74,118.99,14:25:37.234484906
421,118.98,75,118.99,14:25:37.234781597
421,118.98,74,118.99,14:25:37.234893059
421,118.98,71,118.99,14:25:38.083126076
421,118.98,70,118.99,14:25:39.135641966
421,118.98,71,118.99,14:25:39.315725651
421,118.98,74,118.99,14:25:39.315929565
420,118.98,74,118.99,14:25:39.316084453
420,118.98,73,118.99,14:25:39.960304469
420,118.98,70,118.99,14:25:39.961346334
413,118.98,70,118.99,14:25:40.360427037
413,118.98,71,118.99,14:25:40.360610049
413,118.98,70,118.99,14:25:43.184198875
413,118.98,71,118.99,14:25:45.011295697
413,118.98,94,118.99,14:25:45.011460026
413,118.98,101,118.99,14:25:45.011557620
411,118.98,101,118.99,14:25:45.011622647
411,118.98,102,118.99,14:25:45.923960718
411,118.98,105,118.99,14:25:45.924165173
411,118.98,107,118.99,14:25:45.924336923
411,118.98,106,118.99,14:25:46.680380533
411,118.98,103,118.99,14:25:46.680644701
411,118.98,101,118.99,14:25:47.075873799
411,118.98,89,118.99,14:25:47.076028109
411,118.98,90,118.99,14:25:48.532679922
411,118.98,91,118.99,14:25:48.532870557
411,118.98,99,118.99,14:25:48.534377780
411,118.98,105,118.99,14:25:48.534476048
411,118.98,104,118.99,14:25:51.250045046
411,118.98,103,118.99,14:25:51.250061538
411,118.98,102,118.99,14:25:51.250061538
411,118.98,101,118.99,14:25:51.250061538
411,118.98,89,118.99,14:25:51.250061538
411,118.98,88,118.99,14:25:51.250075535
411,118.98,73,118.99,14:25:51.250075535
411,118.98,66,118.99,14:25:51.250075535
411,118.98,64,118.99,14:25:51.250089970
411,118.98,60,118.99,14:25:51.250089970
411,118.98,59,118.99,14:25:51.250089970
411,118.98,56,118.99,14:25:51.250104111
411,118.98,55,118.99,14:25:51.250104111
411,118.98,47,118.99,14:25:51.250199203
411,118.98,41,118.99,14:25:51.250331148
411,118.98,18,118.99,14:25:51.250457121
411,118.98,17,118.99,14:25:51.250482990
412,118.98,17,118.99,14:25:51.250482990
412,118.98,16,118.99,14:25:51.250482990
412,118.98,14,118.99,14:25:51.250482990
412,118.98,12,118.99,14:25:51.250482990
414,118.98,12,118.99,14:25:51.250482990
414,118.98,11,118.99,14:25:51.250482990
414,118.98,14,118.99,14:25:51.250482990
414,118.98,15,118.99,14:25:51.250482990
421,118.98,15,118.99,14:25:51.250604021
421,118.98,17,118.99,14:25:51.250720652
421,118.98,29,118.99,14:25:51.250808450
421,118.98,26,118.99,14:25:51.250808450
421,118.98,27,118.99,14:25:51.250900091
421,118.98,28,118.99,14:25:51.250900091
421,118.98,27,118.99,14:25:51.250915521
421,118.98,26,118.99,14:25:51.264336458
380,118.98,26,118.99,14:25:51.270723994
380,118.98,27,118.99,14:25:51.270921651
380,118.98,30,118.99,14:25:51.270997243
380,118.98,31,118.99,14:25:51.270997243
380,118.98,30,118.99,14:25:51.271796045
387,118.98,30,118.99,14:25:51.272003136
387,118.98,32,118.99,14:25:51.272075808
387,118.98,39,118.99,14:25:51.272209782
387,118.98,43,118.99,14:25:51.273236246
387,118.98,36,118.99,14:25:51.294193917
387,118.98,35,118.99,14:25:51.294208503
387,118.98,34,118.99,14:25:51.294208503
387,118.98,33,118.99,14:25:51.294232698
387,118.98,31,118.99,14:25:51.294232698
387,118.98,19,118.99,14:25:51.294232698
387,118.98,18,118.99,14:25:51.294232698
387,118.98,17,118.99,14:25:51.294232698
387,118.98,14,118.99,14:25:51.294232698
387,118.98,13,118.99,14:25:51.294232698
398,118.98,13,118.99,14:25:51.294232698
398,118.98,9,118.99,14:25:51.294347025
400,118.98,9,118.99,14:25:51.294436820
400,118.98,10,118.99,14:25:51.294532609
407,118.98,10,118.99,14:25:51.294547875
407,118.98,3,118.99,14:25:51.294547875
407,118.98,5,118.99,14:25:51.299036613
407,118.98,4,118.99,14:25:51.318938802
407,118.98,2,118.99,14:25:51.319121708
407,118.98,1,118.99,14:25:51.319187686
407,118.98,232,119.0,14:25:51.319295980
414,118.98,232,119.0,14:25:51.319295980
409,118.98,232,119.0,14:25:51.327752529
2,118.99,232,119.0,14:25:51.340611767
2,118.99,214,119.0,14:25:51.341014826
9,118.99,214,119.0,14:25:51.341129318
10,118.99,214,119.0,14:25:51.341154553
11,118.99,214,119.0,14:25:51.341379682
14,118.99,214,119.0,14:25:51.341402153
15,118.99,214,119.0,14:25:51.341473312
16,118.99,214,119.0,14:25:51.350999789
23,118.99,214,119.0,14:25:51.351168433
23,118.99,217,119.0,14:25:51.397205428
22,118.99,217,119.0,14:25:51.397355575
23,118.99,217,119.0,14:25:51.512038207
30,118.99,217,119.0,14:25:51.512239040
31,118.99,217,119.0,14:25:51.591970269
38,118.99,217,119.0,14:25:51.592220982
39,118.99,217,119.0,14:25:51.839935786
38,118.99,217,119.0,14:25:52.182389335
43,118.99,217,119.0,14:25:52.205616954
49,118.99,217,119.0,14:25:52.205738377
58,118.99,217,119.0,14:25:52.205845565
58,118.99,210,119.0,14:25:52.205947501
58,118.99,203,119.0,14:25:53.129879506
58,118.99,202,119.0,14:25:54.196456004
60,118.99,202,119.0,14:25:54.233911888
60,118.99,200,119.0,14:25:55.104951506
61,118.99,200,119.0,14:25:58.114511729
60,118.99,200,119.0,14:25:58.453992363
59,118.99,200,119.0,14:25:58.454377367
52,118.99,200,119.0,14:25:58.455336486
54,118.99,200,119.0,14:25:58.683107164
58,118.99,200,119.0,14:26:00.145414956
65,118.99,200,119.0,14:26:00.145635202
63,118.99,200,119.0,14:26:01.004203993
56,118.99,200,119.0,14:26:01.345385864
57,118.99,200,119.0,14:26:01.369981353
64,118.99,200,119.0,14:26:01.370152542
57,118.99,200,119.0,14:26:02.329696455
58,118.99,200,119.0,14:26:04.335176272
65,118.99,200,119.0,14:26:04.335484633
64,118.99,200,119.0,14:26:06.065514866
57,118.99,200,119.0,14:26:06.066267819
58,118.99,200,119.0,14:26:06.724046173
59,118.99,200,119.0,14:26:06.724144875
63,118.99,200,119.0,14:26:06.724251764
70,118.99,200,119.0,14:26:06.724314596
71,118.99,200,119.0,14:26:06.745767147
71,118.99,196,119.0,14:26:10.621550409
72,118.99,196,119.0,14:26:11.568211259
71,118.99,196,119.0,14:26:11.727990246
71,118.99,195,119.0,14:26:12.059312012
73,118.99,195,119.0,14:26:12.059471980
81,118.99,195,119.0,14:26:12.059545589
87,118.99,195,119.0,14:26:12.059609666
85,118.99,195,119.0,14:26:12.059717490
86,118.99,195,119.0,14:26:12.196637615
88,118.99,195,119.0,14:26:12.196870450
86,118.99,195,119.0,14:26:12.200999481
85,118.99,195,119.0,14:26:12.201129535
86,118.99,195,119.0,14:26:12.441518699
85,118.99,195,119.0,14:26:12.447124937
84,118.99,195,119.0,14:26:13.262688077
80,118.99,195,119.0,14:26:13.262829136
78,118.99,195,119.0,14:26:13.262895449
70,118.99,195,119.0,14:26:13.263053724
64,118.99,195,119.0,14:26:13.263128009
63,118.99,195,119.0,14:26:13.263195688
65,118.99,195,119.0,14:26:16.210944403
58,118.99,195,119.0,14:26:17.044856806
56,118.99,195,119.0,14:26:17.225099981
49,118.99,195,119.0,14:26:20.283449793
48,118.99,195,119.0,14:26:20.283683549
49,118.99,195,119.0,14:26:20.283882416
51,118.99,195,119.0,14:26:20.305281713
58,118.99,195,119.0,14:26:20.305491762
59,118.99,195,119.0,14:26:20.305656952
58,118.99,195,119.0,14:26:20.317641650
59,118.99,195,119.0,14:26:20.424700831
60,118.99,195,119.0,14:26:20.557013603
53,118.99,195,119.0,14:26:20.558221618
52,118.99,195,119.0,14:26:20.558366759
53,118.99,195,119.0,14:26:22.428610703
60,118.99,195,119.0,14:26:22.428929378
61,118.99,195,119.0,14:26:22.850499390
66,118.99,195,119.0,14:26:22.850695669
65,118.99,195,119.0,14:26:23.085850041
60,118.99,195,119.0,14:26:23.122023672
53,118.99,195,119.0,14:26:23.357355394
46,118.99,195,119.0,14:26:23.410246023
47,118.99,195,119.0,14:26:23.410391380
54,118.99,195,119.0,14:26:23.410565620
55,118.99,195,119.0,14:26:23.410726115
55,118.99,188,119.0,14:26:23.433498820
69,118.99,188,119.0,14:26:23.433766544
71,118.99,188,119.0,14:26:23.433834682
72,118.99,188,119.0,14:26:23.433834682
73,118.99,188,119.0,14:26:23.433918705
84,118.99,188,119.0,14:26:23.433918705
87,118.99,188,119.0,14:26:23.433933360
92,118.99,188,119.0,14:26:23.433933360
96,118.99,188,119.0,14:26:23.433933360
95,118.99,188,119.0,14:26:23.434024353
94,118.99,188,119.0,14:26:23.434096385
94,118.99,199,119.0,14:26:23.444388664
93,118.99,199,119.0,14:26:23.444538047
79,118.99,199,119.0,14:26:23.608901173
75,118.99,199,119.0,14:26:23.608964761
74,118.99,199,119.0,14:26:23.609029148
63,118.99,199,119.0,14:26:24.272486956
60,118.99,199,119.0,14:26:24.272550908
55,118.99,199,119.0,14:26:24.272671970
53,118.99,199,119.0,14:26:26.676878922
54,118.99,199,119.0,14:26:26.677323444
61,118.99,199,119.0,14:26:26.677477680
62,118.99,199,119.0,14:26:26.677637972
61,118.99,199,119.0,14:26:26.680556561
60,118.99,199,119.0,14:26:27.147324840
53,118.99,199,119.0,14:26:27.618490684
46,118.99,199,119.0,14:26:28.102419698
44,118.99,199,119.0,14:26:28.790917372
43,118.99,199,119.0,14:26:31.262118962
42,118.99,199,119.0,14:26:33.088121288
39,118.99,199,119.0,14:26:33.088218109
38,118.99,199,119.0,14:26:33.088218109
37,118.99,199,119.0,14:26:33.088291611
35,118.99,199,119.0,14:26:33.088459796
34,118.99,199,119.0,14:26:33.088564852
33,118.99,199,119.0,14:26:33.088579338
32,118.99,199,119.0,14:26:33.088633300
31,118.99,199,119.0,14:26:33.088796563
24,118.99,199,119.0,14:26:33.088796563
23,118.99,199,119.0,14:26:33.088820343
18,118.99,199,119.0,14:26:33.088820343
15,118.99,199,119.0,14:26:33.088820343
12,118.99,199,119.0,14:26:33.088929361
10,118.99,199,119.0,14:26:33.089161923
8,118.99,199,119.0,14:26:33.089176176
4,118.99,199,119.0,14:26:33.089190192
3,118.99,199,119.0,14:26:33.089190192
2,118.99,199,119.0,14:26:33.089205325
1,118.99,199,119.0,14:26:33.089220118
406,118.98,199,119.0,14:26:33.089234528
406,118.98,2,118.99,14:26:33.089265094
406,118.98,22,118.99,14:26:33.089421635
406,118.98,38,118.99,14:26:33.089421635
405,118.98,38,118.99,14:26:33.089512572
405,118.98,39,118.99,14:26:33.089512572
405,118.98,40,118.99,14:26:33.089512572
404,118.98,40,118.99,14:26:33.089563654
404,118.98,43,118.99,14:26:33.089563654
404,118.98,41,118.99,14:26:33.089563654
402,118.98,41,118.99,14:26:33.089776656
402,118.98,40,118.99,14:26:33.089776656
402,118.98,24,118.99,14:26:33.090189836
402,118.98,4,118.99,14:26:33.090206824
402,118.98,1,118.99,14:26:33.090483487
402,118.98,4,118.99,14:26:33.091411954
402,118.98,5,118.99,14:26:33.091511730
402,118.98,4,118.99,14:26:33.092860564
402,118.98,1,118.99,14:26:33.092999537
402,118.98,13,118.99,14:26:33.093422387
402,118.98,14,118.99,14:26:33.109898262
402,118.98,13,118.99,14:26:33.114082249
402,118.98,14,118.99,14:26:33.114247449
402,118.98,18,118.99,14:26:33.114417780
402,118.98,21,118.99,14:26:33.114600428
395,118.98,21,118.99,14:26:33.131246462
388,118.98,21,118.99,14:26:33.131522049
388,118.98,20,118.99,14:26:33.166263156
390,118.98,20,118.99,14:26:33.166436091
388,118.98,20,118.99,14:26:34.794598489
381,118.98,20,118.99,14:26:35.416656664
381,118.98,16,118.99,14:26:35.416721314
374,118.98,16,118.99,14:26:35.416846049
375,118.98,16,118.99,14:26:35.672173676
382,118.98,16,118.99,14:26:35.672369887
382,118.98,13,118.99,14:26:36.161254944
384,118.98,13,118.99,14:26:36.161397885
389,118.98,13,118.99,14:26:36.161547174
389,118.98,2,118.99,14:26:36.233352940
384,118.98,2,118.99,14:26:36.325703063
134,118.98,2,118.99,14:26:36.395869135
134,118.98,6,118.99,14:26:36.396273516
134,118.98,24,118.99,14:26:36.396273516
134,118.98,36,118.99,14:26:36.396366632
134,118.98,39,118.99,14:26:36.396366632
134,118.98,59,118.99,14:26:36.396387275
134,118.98,62,118.99,14:26:36.396387275
134,118.98,72,118.99,14:26:36.396387275
134,118.98,79,118.99,14:26:36.396387275
134,118.98,83,118.99,14:26:36.396387275
134,118.98,90,118.99,14:26:36.396438348
134,118.98,94,118.99,14:26:36.396507873
132,118.98,94,118.99,14:26:36.396658773
130,118.98,94,118.99,14:26:36.396748229
129,118.98,94,118.99,14:26:36.396748229
127,118.98,94,118.99,14:26:36.396748229
127,118.98,95,118.99,14:26:36.396748229
114,118.98,95,118.99,14:26:36.396834155
110,118.98,95,118.99,14:26:36.396834155
104,118.98,95,118.99,14:26:36.396834155
98,118.98,95,118.99,14:26:36.396934248
81,118.98,95,118.99,14:26:36.396934248
81,118.98,88,118.99,14:26:36.396934248
69,118.98,88,118.99,14:26:36.397176199
63,118.98,88,118.99,14:26:36.397176199
56,118.98,88,118.99,14:26:36.397440944
56,118.98,89,118.99,14:26:36.473977357
56,118.98,96,118.99,14:26:36.474142402
56,118.98,98,118.99,14:26:36.474301353
53,118.98,98,118.99,14:26:36.474494412
53,118.98,100,118.99,14:26:36.474702694
53,118.98,102,118.99,14:26:36.474846793
52,118.98,102,118.99,14:26:36.502072738
52,118.98,95,118.99,14:26:37.613486990
51,118.98,95,118.99,14:26:37.960798062
52,118.98,95,118.99,14:26:51.918538111
59,118.98,95,118.99,14:26:51.918781723
52,118.98,95,118.99,14:26:59.099036936
52,118.98,97,118.99,14:26:59.370413606
52,118.98,104,118.99,14:26:59.370769040
52,118.98,97,118.99,14:27:01.119112136
51,118.98,97,118.99,14:27:01.200591632
51,118.98,104,118.99,14:27:01.200842219
52,118.98,104,118.99,14:27:03.751190404
59,118.98,104,118.99,14:27:03.751436404
60,118.98,104,118.99,14:27:04.794281037
63,118.98,104,118.99,14:27:04.794457481
63,118.98,97,118.99,14:27:04.884829366
60,118.98,97,118.99,14:27:05.675427512
60,118.98,98,118.99,14:27:09.888949954
60,118.98,105,118.99,14:27:09.889139512
53,118.98,105,118.99,14:27:09.914231245
53,118.98,98,118.99,14:27:10.153491480
44,118.98,98,118.99,14:27:15.120489334
44,118.98,97,118.99,14:27:17.076162570
51,118.98,97,118.99,14:27:17.076392215
51,118.98,98,118.99,14:27:17.111754749
51,118.98,105,118.99,14:27:17.111945824
58,118.98,105,118.99,14:27:17.350835082
65,118.98,105,118.99,14:27:17.351056868
65,118.98,98,118.99,14:27:17.351240912
58,118.98,98,118.99,14:27:18.109966510
59,118.98,98,118.99,14:27:23.474522188
66,118.98,98,118.99,14:27:23.474754745
59,118.98,98,118.99,14:27:27.008403614
52,118.98,98,118.99,14:27:27.058353583
53,118.98,98,118.99,14:27:29.372124712
60,118.98,98,118.99,14:27:29.372319829
53,118.98,98,118.99,14:27:32.902768607
52,118.98,98,118.99,14:27:42.278089095
51,118.98,98,118.99,14:27:42.278089095
51,118.98,105,118.99,14:27:42.278445276
52,118.98,105,118.99,14:27:42.640088206
54,118.98,105,118.99,14:27:42.640182482
52,118.98,105,118.99,14:27:42.640390111
58,118.98,105,118.99,14:27:42.640469285
58,118.98,98,118.99,14:27:42.646587636
57,118.98,98,118.99,14:27:43.741829182
67,118.98,98,118.99,14:27:44.557591034
74,118.98,98,118.99,14:27:44.557816371
67,118.98,98,118.99,14:27:44.821654480
67,118.98,97,118.99,14:27:47.106653139
67,118.98,93,118.99,14:27:47.106653139
67,118.98,75,118.99,14:27:47.106975485
67,118.98,63,118.99,14:27:47.106990605
67,118.98,60,118.99,14:27:47.106990605
67,118.98,40,118.99,14:27:47.107003997
67,118.98,37,118.99,14:27:47.107020304
67,118.98,27,118.99,14:27:47.107020304
67,118.98,20,118.99,14:27:47.107035402
67,118.98,16,118.99,14:27:47.107035402
67,118.98,12,118.99,14:27:47.107049357
67,118.98,11,118.99,14:27:47.107049357
67,118.98,10,118.99,14:27:47.107062768
67,118.98,8,118.99,14:27:47.107062768
67,118.98,6,118.99,14:27:47.107076954
67,118.98,4,118.99,14:27:47.107076954
67,118.98,2,118.99,14:27:47.107090474
67,118.98,1,118.99,14:27:47.107090474
67,118.98,226,119.0,14:27:47.107108682
2,118.99,226,119.0,14:27:47.107108682
2,118.99,225,119.0,14:27:47.107348470
3,118.99,225,119.0,14:27:47.107348470
1,118.99,225,119.0,14:27:47.107518115
93,118.98,225,119.0,14:27:47.107518115
95,118.98,225,119.0,14:27:47.107622665
111,118.98,225,119.0,14:27:47.107636561
120,118.98,225,119.0,14:27:47.107636561
120,118.98,12,118.99,14:27:47.107651704
120,118.98,4,118.99,14:27:47.107852832
123,118.98,4,118.99,14:27:47.107868646
136,118.98,4,118.99,14:27:47.107887266
145,118.98,4,118.99,14:27:47.107902102
145,118.98,8,118.99,14:27:47.107990736
145,118.98,13,118.99,14:27:47.107990736
145,118.98,14,118.99,14:27:47.108007244
145,118.98,17,118.99,14:27:47.108063762
145,118.98,18,118.99,14:27:47.108063762
152,118.98,18,118.99,14:27:47.108063762
152,118.98,21,118.99,14:27:47.108063762
152,118.98,17,118.99,14:27:47.108246332
152,118.98,18,118.99,14:27:47.117439304
163,118.98,18,118.99,14:27:47.130011022
