price,volume,timestamp
119.0,1,14:20:03.469823686
119.0,1,14:20:03.469948479
119.0,1,14:20:03.469978080
119.0,3,14:20:03.469978080
119.0,2,14:20:03.469978080
119.0,1,14:20:03.748818979
119.0,1,14:20:03.865001674
119.0,1,14:20:13.040906353
119.0,1,14:20:13.094784425
119.0,1,14:20:13.195893255
118.99,1,14:20:21.198544344
119.0,1,14:20:27.772555573
119.0,1,14:20:28.677246448
119.0,1,14:20:29.075738783
119.0,3,14:20:52.690850172
119.0,2,14:20:52.690850172
119.0,1,14:20:52.690850172
119.0,1,14:20:52.690951567
119.0,11,14:20:52.690973416
119.0,1,14:20:52.691294724
119.0,1,14:20:52.692262005
119.0,1,14:20:52.692488589
119.0,1,14:20:52.701526631
119.0,1,14:21:01.182162784
119.0,1,14:21:01.182260849
119.0,1,14:21:01.182275624
119.0,1,14:21:02.012031873
119.0,1,14:21:02.170053200
119.0,2,14:21:02.170053200
119.0,1,14:21:02.278669715
119.0,1,14:21:02.278994688
119.0,1,14:21:02.279467699
119.0,1,14:21:02.439434886
119.0,1,14:21:03.661155352
119.0,1,14:21:08.039824653
118.99,2,14:21:11.999160928
119.0,1,14:21:19.161401691
119.0,1,14:21:19.161694973
119.0,5,14:21:19.161694973
119.0,1,14:21:19.250922642
119.0,1,14:21:21.177028155
119.0,1,14:21:21.413846361
119.0,1,14:21:21.497366599
118.99,1,14:21:22.014365191
118.99,1,14:21:42.014134328
119.0,1,14:21:48.246085918
119.0,2,14:22:00.740560113
119.0,2,14:22:00.742711938
119.0,1,14:22:00.742805125
119.0,1,14:22:00.742822031
119.0,1,14:22:03.234248174
119.0,1,14:22:08.978059647
119.0,1,14:22:08.978193531
119.0,1,14:22:08.978214331
119.0,3,14:22:08.978214331
119.0,1,14:22:08.978238871
119.0,2,14:22:08.979026734
119.0,1,14:22:08.979147643
119.0,1,14:22:09.003326542
119.0,1,14:22:09.030283705
119.0,1,14:22:09.092179186
119.0,1,14:22:18.557836115
119.0,1,14:22:18.558163755
119.0,1,14:22:18.650390383
119.0,1,14:22:30.750994703
119.0,1,14:22:30.751073251
119.0,1,14:22:30.751261332
119.0,2,14:22:30.751335063
119.0,1,14:22:37.711775174
119.0,1,14:22:49.053440526
118.99,2,14:22:54.069666012
119.0,1,14:22:57.800094952
119.0,3,14:22:57.800233323
119.0,1,14:22:57.800233323
119.0,1,14:22:57.810747475
119.0,8,14:23:08.199327871
119.0,3,14:23:08.199327871
119.0,4,14:23:08.199497036
119.0,2,14:23:08.199523783
119.0,1,14:23:08.199523783
119.0,3,14:23:08.199523783
119.0,5,14:23:08.199523783
119.0,12,14:23:08.199523783
119.0,7,14:23:08.199550607
119.0,4,14:23:08.199550607
119.0,1,14:23:08.199550607
119.0,7,14:23:08.210137899
119.0,3,14:23:08.340398160
118.99,1,14:23:11.137175718
118.99,1,14:23:11.137243587
119.0,3,14:23:13.349810987
119.0,1,14:23:13.350060029
119.0,1,14:23:13.350082291
119.0,3,14:23:13.350082291
119.0,3,14:23:13.435459124
119.0,1,14:23:13.435842184
119.01,2,14:23:15.065993320
119.0,8,14:23:15.414143623
119.0,1,14:23:15.414272767
119.0,1,14:23:15.414287644
119.0,3,14:23:15.414287644
119.0,17,14:23:15.414317368
119.0,1,14:23:15.414317368
119.0,3,14:23:15.414588931
119.0,1,14:23:15.437954138
119.0,1,14:23:15.471624790
119.0,1,14:23:20.519739808
119.0,1,14:23:20.519992071
119.0,3,14:23:20.520092176
119.0,3,14:23:20.607340212
119.0,2,14:23:20.687213248
119.0,1,14:23:20.705041897
119.0,1,14:23:20.705149208
119.0,1,14:23:20.716250534
119.0,1,14:23:20.766230354
119.0,1,14:23:20.791586129
119.0,1,14:23:20.791817713
119.0,1,14:23:20.791899620
119.0,1,14:23:20.791915588
119.0,1,14:23:21.729323217
119.0,1,14:23:21.740345154
119.0,1,14:23:21.744883617
118.99,9,14:23:22.814539265
118.99,1,14:23:22.814539265
118.99,2,14:23:22.814735134
118.99,1,14:23:22.814749563
118.99,3,14:23:22.814765035
118.99,4,14:23:22.814781105
118.99,4,14:23:22.814794510
118.99,1,14:23:22.814809732
118.99,2,14:23:22.814829643
118.99,1,14:23:22.814843236
118.99,2,14:23:22.814860664
118.99,1,14:23:22.814860664
118.99,1,14:23:22.814873684
118.99,1,14:23:22.815091335
118.99,50,14:23:22.815105415
118.99,1,14:23:22.815119492
118.99,1,14:23:22.815134315
118.99,1,14:23:22.815149380
118.99,1,14:23:22.815162750
118.99,16,14:23:22.815176071
118.99,3,14:23:22.815191226
118.99,12,14:23:22.815191226
118.99,2,14:23:22.815191226
118.99,14,14:23:22.815204900
118.99,7,14:23:22.815219431
118.99,1,14:23:22.815337197
118.99,6,14:23:22.815352071
118.99,2,14:23:22.815352071
118.99,2,14:23:22.815366330
118.99,6,14:23:22.815379828
118.99,1,14:23:22.815399220
118.99,1,14:23:22.815890401
118.99,40,14:23:22.816268659
118.99,2,14:23:22.816291108
118.99,1,14:23:22.816311100
118.99,22,14:23:22.816311100
118.99,2,14:23:22.816326276
118.99,4,14:23:22.816878406
118.99,1,14:23:22.816907740
118.99,2,14:23:22.816924009
118.99,1,14:23:22.816940393
118.99,8,14:23:22.816988921
118.99,6,14:23:22.817017628
118.99,3,14:23:25.757998286
118.99,2,14:23:25.758154344
118.99,1,14:23:25.758184117
118.99,7,14:23:25.758184117
118.99,5,14:23:25.758184117
118.99,2,14:23:25.758184117
118.99,7,14:23:25.758201711
118.99,3,14:23:25.758848445
118.99,1,14:23:26.777276691
118.99,6,14:23:26.777451650
118.99,1,14:23:26.777451650
118.99,1,14:23:26.777590239
118.99,6,14:23:26.777621404
118.99,7,14:23:26.777621404
118.99,1,14:23:26.777621404
118.99,5,14:23:26.778216488
118.99,1,14:23:26.778216488
118.99,1,14:23:26.778311031
118.99,18,14:23:26.782251570
118.99,1,14:23:26.782953873
118.99,1,14:23:26.782970078
118.99,1,14:23:26.783671758
118.99,1,14:23:26.783886333
118.99,1,14:23:26.784195917
118.99,1,14:23:26.784290087
118.99,2,14:23:26.784779289
118.99,2,14:23:26.784880352
118.99,5,14:23:26.785112627
118.99,1,14:23:26.785203197
118.99,1,14:23:26.785496012
118.99,2,14:23:26.785937909
118.99,1,14:23:26.786833579
118.99,1,14:23:33.865818872
118.99,1,14:23:33.866105999
119.0,1,14:23:34.766788797
119.0,2,14:23:34.766878099
119.0,3,14:23:34.766892271
119.0,1,14:23:34.766892271
118.99,18,14:24:14.033749747
118.99,1,14:24:14.033749747
118.99,3,14:24:14.033927280
118.99,12,14:24:14.033944851
118.99,2,14:24:14.033944851
118.99,1,14:24:14.033944851
118.99,1,14:24:14.033985622
118.99,2,14:24:14.033985622
118.99,15,14:24:14.033985622
118.99,11,14:24:14.038194381
118.99,28,14:24:14.038446812
118.99,1,14:24:14.038446812
118.99,1,14:24:14.143694127
118.99,1,14:24:16.150088403
118.99,2,14:24:16.150171628
118.99,1,14:24:16.176042931
118.99,1,14:24:16.176450355
118.99,95,14:24:16.176810809
118.99,3,14:24:16.176810809
118.99,1,14:24:16.176826979
118.99,3,14:24:16.177189395
118.99,3,14:24:16.178233372
119.0,1,14:24:19.072351507
118.99,1,14:24:19.816284380
118.99,1,14:24:19.816299493
118.99,1,14:24:19.840910225
118.99,1,14:24:19.841350289
118.99,1,14:24:19.890749000
118.98,1,14:24:21.031613946
118.99,1,14:25:02.118464566
118.99,1,14:25:03.510631288
118.99,1,14:25:07.501750455
118.99,3,14:25:07.534031513
118.99,1,14:25:07.565597633
118.99,1,14:25:07.587429493
118.99,1,14:25:07.609073165
118.99,1,14:25:30.213435473
118.99,1,14:25:30.213697005
118.99,1,14:25:30.239167890
118.99,1,14:25:30.262931860
118.99,1,14:25:30.263016340
118.99,4,14:25:30.263035174
118.99,1,14:25:30.318532152
118.99,1,14:25:30.334961649
118.99,3,14:25:30.334977834
118.99,1,14:25:30.334977834
118.99,1,14:25:30.359749449
118.99,4,14:25:31.489735057
118.99,2,14:25:31.560591558
118.99,1,14:25:31.567519955
118.99,1,14:25:31.611957795
118.99,1,14:25:31.612043991
118.99,4,14:25:31.612059534
118.99,1,14:25:46.680380533
118.99,2,14:25:47.075873799
118.99,1,14:25:51.250045046
118.99,1,14:25:51.250061538
118.99,12,14:25:51.250061538
118.99,1,14:25:51.250075535
118.99,15,14:25:51.250075535
118.99,7,14:25:51.250075535
118.99,2,14:25:51.250089970
118.99,1,14:25:51.250089970
118.99,4,14:25:51.250089970
118.99,1,14:25:51.250104111
118.99,3,14:25:51.250104111
118.99,1,14:25:51.271796045
118.99,7,14:25:51.294193917
118.99,1,14:25:51.294208503
118.99,2,14:25:51.294232698
118.99,1,14:25:51.294232698
118.99,12,14:25:51.294232698
118.99,3,14:25:51.294232698
118.99,1,14:25:51.318938802
118.99,1,14:25:51.319295980
119.0,1,14:26:12.059312012
118.99,7,14:26:20.283449793
118.99,1,14:26:20.283683549
119.0,7,14:26:23.433498820
118.99,1,14:26:33.088218109
118.99,3,14:26:33.088218109
118.99,1,14:26:33.088291611
118.99,2,14:26:33.088459796
118.99,1,14:26:33.088564852
118.99,1,14:26:33.088579338
118.99,1,14:26:33.088796563
118.99,7,14:26:33.088796563
118.99,3,14:26:33.088820343
118.99,5,14:26:33.088820343
118.99,1,14:26:33.088820343
118.99,3,14:26:33.088929361
118.99,2,14:26:33.089161923
118.99,2,14:26:33.089176176
118.99,1,14:26:33.089190192
118.99,4,14:26:33.089190192
118.99,1,14:26:33.089205325
118.99,1,14:26:33.089220118
118.99,1,14:26:33.089234528
118.99,1,14:26:33.092860564
118.99,1,14:26:33.114082249
118.99,1,14:26:33.166263156
118.98,1,14:27:01.200591632
118.99,1,14:27:17.076162570
118.98,1,14:27:42.278089095
118.99,4,14:27:47.106653139
118.99,1,14:27:47.106653139
118.99,18,14:27:47.106975485
118.99,3,14:27:47.106990605
118.99,12,14:27:47.106990605
118.99,20,14:27:47.107003997
118.99,10,14:27:47.107020304
118.99,3,14:27:47.107020304
118.99,4,14:27:47.107035402
118.99,7,14:27:47.107035402
118.99,1,14:27:47.107049357
118.99,4,14:27:47.107049357
118.99,1,14:27:47.107062768
118.99,2,14:27:47.107062768
118.99,2,14:27:47.107076954
118.99,2,14:27:47.107090474
118.99,1,14:27:47.107090474
118.99,1,14:27:47.107108682
118.99,2,14:27:47.107518115
118.99,1,14:27:47.107518115
118.99,8,14:27:47.107852832
118.99,1,14:27:47.133081685
118.99,2,14:27:47.180757212
118.99,1,14:27:47.335953736
118.99,1,14:27:47.404582651
118.99,1,14:27:47.426275828
118.99,1,14:27:50.755294724
118.98,2,14:28:22.112547931
118.98,3,14:28:22.112547931
118.98,1,14:28:22.112760792
118.98,1,14:28:22.112779541
118.98,2,14:28:22.112800363
118.98,1,14:28:22.112800363
118.98,16,14:28:22.112800363
118.98,3,14:28:22.112800363
118.98,1,14:28:22.112814635
118.98,3,14:28:22.112814635
118.98,4,14:28:22.112905790
118.98,3,14:28:23.491205324
118.98,1,14:28:23.491205324
118.98,1,14:28:23.491303001
118.98,6,14:28:23.491303001
118.98,9,14:28:40.342206083
118.98,1,14:28:40.342206083
118.99,2,14:28:52.070188911
118.98,1,14:29:00.274041955
118.98,1,14:29:05.086220013
118.98,2,14:29:05.086220013
118.98,1,14:29:05.086306659
118.98,2,14:29:20.262719565
118.99,1,14:29:27.639290614
118.99,3,14:29:27.639530447
118.99,3,14:29:27.639545212
118.99,1,14:29:27.639545212
118.99,12,14:29:27.639560703
118.99,16,14:29:27.639576034
118.99,1,14:29:27.639590575
118.99,1,14:29:27.639609299
118.99,1,14:29:27.639622991
118.99,2,14:29:27.639638322
118.99,1,14:29:27.639638322
118.99,23,14:29:27.639638322
118.99,1,14:29:27.639872027
118.99,9,14:29:27.639887333
118.99,1,14:29:27.639900933
118.99,1,14:29:27.639916283
118.99,2,14:29:27.639916283
118.99,2,14:29:27.639930225
118.99,5,14:29:27.639945093
118.99,4,14:29:27.639945093
118.99,2,14:29:27.639962646
118.99,1,14:29:27.639978489
118.99,3,14:29:27.639978489
118.99,1,14:29:27.639991919
118.99,1,14:29:27.640007020
118.99,1,14:29:27.640622293
118.99,1,14:29:27.640707377
118.99,1,14:29:27.641018363
118.99,1,14:29:27.665352209
118.99,1,14:29:54.071423749
118.99,2,14:30:11.056724092
118.98,1,14:30:28.042294875
118.98,4,14:30:28.042377650
118.98,1,14:30:28.042377650
118.98,7,14:30:28.042901882
118.98,3,14:30:28.042901882
118.98,10,14:30:28.043146960
118.98,1,14:30:28.043160109
118.98,3,14:30:28.043174846
118.98,2,14:30:28.043174846
118.98,1,14:30:28.043191860
118.98,1,14:30:28.043205172
118.98,1,14:30:28.043220295
118.98,1,14:30:28.043233898
118.98,1,14:30:28.043252211
118.98,1,14:30:28.043478551
118.98,1,14:30:40.273637455
118.98,3,14:30:40.273733544
118.98,1,14:30:40.273755269
118.98,3,14:30:40.273755269
118.98,3,14:30:40.273837266
118.98,1,14:30:40.273924472
118.98,9,14:30:40.274196408
118.98,1,14:30:40.274216751
118.98,1,14:30:40.320603738
118.98,1,14:30:42.157240927
118.98,9,14:30:42.157314118
118.98,1,14:30:42.326078521
118.98,1,14:30:42.326134157
118.98,1,14:30:42.410174454
118.98,1,14:30:43.035183146
118.98,1,14:30:43.035433702
118.98,1,14:31:00.268189320
118.98,8,14:31:00.268189320
118.98,1,14:31:00.268276694
118.99,1,14:31:00.874498662
118.98,1,14:31:20.296323075
118.98,9,14:31:20.296411117
118.98,1,14:31:20.296411117
118.98,1,14:31:20.503174724
118.98,1,14:31:20.503190833
118.98,2,14:31:20.833092827
118.98,1,14:31:29.560881628
118.98,1,14:31:29.560968412
118.98,1,14:31:32.866173838
118.98,1,14:31:32.866189895
118.98,10,14:31:32.866189895
118.98,4,14:31:32.880891698
118.98,2,14:31:32.880977240
118.98,1,14:31:32.880977240
118.98,2,14:31:32.881603611
118.98,1,14:31:32.903358231
118.98,1,14:31:33.143195320
118.98,2,14:31:33.143260287
118.99,2,14:31:36.071181314
118.98,8,14:31:40.266702805
118.98,1,14:31:40.266796427
118.98,1,14:32:00.262985465
118.98,2,14:32:14.881023321
118.98,1,14:32:14.881350165
118.98,7,14:32:14.881350165
118.98,1,14:32:14.881365429
118.98,3,14:32:14.881365429
118.98,1,14:32:14.882001080
118.98,2,14:32:14.882253147
118.98,9,14:32:14.897054914
118.98,1,14:32:14.897054914
118.98,1,14:32:14.906694625
118.98,1,14:32:14.907155607
118.98,1,14:32:14.907972679
118.98,1,14:32:14.912203965
118.98,7,14:32:14.912367113
118.98,1,14:32:14.912391891
118.98,2,14:32:14.912391891
118.98,4,14:32:14.912391891
118.98,12,14:32:14.912406995
118.98,14,14:32:14.912406995
118.98,1,14:32:14.915210657
118.98,2,14:32:14.915210657
118.98,1,14:32:14.915329815
118.98,1,14:32:14.915352085
118.98,1,14:32:14.915443435
118.98,1,14:32:14.920352183
118.98,2,14:32:14.920895840
118.98,2,14:32:14.921074844
118.98,1,14:32:14.929784006
118.98,3,14:32:14.929784006
118.98,4,14:32:14.930453839
118.98,1,14:32:14.930477490
118.98,4,14:32:14.930798831
118.98,3,14:32:14.930814475
118.98,1,14:32:14.933475853
118.98,5,14:32:14.933677113
118.98,1,14:32:14.946685494
118.98,9,14:32:14.946757915
118.98,1,14:32:14.961779325
118.98,7,14:32:14.961794908
118.98,7,14:32:14.976750142
118.98,1,14:32:14.976849860
118.98,2,14:32:14.980481502
118.98,1,14:32:14.981601648
118.98,4,14:32:14.981601648
118.98,3,14:32:14.981691060
118.98,1,14:32:14.986706640
118.98,3,14:32:15.060516247
118.98,1,14:32:15.931251161
118.98,7,14:32:15.931251161
118.98,3,14:32:15.946353684
118.98,7,14:32:15.946353684
118.98,1,14:32:15.946445975
118.98,4,14:32:15.946544573
118.98,1,14:32:15.956926409
118.98,1,14:32:15.961061513
118.98,8,14:32:16.039627105
118.98,2,14:32:16.040037914
118.98,3,14:32:16.859474149
118.98,10,14:32:16.859474149
118.98,4,14:32:16.859560075
118.98,1,14:32:16.859580225
118.98,10,14:32:20.269795768
118.98,1,14:32:20.269795768
118.98,7,14:32:20.270685180
118.98,4,14:32:21.861531242
118.98,1,14:32:22.860057466
118.98,6,14:32:22.860057466
118.98,3,14:32:22.874922167
118.98,1,14:32:22.874922167
118.98,1,14:32:22.875017399
118.98,2,14:32:22.875035066
118.98,1,14:32:22.875035066
118.98,2,14:32:22.875196967
118.98,1,14:32:22.875621108
118.98,1,14:32:22.890409881
118.98,1,14:32:22.911455989
118.98,10,14:32:22.911455989
118.98,3,14:32:22.925498144
118.98,1,14:32:22.925498144
118.98,1,14:32:22.925578861
118.98,3,14:32:22.925597723
118.98,2,14:32:22.925775994
118.98,1,14:32:22.940576930
118.98,3,14:32:23.014582000
118.98,7,14:32:23.014760998
118.98,1,14:32:23.043791561
118.98,1,14:32:23.098838142
118.98,8,14:32:25.087454311
118.98,3,14:32:25.089783634
118.98,1,14:32:25.089801305
118.98,1,14:32:25.090059851
118.98,2,14:32:25.093166143
118.98,2,14:32:25.097902904
118.98,1,14:32:25.098767335
118.98,2,14:32:25.297530551
118.98,10,14:32:25.297530551
118.98,2,14:32:26.907302757
118.98,3,14:32:26.907572306
118.98,2,14:32:26.907741535
118.98,1,14:32:26.907958130
118.98,1,14:32:26.908112955
118.98,1,14:32:26.910504396
118.98,3,14:32:26.925020612
118.98,1,14:32:26.925020612
118.98,5,14:32:26.925108341
118.98,1,14:32:26.925108341
118.98,2,14:32:26.940478566
118.98,3,14:32:26.940478566
118.98,1,14:32:26.940572163
118.98,2,14:32:26.940587455
118.98,1,14:32:26.956289421
118.98,1,14:32:26.956394371
118.98,2,14:32:26.956424938
118.98,3,14:32:26.956424938
118.98,1,14:32:26.956721449
118.98,3,14:32:27.062660755
118.98,3,14:32:27.099128049
118.98,7,14:32:27.099128049
118.99,1,14:32:34.063806768
118.98,1,14:32:34.161818535
118.98,1,14:32:34.161918014
118.98,1,14:32:34.161936549
118.98,3,14:32:34.161936549
118.98,4,14:32:34.161936549
118.98,2,14:32:34.161952059
118.98,1,14:32:34.162276574
118.98,2,14:32:34.162292450
118.98,1,14:32:37.167917149
118.98,1,14:32:37.414927545
118.98,1,14:32:37.702879821
118.98,1,14:32:38.773330474
118.98,1,14:32:38.773345690
118.98,2,14:32:38.773359578
118.98,3,14:32:38.773373207
118.98,1,14:32:38.773387025
118.98,1,14:32:38.773469844
118.98,3,14:32:38.773491181
118.98,13,14:32:38.774118112
118.98,4,14:32:38.774131894
118.98,3,14:32:38.774146330
118.97,2,14:32:55.040223003
118.97,3,14:32:55.390643086
118.97,1,14:32:55.390730286
118.97,2,14:32:55.390747031
118.97,1,14:32:55.390747031
118.98,1,14:32:59.016441220
118.97,3,14:33:20.275478193
118.97,2,14:33:20.275478193
118.97,1,14:33:20.275579662
118.97,3,14:33:20.275579662
118.97,2,14:33:20.275593582
118.97,1,14:33:22.315078255
118.97,1,14:33:22.315091883
118.98,2,14:33:33.125819644
118.98,1,14:33:35.453024894
118.98,16,14:33:35.453117527
118.98,2,14:33:35.453117527
118.97,2,14:33:38.593908607
118.97,4,14:33:40.836414443
118.97,2,14:33:56.278361648
118.97,3,14:33:56.278361648
118.98,4,14:34:22.547497981
118.98,1,14:34:22.593834784
118.98,2,14:34:51.075244559
118.97,2,14:34:52.732380851
118.97,3,14:34:56.286332333
118.97,2,14:34:56.286404006
118.97,8,14:35:00.268416328
118.97,3,14:35:00.268416328
118.97,1,14:35:04.026659587
118.97,1,14:35:05.200236113
118.98,4,14:35:29.600540072
118.98,11,14:35:29.600968988
118.98,3,14:35:29.600984620
118.98,13,14:35:29.600999897
118.98,4,14:35:29.601015264
118.98,1,14:35:29.601015264
118.98,3,14:35:29.601028928
118.98,1,14:35:29.601044206
118.98,1,14:35:29.601059728
118.98,1,14:35:29.601072861
118.98,1,14:35:29.601086961
118.98,3,14:35:29.601383898
118.98,2,14:35:29.601399018
118.98,2,14:35:29.601414576
118.98,1,14:35:29.601428909
118.98,1,14:35:29.601443152
118.98,1,14:35:29.601457437
118.98,16,14:35:29.601470941
118.98,1,14:35:29.601485683
118.98,1,14:35:29.601499850
118.98,1,14:35:29.601513574
118.98,1,14:35:29.601527517
118.98,1,14:35:29.601541574
118.98,2,14:35:29.601555517
118.98,7,14:35:29.601571091
118.98,10,14:35:29.601593091
118.98,1,14:35:29.601608624
118.98,2,14:35:29.601635507
118.98,2,14:35:29.602103916
118.98,1,14:35:29.602103916
118.98,10,14:35:29.602121193
118.98,1,14:35:29.602157891
118.98,1,14:35:29.625996787
118.98,1,14:35:29.626307648
118.98,1,14:35:29.626856700
118.98,1,14:35:29.635438130
118.98,1,14:35:29.682150570
118.98,12,14:35:31.487989874
118.98,1,14:35:31.487989874
118.98,7,14:35:31.488136239
118.98,3,14:35:31.488161973
118.98,11,14:35:31.488161973
118.98,15,14:35:31.488161973
118.98,4,14:35:31.488161973
118.98,9,14:35:31.488161973
118.98,1,14:35:31.488184322
118.98,3,14:35:31.488184322
118.98,14,14:35:31.488184322
118.98,1,14:35:31.488727528
118.98,2,14:35:31.488727528
118.98,2,14:35:31.489209211
118.98,3,14:35:31.489339379
118.98,3,14:35:31.489364359
118.98,4,14:35:31.489364359
118.98,7,14:35:31.489587601
118.98,3,14:35:31.489587601
118.98,1,14:35:31.489859070
118.98,1,14:35:31.499330086
118.98,3,14:35:31.503688998
118.98,1,14:35:31.593392695
118.98,1,14:35:31.593450237
118.98,1,14:35:31.593758945
118.98,5,14:35:31.593758945
118.98,11,14:35:31.594236246
118.98,7,14:35:31.597876319
118.98,3,14:35:31.652780105
118.98,3,14:35:31.652861941
118.98,2,14:35:31.705410044
118.98,4,14:35:31.705887037
118.98,1,14:35:31.711363515
118.98,2,14:35:34.463740289
118.98,1,14:35:34.642705628
118.98,1,14:35:34.728428100
118.98,2,14:35:34.728428100
118.98,1,14:35:34.752946108
118.98,1,14:35:36.001586599
118.98,3,14:35:36.558171027
118.98,2,14:35:36.558270255
118.98,1,14:35:36.558270255
118.98,1,14:35:36.568934302
118.98,1,14:35:36.569309774
118.98,1,14:35:36.600373257
118.98,1,14:35:36.601383960
118.98,1,14:35:36.920688089
118.98,10,14:35:36.920688089
118.98,8,14:35:36.962433133
118.98,1,14:35:36.962446895
118.98,3,14:35:36.962551215
118.98,1,14:35:36.962572093
118.98,3,14:35:36.962572093
118.98,12,14:35:36.962572093
118.98,1,14:35:36.962587154
118.98,1,14:35:37.569170437
118.98,12,14:35:37.569440701
118.98,1,14:35:37.569440701
118.98,1,14:35:37.846701844
118.98,2,14:35:41.997683586
118.97,1,14:36:08.060662156
118.97,1,14:36:08.060743149
118.97,2,14:36:08.060743149
118.98,1,14:36:29.015717439
118.98,1,14:36:33.542209845
118.98,1,14:36:33.542322629
118.98,2,14:36:33.542343041
118.98,3,14:36:33.542343041
118.98,4,14:36:33.542343041
118.98,1,14:36:33.542343041
118.98,1,14:36:33.542364561
118.98,2,14:36:33.542364561
118.98,9,14:36:33.542364561
118.98,3,14:36:33.542814084
118.98,1,14:36:33.566808824
118.98,2,14:36:33.661824112
118.98,6,14:36:34.117731171
118.98,2,14:36:34.117844658
118.98,1,14:36:34.117868146
118.98,2,14:36:34.117868146
118.98,4,14:36:34.117868146
118.98,3,14:36:34.117868146
118.98,2,14:36:34.117886402
118.98,1,14:36:34.546294175
118.98,3,14:36:34.546374091
118.98,1,14:36:34.546397192
118.98,2,14:36:34.546397192
118.98,3,14:36:34.632819995
118.98,1,14:36:34.633134792
118.98,2,14:36:34.989352538
118.98,11,14:36:40.268138877
118.98,1,14:36:40.469784425
118.98,1,14:36:40.469797581
118.98,2,14:36:40.469797581
118.98,1,14:36:40.469810298
118.98,2,14:36:40.469826919
118.98,5,14:36:40.469826919
118.98,2,14:36:40.470093785
118.98,2,14:36:40.470107791
118.98,1,14:36:40.470121691
118.98,1,14:36:40.470134956
118.98,1,14:36:40.470148901
118.98,2,14:36:40.470164364
118.98,1,14:36:40.470178027
118.98,1,14:36:40.470194552
118.98,4,14:36:40.470616726
118.98,3,14:36:40.471112287
118.98,1,14:36:40.471367439
118.98,1,14:36:40.471441931
118.98,1,14:36:40.471507573
118.98,3,14:36:40.471507573
118.98,1,14:36:40.494777592
118.98,1,14:36:40.495032047
118.98,2,14:36:42.885262937
118.98,1,14:36:42.885357122
118.98,3,14:36:42.885383532
118.98,1,14:36:42.885383532
118.98,1,14:36:42.895960564
118.98,14,14:36:43.890776532
118.98,1,14:36:43.890990163
118.98,4,14:36:43.891005978
118.98,1,14:36:43.891005978
118.98,3,14:36:43.891005978
118.98,1,14:36:43.891025184
118.98,12,14:36:43.891025184
118.98,4,14:36:43.891025184
118.98,17,14:36:43.891041779
118.98,2,14:36:43.891615798
118.98,2,14:36:43.895519917
118.98,1,14:36:43.901973508
118.98,1,14:36:46.065204250
118.98,1,14:36:46.431717274
118.97,1,14:36:57.841666118
118.97,3,14:36:57.841666118
118.97,1,14:37:01.195584715
118.97,2,14:37:01.195584715
118.98,3,14:37:30.966676322
118.98,1,14:37:30.966676322
118.98,1,14:37:30.966749158
118.98,2,14:37:30.967204143
118.98,1,14:37:30.967274451
118.98,1,14:37:30.993466763
118.98,1,14:37:31.075439344
118.98,1,14:37:31.110159137
118.97,2,14:37:32.112235384
118.98,1,14:37:33.614256028
118.98,2,14:37:33.615128143
118.98,2,14:37:33.615161230
118.98,1,14:37:33.615161230
118.98,1,14:37:33.615288427
118.98,1,14:37:33.615430404
118.98,1,14:37:33.616896445
118.98,3,14:37:33.616896445
118.98,2,14:37:33.616896445
118.98,2,14:37:33.617356618
118.98,1,14:37:33.617538809
118.98,1,14:37:33.619648032
118.98,1,14:37:33.621001671
118.98,3,14:37:33.621091716
118.98,1,14:37:33.621469128
118.98,4,14:37:33.621469128
118.98,3,14:37:33.706479335
118.98,1,14:37:33.785532138
118.98,1,14:37:36.507551463
118.98,1,14:37:36.507654022
118.98,1,14:37:36.507675706
118.98,3,14:37:36.507675706
118.98,2,14:37:36.507675706
118.98,1,14:37:40.270714993
118.98,3,14:37:40.270714993
118.98,7,14:37:40.270788404
118.98,3,14:38:00.280029122
118.98,7,14:38:00.280029122
118.98,1,14:38:00.280043435
118.98,1,14:38:04.013992422
118.98,9,14:38:06.101043473
118.98,1,14:38:06.101057079
118.98,1,14:38:06.101192608
118.98,1,14:38:06.101216915
118.98,2,14:38:06.101216915
118.98,4,14:38:06.101216915
118.98,1,14:38:06.126147693
118.98,1,14:38:06.126350381
118.98,1,14:38:06.236540658
118.97,1,14:38:08.588391846
118.97,2,14:38:08.588472711
118.97,1,14:38:08.588487040
118.97,2,14:38:12.724927179
118.97,1,14:38:12.724927179
118.97,2,14:38:12.724990648
118.97,1,14:38:13.444254673
118.97,1,14:38:13.444339488
118.97,1,14:38:13.444353645
118.97,2,14:38:22.324412978
118.98,1,14:38:53.067103338
118.97,1,14:38:56.334189619
118.97,5,14:38:56.334259255
118.97,10,14:38:57.359938985
118.97,9,14:38:57.360027520
118.97,1,14:38:57.360027520
118.97,2,14:38:57.360889155
118.97,4,14:38:57.370689060
118.97,12,14:38:57.370689060
118.97,4,14:38:57.370752452
118.97,1,14:38:57.381467411
118.97,1,14:38:57.381543795
118.97,7,14:38:57.381543795
118.97,2,14:38:57.468979482
118.97,4,14:38:57.469074729
118.97,2,14:38:57.469228781
118.97,3,14:38:57.469228781
118.97,4,14:38:57.647057226
118.97,2,14:38:57.714032933
118.97,1,14:39:00.282804282
118.97,1,14:39:00.282954281
118.97,4,14:39:04.028612544
118.97,1,14:39:08.045793780
118.98,1,14:39:15.061523081
118.97,2,14:39:32.945248484
118.97,8,14:39:39.147171761
118.97,1,14:39:39.147325735
118.97,2,14:39:39.147354618
118.97,4,14:39:39.147354618
118.97,3,14:39:39.147354618
118.97,1,14:39:39.147354618
118.97,1,14:39:39.147552848
118.97,1,14:39:39.147704426
118.97,1,14:39:39.148230915
118.97,12,14:39:39.148513574
118.97,1,14:39:39.148904117
118.97,1,14:39:39.149116921
118.97,1,14:39:39.149568249
118.97,1,14:39:39.158301560
118.97,1,14:39:39.173023591
118.97,1,14:39:39.173116042
118.97,1,14:39:39.173606087
118.97,1,14:39:39.173891504
118.97,3,14:39:39.288281180
118.97,2,14:39:39.318894197
118.97,1,14:39:40.316741490
118.97,3,14:39:40.316837016
118.97,10,14:39:40.316865061
118.97,1,14:39:40.316865061
118.97,3,14:39:40.316865061
118.97,7,14:39:40.316865061
118.97,1,14:39:40.317104472
118.97,1,14:39:40.402702129
118.97,2,14:39:40.402772231
118.97,1,14:39:41.515767102
118.97,4,14:39:41.515767102
118.97,1,14:39:42.767369746
118.97,2,14:39:42.767953740
118.96,3,14:40:00.833815144
118.96,1,14:40:00.833923246
118.96,6,14:40:00.833940938
118.96,1,14:40:00.833940938
118.96,10,14:40:00.833940938
118.96,5,14:40:00.833940938
118.96,1,14:40:00.834511701
118.96,1,14:40:00.834617127
118.96,1,14:40:00.841407529
118.96,50,14:40:00.841407529
118.96,1,14:40:00.841441315
118.96,6,14:40:00.841441315
118.96,3,14:40:00.842588629
118.96,1,14:40:00.842613701
118.96,3,14:40:00.842676626
118.96,1,14:40:00.842693908
118.96,1,14:40:00.843113991
118.96,1,14:40:00.843256804
118.96,2,14:40:00.843256804
118.96,12,14:40:00.843256804
118.96,1,14:40:00.850357442
118.96,1,14:40:00.862204889
118.96,1,14:40:00.862457542
118.96,3,14:40:00.862565598
118.96,1,14:40:00.862581669
118.96,1,14:40:00.942005109
118.96,1,14:40:00.942099770
118.96,4,14:40:00.942115747
118.96,1,14:40:01.031518164
118.96,7,14:40:01.031518164
118.96,3,14:40:01.168819587
118.96,3,14:40:01.276149083
118.96,3,14:40:01.282481930
118.96,1,14:40:01.282481930
118.96,1,14:40:01.282590474
118.96,1,14:40:01.282863794
118.96,1,14:40:01.282992931
118.96,1,14:40:01.321239722
118.96,1,14:40:01.361028209
118.96,1,14:40:01.361100350
118.96,1,14:40:01.416691525
118.96,1,14:40:01.417202321
118.96,1,14:40:02.175571858
118.96,1,14:40:02.175713038
118.96,3,14:40:02.175713038
118.96,7,14:40:02.175713038
118.96,1,14:40:02.175727387
118.96,3,14:40:02.175963675
118.96,7,14:40:02.175980440
118.96,1,14:40:02.175994247
118.96,10,14:40:02.176009016
118.96,11,14:40:02.176009016
118.96,4,14:40:02.176026990
118.96,6,14:40:02.176041220
118.96,1,14:40:02.176054977
118.96,1,14:40:02.176102110
118.96,1,14:40:02.176317785
118.96,2,14:40:02.176633063
118.96,1,14:40:02.177548095
118.96,1,14:40:02.177643830
118.96,2,14:40:02.177898448
118.96,1,14:40:02.177898448
118.96,2,14:40:02.264997061
118.96,1,14:40:02.288733126
118.96,2,14:40:02.288733126
118.96,4,14:40:02.288815280
118.96,1,14:40:03.628015085
118.96,1,14:40:03.628080027
118.96,1,14:40:03.735908186
118.96,1,14:40:03.736242503
118.96,1,14:40:03.736258842
118.96,3,14:40:03.736258842
118.96,1,14:40:05.184114212
118.96,2,14:40:16.058568688
118.96,1,14:40:18.978863887
118.96,1,14:40:18.979031056
118.96,3,14:40:18.979051170
118.96,1,14:40:18.979051170
118.96,1,14:40:23.765924658
118.96,3,14:40:23.765924658
118.96,1,14:40:23.766017817
118.96,1,14:40:23.775762712
118.96,1,14:40:23.775850558
118.96,3,14:40:23.775870410
118.96,2,14:40:23.776025185
118.96,6,14:40:23.776172881
118.96,2,14:40:23.776172881
118.96,1,14:40:23.776172881
118.96,3,14:40:23.776304730
118.96,1,14:40:24.187919310
118.96,3,14:40:24.187989437
118.96,1,14:40:25.979793245
118.96,2,14:40:25.979853907
118.96,1,14:40:25.980021011
118.96,3,14:40:26.066498422
118.96,3,14:40:26.151455300
118.96,3,14:40:26.231935480
118.96,3,14:40:26.312180657
118.96,2,14:40:26.392788828
118.96,1,14:40:26.393035231
118.96,1,14:40:26.473267331
118.96,1,14:40:26.553169585
118.96,1,14:40:26.554110438
118.96,1,14:40:26.554478389
118.96,1,14:40:26.554852409
118.96,3,14:40:26.555472885
118.96,1,14:40:26.555926277
118.96,1,14:40:26.556442853
118.96,2,14:40:26.556999854
118.96,1,14:40:26.635154278
118.96,1,14:40:26.635807913
118.96,1,14:40:27.260677648
118.95,1,14:41:04.031635331
118.96,1,14:41:38.068279649
118.96,1,14:41:53.842310379
118.96,1,14:41:53.842746435
118.96,3,14:41:53.842759744
118.96,1,14:41:53.842773888
118.96,1,14:41:53.842790676
118.96,1,14:41:53.842806188
118.96,2,14:41:53.842820279
118.96,1,14:41:53.842834951
118.96,12,14:41:53.842849226
118.96,1,14:41:53.842849226
118.96,1,14:41:53.842863059
118.96,4,14:41:53.842877492
118.96,14,14:41:53.842877492
118.96,1,14:41:53.842891386
118.96,1,14:41:53.842906704
118.96,3,14:41:53.842906704
118.96,2,14:41:53.842922141
118.96,7,14:41:53.842922141
118.96,12,14:41:53.842922141
118.96,2,14:41:53.842937501
118.96,4,14:41:53.842937501
118.96,1,14:41:53.842951562
118.96,1,14:41:53.843046624
118.96,1,14:41:53.843324074
118.96,11,14:41:53.843645808
118.96,1,14:41:53.843667683
118.96,1,14:41:53.843840150
118.96,1,14:41:53.843953980
118.96,1,14:41:53.844030579
118.96,1,14:41:53.868970777
118.96,1,14:41:53.869265049
118.96,1,14:41:53.869760133
118.96,2,14:41:53.902040294
118.96,1,14:41:53.902113679
118.95,3,14:41:58.866210521
118.95,1,14:41:58.866357368
118.95,4,14:41:58.866387791
118.95,1,14:41:58.866387791
118.95,50,14:41:58.866387791
118.95,5,14:41:58.866387791
118.95,9,14:41:58.866387791
118.95,15,14:41:58.866401173
118.96,1,14:41:59.025014045
118.95,3,14:42:02.274008132
118.95,1,14:42:02.274139482
118.95,2,14:42:02.274175300
118.95,1,14:42:02.274175300
118.95,17,14:42:02.274175300
118.95,3,14:42:02.274302552
118.95,6,14:42:02.274450812
118.95,2,14:42:02.274450812
118.95,1,14:42:02.274469574
118.95,2,14:42:02.274469574
118.95,1,14:42:02.274606942
118.95,3,14:42:02.447852412
118.95,1,14:42:02.447852412
118.95,1,14:42:02.450496464
118.95,2,14:42:02.450557479
118.95,1,14:42:02.704302093
118.95,2,14:42:04.540870089
118.95,3,14:42:04.541033392
118.95,1,14:42:04.541054122
118.95,2,14:42:04.541054122
118.95,1,14:42:04.541081901
118.95,16,14:42:04.541081901
118.95,12,14:42:04.541081901
118.95,7,14:42:04.541081901
118.95,3,14:42:04.541635184
118.95,50,14:42:05.374878437
118.95,1,14:42:05.492288214
118.95,2,14:42:09.883471835
118.95,2,14:42:09.883655636
118.95,1,14:42:09.885323725
118.95,2,14:42:09.885422189
118.95,2,14:42:09.885588758
118.95,3,14:42:09.885791567
118.95,1,14:42:09.885896102
118.95,1,14:42:09.886190879
118.95,1,14:42:10.055216411
118.95,2,14:42:10.055443525
118.95,1,14:42:10.486535476
118.95,2,14:42:10.486551741
118.95,2,14:42:14.664746162
118.95,1,14:42:14.664746162
118.95,3,14:42:20.280934810
118.95,3,14:42:20.281039456
118.95,2,14:42:20.281065814
118.95,1,14:42:20.281065814
118.95,1,14:42:20.281381721
118.96,1,14:42:22.755077836
118.96,1,14:42:49.739730236
118.96,1,14:42:49.739812037
118.96,2,14:42:49.740115355
118.96,3,14:42:49.740115355
118.96,2,14:42:49.740324299
118.96,8,14:42:49.740653003
118.96,5,14:42:49.740670641
118.96,2,14:42:49.740684459
118.96,1,14:42:49.740699531
118.96,3,14:42:49.740714488
118.96,3,14:42:49.740733118
118.96,1,14:42:49.740753627
118.96,1,14:42:49.740767326
118.96,1,14:42:49.740782142
118.96,1,14:42:49.740797041
118.96,1,14:42:49.741962432
118.96,1,14:42:49.742217373
118.96,1,14:42:49.745206484
118.96,3,14:42:49.745407841
118.96,1,14:42:49.828706654
118.96,1,14:42:49.828777567
118.96,1,14:42:50.323021032
118.96,1,14:42:53.070300563
118.96,1,14:42:53.070366934
118.96,1,14:42:53.070653218
118.96,2,14:42:53.070869011
118.96,1,14:42:53.070869011
118.96,2,14:42:53.270458387
118.96,1,14:42:54.606703419
118.96,2,14:42:58.270968074
118.96,3,14:42:59.015816011
118.96,2,14:42:59.015816011
118.96,1,14:43:00.076299138
118.96,1,14:43:01.414227541
118.96,3,14:43:10.513502669
118.96,1,14:43:10.513502669
118.96,2,14:43:10.513502669
118.96,1,14:43:10.513516406
118.96,2,14:43:10.514020378
118.96,1,14:43:10.514037793
118.96,1,14:43:10.514059908
118.96,2,14:43:10.514077200
118.96,3,14:43:10.514093290
118.96,1,14:43:10.514113274
118.96,1,14:43:10.514127120
118.96,1,14:43:10.514148093
118.96,1,14:43:10.518842063
118.96,5,14:43:10.518842063
118.96,1,14:43:10.521767781
118.96,1,14:43:10.522496838
118.96,1,14:43:12.220476752
118.96,1,14:43:12.228724836
118.96,3,14:43:12.323971500
118.96,3,14:43:12.405772949
118.96,3,14:43:12.645678258
118.96,2,14:43:12.728230292
118.96,1,14:43:12.728230292
118.96,2,14:43:23.921159671
118.96,3,14:43:23.921159671
118.96,1,14:43:23.921293332
118.96,1,14:43:23.921315339
118.96,3,14:43:23.921315339
118.96,1,14:43:23.921337297
118.96,2,14:43:23.921337297
118.96,3,14:43:23.921337297
118.96,1,14:43:23.921600909
118.96,1,14:44:02.350694052
118.95,1,14:44:03.706711317
118.96,1,14:44:18.060664445
118.95,3,14:44:58.388432309
118.96,1,14:44:59.025943334
118.95,1,14:45:00.525812284
118.96,1,14:45:36.062310881
118.96,1,14:45:39.025432882
118.95,4,14:46:01.685152253
118.95,1,14:46:01.685152253
118.95,2,14:46:01.685223935
118.95,2,14:46:01.685239382
118.95,1,14:46:01.685570592
118.95,1,14:46:01.685715948
118.95,1,14:46:01.685818790
118.95,1,14:46:01.685924588
118.96,1,14:46:06.149047277
118.96,2,14:46:24.067268568
118.96,1,14:47:03.372880370
118.96,1,14:47:03.399291221
118.96,1,14:47:22.074148684
118.95,1,14:47:38.392962555
118.95,2,14:47:38.392962555
118.95,1,14:47:38.393042626
118.95,2,14:47:38.394474833
118.95,1,14:47:47.024553310
118.96,1,14:47:48.229601220
118.96,1,14:47:49.028580508
118.96,1,14:48:19.061605806
118.96,1,14:48:19.087841897
118.96,1,14:48:34.028687864
118.96,1,14:49:09.029320954
118.95,1,14:49:10.033389420
118.96,4,14:49:13.908906514
118.96,12,14:49:13.908906514
118.96,15,14:49:13.909024450
118.96,1,14:49:13.909048415
118.96,2,14:49:13.909048415
118.96,50,14:49:13.909048415
118.96,4,14:49:13.909048415
118.96,1,14:49:13.909065225
118.96,5,14:49:13.909065225
118.96,1,14:49:13.909658191
118.96,1,14:49:13.909690929
118.96,2,14:49:13.909690929
118.96,8,14:49:13.909690929
118.96,11,14:49:13.910039787
118.96,1,14:49:13.910057089
118.96,1,14:49:13.910072789
118.96,1,14:49:13.910089917
118.96,1,14:49:13.910104001
118.96,4,14:49:13.910119361
118.96,3,14:49:13.910138449
118.96,1,14:49:13.910311026
118.96,2,14:49:13.910332782
118.96,1,14:49:13.910588721
118.96,1,14:49:13.933389207
118.96,1,14:49:13.933858867
118.96,1,14:49:13.934446169
118.96,6,14:49:13.950288977
118.96,4,14:49:13.950365600
118.96,1,14:49:13.957897678
118.96,2,14:49:36.059389618
118.96,9,14:49:44.489346946
118.96,1,14:49:44.489407166
118.96,1,14:49:44.515956020
118.96,3,14:49:53.457745608
118.96,3,14:49:53.457759638
118.96,4,14:49:53.457894855
118.96,1,14:49:53.457930731
118.96,4,14:49:53.457930731
118.96,1,14:49:53.458176798
118.96,3,14:49:53.458347885
118.96,1,14:49:53.458362598
118.96,1,14:49:53.458383444
118.96,1,14:49:53.469083730
118.96,1,14:49:53.669596828
118.97,1,14:49:54.030340198
118.97,1,14:50:19.065650996
118.97,4,14:50:19.116315247
118.97,2,14:50:19.116484596
118.97,1,14:50:19.116484596
118.97,3,14:50:19.116500305
118.97,1,14:50:19.116500305
118.97,2,14:50:19.116663982
118.97,1,14:50:19.116663982
118.97,1,14:50:19.116686197
118.97,2,14:50:19.117167489
118.97,1,14:50:19.117181185
118.97,2,14:50:19.117195876
118.97,1,14:50:19.117211028
118.97,3,14:50:19.117223933
118.97,1,14:50:19.117238365
118.97,2,14:50:19.117251783
118.97,1,14:50:19.117265537
118.97,1,14:50:19.117278961
118.97,1,14:50:19.117299524
118.97,4,14:50:19.117315290
118.97,3,14:50:19.117338154
118.97,4,14:50:19.122909901
118.97,2,14:50:19.124677813
118.98,1,14:50:19.155456622
118.98,2,14:50:19.155544330
118.98,4,14:50:19.155558743
118.98,2,14:50:19.155558743
118.98,1,14:50:19.155558743
118.98,1,14:50:19.167913317
118.97,2,14:50:19.319440859
118.98,12,14:50:19.696460533
118.98,5,14:50:19.696736404
118.98,6,14:50:19.696985748
118.98,1,14:50:19.696985748
118.98,17,14:50:19.696985748
118.98,3,14:50:19.696985748
118.98,1,14:50:19.697002333
118.98,8,14:50:19.697002333
118.98,5,14:50:19.697247498
118.98,1,14:50:19.697262779
118.98,3,14:50:19.697262779
118.98,1,14:50:19.697278455
118.98,2,14:50:19.697278455
118.98,3,14:50:19.697295239
118.98,1,14:50:19.697295239
118.98,1,14:50:19.698120032
118.98,21,14:50:19.698831739
118.98,1,14:50:19.698831739
118.98,1,14:50:19.699290178
118.98,2,14:50:19.699290178
118.98,4,14:50:19.699309506
118.98,3,14:50:19.699309506
118.98,3,14:50:19.699663105
118.98,5,14:50:19.699663105
118.98,2,14:50:19.699679358
118.98,1,14:50:19.700293023
118.98,5,14:50:19.700441883
118.98,1,14:50:19.700441883
118.98,1,14:50:19.700703748
118.98,2,14:50:19.700941194
118.98,1,14:50:19.703200248
118.98,1,14:50:19.703610047
118.98,1,14:50:19.704247074
118.98,1,14:50:19.704516223
118.98,1,14:50:19.704730312
118.98,1,14:50:19.705101422
118.98,1,14:50:19.716859814
118.98,1,14:50:19.716973214
118.98,5,14:50:19.716973214
118.98,1,14:50:19.717220721
118.98,2,14:50:19.717220721
118.98,1,14:50:19.717875835
118.98,2,14:50:19.717875835
118.98,1,14:50:19.718189975
118.98,1,14:50:19.718491454
118.98,1,14:50:19.725633250
118.98,1,14:50:19.890723991
118.98,6,14:50:23.090640660
118.98,1,14:50:23.090855293
118.98,2,14:50:23.553959879
118.98,1,14:50:23.554164896
118.98,1,14:50:23.554179281
118.98,14,14:50:23.554179281
118.98,1,14:50:23.554195082
118.98,1,14:50:23.554209440
118.98,23,14:50:23.554224211
118.98,2,14:50:23.554224211
118.98,1,14:50:23.554224211
118.98,1,14:50:23.554390048
118.98,1,14:50:23.554407712
118.98,1,14:50:23.554422625
118.98,1,14:50:23.554437383
118.98,1,14:50:23.554452714
118.98,2,14:50:23.554452714
118.98,1,14:50:23.554470192
118.98,1,14:50:23.577026889
118.98,1,14:50:23.579090005
118.98,1,14:50:23.580296631
118.98,1,14:50:23.580613773
118.98,1,14:50:23.581029820
118.98,1,14:50:23.581134889
118.98,2,14:50:28.115242485
118.98,1,14:50:28.115242485
118.98,3,14:50:28.115336357
118.98,2,14:50:28.115357496
118.98,1,14:50:28.115357496
118.98,1,14:50:28.115668834
118.98,1,14:50:28.141772729
118.97,2,14:50:33.376539533
118.97,1,14:50:34.028445606
118.98,2,14:50:48.198568515
118.98,1,14:50:48.198568515
118.98,1,14:50:48.198949312
118.98,2,14:50:48.198949312
118.98,2,14:50:48.199954963
118.98,1,14:50:48.199968438
118.98,3,14:50:48.200047538
118.98,1,14:50:48.200063297
118.98,3,14:50:48.404925154
118.98,1,14:50:48.600239330
118.98,2,14:50:49.075355079
118.98,1,14:50:49.075627994
118.98,1,14:50:49.075907012
118.98,3,14:50:49.076018660
118.98,1,14:50:49.076322029
118.98,1,14:50:51.041681582
118.98,3,14:50:51.041681582
118.98,2,14:50:51.041814875
118.98,2,14:50:51.041845028
118.98,1,14:50:51.041845028
118.98,15,14:50:51.041845028
118.98,12,14:50:51.041845028
118.98,3,14:50:51.042104619
118.98,1,14:50:51.052369818
118.98,1,14:50:51.052453888
118.98,1,14:50:51.064668346
118.98,2,14:50:52.133677278
118.98,3,14:50:52.536156612
118.98,1,14:50:52.536156612
118.98,1,14:50:52.536230008
118.98,1,14:50:54.730764165
118.98,3,14:50:54.730764165
118.98,2,14:50:54.730764165
118.98,1,14:50:54.741411651
118.98,1,14:50:54.818570071
118.98,1,14:50:54.818652327
118.98,1,14:50:55.001876572
118.98,1,14:50:55.059820942
118.98,1,14:50:56.264144048
118.98,1,14:50:56.264159309
118.98,1,14:50:56.264558956
118.98,3,14:50:56.264558956
118.98,1,14:50:56.925748900
118.98,1,14:50:56.925861053
118.98,13,14:50:56.926683286
118.98,2,14:50:56.926683286
118.98,1,14:50:56.927367462
118.98,2,14:50:57.011286273
118.99,1,14:50:59.101167698
118.98,1,14:51:00.085241398
118.98,1,14:51:00.085529944
118.98,10,14:51:00.085529944
118.98,1,14:51:00.085601660
118.98,1,14:51:00.244511249
118.98,1,14:51:00.244568866
118.98,9,14:51:06.209518007
118.98,3,14:51:06.209518007
118.98,12,14:51:06.271323968
118.98,3,14:51:06.301129332
118.98,1,14:51:06.425152709
118.98,1,14:51:06.445461363
118.98,1,14:51:06.445549657
118.98,3,14:51:11.392719001
118.98,1,14:51:11.392831415
118.98,1,14:51:11.392851597
118.98,1,14:51:12.752485641
118.98,3,14:51:12.752499964
118.98,1,14:51:12.752583017
118.98,1,14:51:12.752602316
118.98,3,14:51:12.752602316
118.98,11,14:51:12.753435058
118.98,2,14:51:12.753534152
118.98,1,14:51:12.753557588
118.98,2,14:51:12.753557588
118.98,3,14:51:12.753557588
118.98,1,14:51:12.790361161
118.99,4,14:51:12.920952207
118.99,2,14:51:12.920952207
118.98,1,14:51:12.994598060
118.98,1,14:51:12.994668083
118.98,2,14:51:14.173453223
118.98,4,14:51:14.173453223
118.98,1,14:51:14.173553051
118.98,7,14:51:14.173581505
118.98,1,14:51:14.173581505
118.98,4,14:51:14.173581505
118.98,2,14:51:14.173581505
118.98,1,14:51:14.184108445
118.98,1,14:51:15.330708434
118.98,1,14:51:30.408424627
118.98,1,14:51:30.408438359
118.98,1,14:51:30.408508381
118.98,1,14:51:30.408722029
118.98,1,14:51:30.408735738
118.98,1,14:51:30.409190655
118.98,2,14:51:30.409319942
118.98,1,14:51:30.409341804
118.98,1,14:51:30.409612819
118.98,1,14:51:30.496470601
118.98,1,14:51:30.496745677
118.98,1,14:51:30.509237360
118.98,1,14:51:30.509527590
118.98,1,14:51:30.511001618
118.99,1,14:51:30.539857158
118.99,1,14:51:30.539927408
118.98,1,14:51:30.579190812
118.98,2,14:51:30.749669377
118.98,3,14:51:30.875450899
118.98,3,14:51:30.957480872
118.98,1,14:51:31.038987424
118.98,2,14:51:31.039293181
118.98,1,14:51:31.124162511
118.98,2,14:51:31.124162511
118.98,1,14:51:31.139946292
118.99,1,14:51:41.020438933
118.99,2,14:51:41.020438933
118.99,1,14:51:41.020523048
118.99,3,14:51:41.020539064
118.99,1,14:51:41.040020281
118.99,1,14:51:41.040109495
118.99,2,14:51:41.040875264
118.99,1,14:51:41.041021692
118.99,1,14:51:41.051213205
118.99,1,14:51:41.051536770
118.99,15,14:51:41.051892530
118.99,1,14:51:41.053501031
118.99,1,14:51:41.081694860
118.99,1,14:51:41.081967896
118.99,1,14:51:41.082091173
118.99,1,14:51:48.028661248
118.99,1,14:51:48.028936986
118.99,3,14:51:48.028957914
118.99,1,14:51:48.028957914
118.99,1,14:51:48.028973751
118.99,1,14:51:48.029159409
118.99,1,14:51:48.029173303
118.99,1,14:51:48.029187946
118.99,1,14:51:48.029208678
119.0,1,14:51:48.067263333
118.99,1,14:51:48.117058745
118.99,1,14:51:48.117137885
118.99,1,14:51:50.030311142
118.99,1,14:51:58.061398814
118.99,1,14:51:58.061534405
118.99,1,14:51:58.061562389
118.99,2,14:51:58.061562389
118.99,1,14:52:00.110272881
118.99,1,14:52:02.479773286
118.99,1,14:52:15.123612270
118.99,1,14:52:15.123717313
118.99,2,14:52:15.123753230
118.99,1,14:52:15.123753230
118.99,3,14:52:15.254958309
118.99,2,14:52:17.042061783
118.99,1,14:52:17.510273141
118.99,1,14:52:23.063100835
118.99,1,14:52:23.063346319
118.99,1,14:52:29.032218986
118.99,1,14:52:54.032087892
118.98,1,14:52:58.814723285
118.98,1,14:53:04.365923828
118.98,2,14:53:04.366159080
118.98,1,14:53:04.366173150
118.98,4,14:53:04.366188360
118.98,2,14:53:04.366188360
118.98,1,14:53:04.366188360
118.98,14,14:53:04.366204321
118.98,1,14:53:04.366204321
118.98,2,14:53:04.366219713
118.98,1,14:53:04.366219713
118.98,1,14:53:04.366234661
118.98,2,14:53:04.366248056
118.98,2,14:53:04.366358196
118.98,1,14:53:04.366373013
118.98,1,14:53:04.366387576
118.98,1,14:53:04.366402318
118.98,2,14:53:04.366402318
118.98,1,14:53:04.366415899
118.98,2,14:53:04.366430929
118.98,1,14:53:04.366449416
118.98,1,14:53:04.376725446
118.98,1,14:53:04.406548058
118.98,1,14:53:04.406722882
118.98,1,14:53:05.481964007
118.97,1,14:53:06.024655233
118.98,1,14:53:06.214968038
118.98,3,14:53:06.214968038
118.98,1,14:53:10.136580794
118.98,2,14:53:15.155212940
118.98,1,14:53:15.403618444
118.98,4,14:53:15.403618444
118.98,1,14:53:15.403714898
118.98,1,14:53:15.403735535
118.98,2,14:53:15.403735535
118.98,1,14:53:15.403968333
118.98,12,14:53:15.404110774
118.98,1,14:53:15.404131258
118.98,1,14:53:15.404163043
118.98,1,14:53:15.434855340
118.98,3,14:53:15.494466677
118.98,2,14:53:15.576466396
118.98,1,14:53:15.576466396
118.98,1,14:53:15.813137974
118.98,2,14:53:15.813137974
118.98,1,14:53:15.897461700
118.98,1,14:53:15.898303375
118.98,1,14:53:15.898517148
118.98,2,14:53:15.982909977
118.98,1,14:53:16.579232651
118.98,1,14:53:17.416652581
118.98,1,14:53:17.416925069
118.98,1,14:53:17.417036358
118.98,1,14:53:17.427672158
118.98,1,14:53:17.502816683
118.98,1,14:53:19.806820845
118.98,2,14:53:19.807133807
118.98,1,14:53:19.807165545
118.98,1,14:53:19.842145093
118.98,3,14:53:27.872493440
118.98,4,14:53:27.872493440
118.98,1,14:53:27.872576183
118.98,1,14:53:27.872596893
118.98,1,14:53:28.454548598
118.98,1,14:53:28.477460475
118.98,1,14:53:28.498973579
118.98,1,14:53:28.559550797
118.98,1,14:53:28.570456584
118.98,1,14:53:30.701179211
118.98,1,14:53:30.701205044
118.98,2,14:53:30.701205044
118.98,5,14:53:42.238492451
118.99,2,14:53:54.082868565
118.98,4,14:54:01.538109305
118.98,1,14:54:01.538209152
118.98,1,14:54:01.538236518
118.98,2,14:54:01.538236518
118.98,2,14:54:01.538442720
118.98,1,14:54:01.538656892
118.98,6,14:54:01.538656892
118.97,1,14:54:04.006459335
118.98,1,14:54:04.873041854
118.97,2,14:54:07.039460123
118.97,1,14:54:08.006739057
118.97,1,14:54:10.635378497
118.97,1,14:54:12.006024490
118.97,1,14:54:20.006613138
118.97,1,14:54:24.007098902
118.97,1,14:54:28.006020992
118.98,1,14:54:28.032441980
118.97,1,14:54:33.866360904
118.97,1,14:54:35.028357946
118.97,1,14:54:36.006557446
118.97,1,14:54:40.007030978
118.97,1,14:54:44.006225116
118.97,1,14:54:52.009462272
118.98,1,14:54:53.072078487
118.97,1,14:54:56.440403386
118.98,1,14:54:56.466470220
118.98,1,14:54:57.315351109
118.98,4,14:54:57.315351109
118.98,12,14:54:57.315536118
118.98,1,14:54:57.315553696
118.98,7,14:54:57.315553696
118.98,2,14:54:57.315553696
118.98,1,14:54:57.315578105
118.98,3,14:54:57.315578105
118.98,1,14:54:57.340071024
118.97,1,14:55:06.006029952
118.98,1,14:55:20.115105709
118.98,1,14:55:20.115477561
118.98,1,14:55:20.115679845
118.98,1,14:55:20.115697308
118.98,1,14:55:20.115720611
118.98,3,14:55:20.115720611
118.99,1,14:55:20.166666780
118.98,1,14:55:20.201381667
118.98,1,14:55:26.006498710
118.98,1,14:55:27.664860625
118.98,1,14:55:27.665168482
118.98,5,14:55:27.665448956
118.98,2,14:55:27.665463087
118.98,1,14:55:27.665479019
118.98,1,14:55:27.665497733
118.98,1,14:55:27.665519068
118.98,1,14:55:27.665554639
118.98,1,14:55:27.665568536
118.98,1,14:55:27.665812469
118.98,2,14:55:27.665826770
118.98,1,14:55:27.665842434
118.98,1,14:55:27.665858021
118.98,10,14:55:27.665858021
118.98,5,14:55:27.665875020
118.98,4,14:55:27.665875020
118.98,1,14:55:27.665891362
118.98,2,14:55:27.665931982
118.98,1,14:55:27.689833210
118.98,1,14:55:27.745629280
118.98,1,14:55:27.906055121
118.98,1,14:55:27.984293732
118.98,1,14:55:27.984482241
118.97,1,14:55:28.006564787
118.98,1,14:55:28.660130939
118.98,1,14:55:28.660449195
118.98,2,14:55:28.660926487
118.98,1,14:55:28.660926487
118.98,1,14:55:28.661123840
118.98,2,14:55:28.682614260
118.98,1,14:55:28.682783777
118.98,1,14:55:29.847164518
118.98,1,14:55:29.847510765
118.98,1,14:55:29.847708057
118.97,1,14:55:30.006772398
118.97,1,14:55:34.006101114
118.98,2,14:55:35.954295877
118.98,1,14:55:35.954330532
118.98,4,14:55:35.954330532
118.98,2,14:55:35.954330532
118.98,1,14:55:35.964719360
118.98,1,14:55:35.973805802
118.97,1,14:55:38.006544274
118.97,1,14:55:42.006781871
118.97,1,14:55:45.029421065
118.97,1,14:55:46.006114763
118.98,1,14:55:46.071073019
118.97,1,14:55:48.006316373
118.97,1,14:55:54.006829730
118.97,1,14:55:56.006226517
118.97,1,14:55:58.006478545
118.97,1,14:55:59.695515894
118.97,2,14:55:59.695515894
118.97,2,14:55:59.695748848
118.97,1,14:55:59.695763559
118.97,4,14:55:59.695763559
118.97,1,14:55:59.695777421
118.97,19,14:55:59.695792641
118.97,2,14:55:59.695792641
118.97,4,14:55:59.695807607
118.97,69,14:55:59.695821834
118.97,1,14:55:59.695821834
118.97,1,14:55:59.695834711
118.97,8,14:55:59.696087594
118.97,1,14:55:59.696101437
118.97,2,14:55:59.696116378
118.97,1,14:55:59.696131748
118.97,1,14:55:59.706338665
118.97,1,14:55:59.706707608
118.97,2,14:55:59.707083835
118.97,1,14:55:59.707083835
118.97,1,14:55:59.707100255
118.97,1,14:55:59.712330142
118.97,2,14:55:59.721347342
118.97,18,14:55:59.721347342
118.97,6,14:55:59.721533281
118.97,1,14:55:59.732850246
118.97,1,14:56:00.750419614
118.96,1,14:56:08.007779900
118.96,1,14:56:12.006101099
118.97,1,14:56:14.034542915
118.96,1,14:56:22.006855166
118.97,1,14:56:29.035897187
118.96,1,14:56:30.035522153
118.97,1,14:56:33.270268118
118.97,1,14:56:40.086178242
118.96,1,14:56:42.006014766
118.96,1,14:56:46.006541575
118.97,1,14:56:54.036859044
118.96,1,14:56:55.811581067
118.96,1,14:56:56.006359211
118.96,1,14:56:57.971977109
118.96,1,14:57:09.891491756
118.96,1,14:57:10.006906673
118.97,1,14:57:12.998138952
118.96,1,14:57:20.006742809
118.96,1,14:57:22.007003555
118.96,1,14:57:28.026151149
118.96,1,14:57:30.006447704
118.97,1,14:57:30.014292479
118.97,1,14:57:30.014363474
118.97,1,14:57:33.251897282
118.97,1,14:57:33.251959749
118.96,1,14:57:38.006063160
118.96,2,14:57:40.152916819
118.96,1,14:57:40.152937727
118.96,2,14:57:40.152937727
118.96,2,14:57:40.153159353
118.96,1,14:57:40.153246537
118.96,14,14:57:40.153942860
118.96,2,14:57:40.153957084
118.96,1,14:57:40.153972623
118.96,1,14:57:40.153986517
118.96,1,14:57:40.154002105
118.96,1,14:57:40.154016319
118.96,1,14:57:40.154033532
118.96,1,14:57:40.154048987
118.96,1,14:57:40.154062767
118.96,1,14:57:40.154076280
118.96,4,14:57:40.154090271
118.96,1,14:57:40.154104280
118.96,5,14:57:40.154120213
118.96,3,14:57:40.154133493
118.96,3,14:57:40.154148501
118.96,1,14:57:40.154148501
118.96,1,14:57:40.154592562
118.96,9,14:57:40.160175134
118.96,10,14:57:40.160433172
118.96,1,14:57:40.160524080
118.96,1,14:57:40.164912000
118.96,1,14:57:40.173733577
118.96,1,14:57:40.297289658
118.96,3,14:57:40.407872896
118.96,1,14:57:40.407872896
118.96,7,14:57:40.407961417
118.96,2,14:57:40.407982835
118.96,1,14:57:40.407982835
118.96,2,14:57:40.462398648
118.96,1,14:57:44.108226003
118.96,1,14:57:44.108307334
118.96,1,14:57:44.108791795
118.96,1,14:57:44.131763878
118.96,1,14:57:44.132101801
118.96,1,14:57:44.132214401
118.96,1,14:57:44.132230788
118.96,3,14:57:44.132230788
118.96,1,14:57:44.137007557
118.96,1,14:57:44.202037728
118.96,1,14:57:44.202148845
118.96,1,14:57:44.202446076
118.96,1,14:57:44.284309829
118.96,1,14:57:44.284391250
118.96,1,14:57:44.291222028
118.96,1,14:57:44.303649627
118.96,1,14:57:44.367281981
118.96,1,14:57:44.367558653
118.96,1,14:57:44.388893210
118.96,1,14:57:44.448429987
118.96,1,14:57:44.534465636
118.96,2,14:57:44.646674153
118.96,1,14:57:44.673463849
118.96,1,14:57:45.107602539
118.96,1,14:57:45.989529584
118.96,1,14:57:46.248685592
118.95,1,14:57:47.803245340
118.95,1,14:57:52.005920869
118.95,1,14:57:59.802654936
118.95,1,14:58:00.006620545
118.96,1,14:58:03.037165682
118.95,1,14:58:07.838403891
118.95,2,14:58:07.838403891
118.95,1,14:58:07.838491696
118.95,1,14:58:07.838507891
118.95,2,14:58:07.838507891
118.95,1,14:58:07.838526221
118.95,15,14:58:07.838526221
118.96,3,14:58:11.462974654
118.96,1,14:58:11.462974654
118.95,1,14:58:11.802327229
118.95,1,14:58:12.012819204
118.95,1,14:58:19.033365557
118.95,1,14:58:20.009675024
118.95,1,14:58:23.802650234
118.95,1,14:58:28.006528306
118.95,1,14:58:30.006659107
118.96,1,14:58:33.026197547
118.96,1,14:58:34.062516543
118.95,1,14:58:35.348247115
118.95,1,14:58:35.802283928
118.96,3,14:58:37.403884329
118.96,13,14:58:37.403884329
118.96,2,14:58:37.404185408
118.96,2,14:58:37.404199971
118.96,3,14:58:37.404215660
118.96,2,14:58:37.404227814
118.96,6,14:58:37.404246755
118.96,1,14:58:37.404246755
118.96,1,14:58:37.404260243
118.96,1,14:58:37.404278134
118.96,1,14:58:37.404292208
118.96,1,14:58:37.404306870
118.96,9,14:58:37.404320249
118.96,1,14:58:37.404334171
118.96,1,14:58:37.404349714
118.96,1,14:58:37.404537219
118.96,1,14:58:37.404550809
118.96,2,14:58:37.404566111
118.96,1,14:58:37.404566111
118.96,1,14:58:37.404580134
118.96,1,14:58:37.404594857
118.96,3,14:58:37.404610092
118.96,5,14:58:37.404831209
118.96,7,14:58:37.404846406
118.96,1,14:58:37.404846406
118.96,1,14:58:37.404860844
118.96,2,14:58:37.404879094
118.96,25,14:58:37.404879094
118.96,1,14:58:37.404892082
118.96,1,14:58:37.404906831
118.96,4,14:58:37.404923061
118.96,1,14:58:37.415282818
118.96,1,14:58:37.415382197
118.96,1,14:58:37.434492058
118.96,1,14:58:37.435595586
118.97,1,14:58:39.442308582
118.96,1,14:58:42.006489810
118.97,2,14:58:43.999296263
118.97,1,14:58:43.999592607
118.97,1,14:58:43.999616656
118.97,4,14:58:43.999616656
118.97,15,14:58:43.999616656
118.97,12,14:58:43.999616656
118.97,2,14:58:43.999633213
118.97,1,14:58:43.999633213
118.97,3,14:58:43.999633213
118.97,1,14:58:44.000030201
118.97,1,14:58:44.000043910
118.97,3,14:58:44.000058582
118.97,9,14:58:44.000072012
118.97,7,14:58:44.000086063
118.97,1,14:58:44.000101503
118.97,1,14:58:44.000116754
118.97,4,14:58:44.000130070
118.97,1,14:58:44.000143513
118.97,1,14:58:44.000161045
118.97,1,14:58:44.000179826
118.97,1,14:58:44.000193481
118.97,1,14:58:44.000207500
118.97,3,14:58:44.000207500
118.97,2,14:58:44.000222012
118.97,1,14:58:44.000222012
118.97,1,14:58:44.000239241
118.97,1,14:58:44.000252793
118.97,1,14:58:44.000276969
118.97,1,14:58:44.010282274
118.97,1,14:58:44.010628312
118.97,1,14:58:44.010715857
118.97,3,14:58:44.087491721
118.97,6,14:58:44.089636938
118.97,3,14:58:44.089741760
118.97,1,14:58:44.089758682
118.97,8,14:58:44.089758682
118.97,5,14:58:44.089758682
118.97,2,14:58:44.089775402
118.97,2,14:58:44.090804121
118.97,2,14:58:44.110567675
118.97,7,14:58:44.110795818
118.97,3,14:58:44.110795818
118.97,2,14:58:44.134248911
118.97,1,14:58:44.134332031
118.97,2,14:58:44.134346879
118.97,2,14:58:44.344933681
118.97,1,14:58:50.006042960
118.98,1,14:58:51.467844185
118.98,1,14:58:51.467920814
118.98,5,14:58:51.467934101
118.98,1,14:58:53.038384402
118.98,1,14:58:53.468203781
118.98,1,14:58:53.468272460
118.98,1,14:58:53.468287103
118.98,3,14:58:53.468287103
118.98,1,14:58:55.467366446
118.98,6,14:58:55.467438552
118.98,6,14:58:57.467697367
118.98,2,14:58:57.467697367
118.98,3,14:58:59.467981470
118.98,2,14:58:59.467996577
118.98,1,14:58:59.467996577
118.97,1,14:58:59.803260096
118.97,1,14:59:00.024099481
118.97,1,14:59:00.137229164
118.98,1,14:59:01.559865044
118.98,2,14:59:01.560365465
118.98,1,14:59:03.041825998
118.98,1,14:59:08.397535320
118.98,1,14:59:10.023583567
118.98,3,14:59:11.435791674
118.97,1,14:59:11.801865251
118.98,1,14:59:12.244140927
118.98,2,14:59:14.423972314
118.97,1,14:59:14.760699993
118.97,1,14:59:15.031591609
118.98,3,14:59:17.461280625
118.98,1,14:59:19.023356894
118.98,1,14:59:20.374516280
118.98,3,14:59:20.522228918
118.98,1,14:59:20.522228918
118.98,2,14:59:20.522318326
118.98,1,14:59:20.522318326
118.98,1,14:59:22.374648191
118.98,3,14:59:22.374648191
118.98,5,14:59:22.374709330
118.97,1,14:59:23.718263577
118.97,1,14:59:23.802819884
118.98,1,14:59:24.374834338
118.98,6,14:59:24.374915392
118.98,1,14:59:24.374915392
118.98,2,14:59:26.400240867
118.98,3,14:59:26.400240867
118.98,1,14:59:26.400321785
118.98,3,14:59:26.400336047
118.98,1,14:59:26.400336047
118.98,1,14:59:26.400525079
118.98,1,14:59:26.427101907
118.98,1,14:59:27.054370475
118.98,1,14:59:28.069902282
118.98,1,14:59:28.374313886
118.98,1,14:59:28.374421658
118.98,1,14:59:28.374461489
118.98,3,14:59:28.374461489
118.97,1,14:59:30.039146182
118.98,1,14:59:30.060326191
118.98,3,14:59:30.060398898
118.98,1,14:59:30.374516411
118.98,5,14:59:30.374605738
118.98,1,14:59:30.374621136
118.98,1,14:59:30.400621652
118.98,1,14:59:30.460308825
118.98,5,14:59:32.153811229
118.98,9,14:59:32.374700960
118.98,1,14:59:32.375134591
118.98,1,14:59:33.019202593
118.98,1,14:59:33.154279505
118.98,1,14:59:34.006828023
118.98,1,14:59:34.029785730
118.98,1,14:59:34.374901645
118.98,8,14:59:34.374901645
118.98,2,14:59:35.001407966
118.98,1,14:59:35.001407966
118.98,2,14:59:35.001493396
118.98,5,14:59:35.001742078
118.98,1,14:59:35.001742078
118.98,1,14:59:35.001828842
118.98,1,14:59:35.001846961
118.98,1,14:59:35.002261062
118.98,2,14:59:35.002261062
118.98,3,14:59:35.002261062
118.98,1,14:59:35.007005165
118.98,1,14:59:35.029121859
118.98,2,14:59:35.051858652
118.98,1,14:59:35.391539601
118.98,1,14:59:36.007198183
118.98,4,14:59:36.306271438
118.98,3,14:59:36.399345801
118.98,1,14:59:36.399431695
118.98,1,14:59:36.399452210
118.98,3,14:59:36.399452210
118.98,2,14:59:36.399452210
118.98,1,14:59:37.007328290
118.98,1,14:59:38.008916854
118.98,5,14:59:38.374458715
118.98,2,14:59:38.374458715
118.98,1,14:59:38.374554338
118.98,1,14:59:39.009121206
118.98,1,14:59:39.391835505
118.98,1,14:59:40.009308431
118.98,1,14:59:40.037663260
118.98,1,14:59:40.374557745
118.98,3,14:59:40.374572093
118.98,1,14:59:40.374634537
118.98,1,14:59:40.374650934
118.98,3,14:59:40.374650934
118.98,7,14:59:40.393509852
118.98,1,14:59:40.393921462
118.98,1,14:59:40.394207259
118.98,2,14:59:40.394207259
118.98,1,14:59:40.394222719
118.98,1,14:59:40.394553407
118.98,4,14:59:40.394995729
118.98,1,14:59:40.405353894
118.98,1,14:59:40.413848272
118.98,4,14:59:40.413848272
118.98,1,14:59:40.418583935
118.98,1,14:59:40.442503130
118.98,11,14:59:40.442593568
118.99,4,14:59:40.485520989
118.98,1,14:59:40.585976039
118.99,1,14:59:41.009501216
118.98,1,14:59:41.027337004
118.98,1,14:59:41.137939165
118.99,1,14:59:42.009695797
118.99,1,14:59:43.009863302
118.99,1,14:59:43.391890761
118.99,1,14:59:44.010056818
118.99,1,14:59:44.375237058
118.99,1,14:59:44.375317570
118.99,1,14:59:44.375334009
118.99,2,14:59:44.375334009
118.99,1,14:59:44.460325883
118.99,1,14:59:44.506271832
118.99,2,14:59:44.642106941
118.99,1,14:59:45.010178733
118.99,1,14:59:45.033823121
118.99,1,14:59:46.010331735
118.99,1,14:59:46.399558209
118.99,8,14:59:46.399624235
118.99,1,14:59:47.010501156
118.99,1,14:59:47.391150771
118.99,1,14:59:48.010665989
118.99,5,14:59:48.374670267
118.99,3,14:59:48.374670267
118.99,1,14:59:48.374732101
118.98,1,14:59:48.541413389
118.98,1,14:59:48.541441101
118.98,2,14:59:48.541441101
118.98,3,14:59:48.541441101
118.98,1,14:59:48.541698494
118.98,1,14:59:48.541727860
118.98,1,14:59:48.541742555
118.98,1,14:59:48.541761992
118.98,1,14:59:48.542113313
118.98,1,14:59:48.542128202
118.98,12,14:59:48.542141357
118.98,7,14:59:48.542154807
118.98,1,14:59:48.542169591
118.98,1,14:59:48.542184362
118.98,2,14:59:48.542184362
118.98,2,14:59:48.542198109
118.98,1,14:59:48.542211876
118.98,6,14:59:48.542227649
118.98,6,14:59:48.542261612
118.98,2,14:59:48.542500234
118.98,1,14:59:48.542514534
118.98,1,14:59:48.542528938
118.98,1,14:59:48.542542499
118.98,1,14:59:48.542556362
118.98,4,14:59:48.542571206
118.98,1,14:59:48.542691786
118.98,1,14:59:48.542709091
118.98,5,14:59:48.542724618
118.98,1,14:59:48.542740458
118.98,1,14:59:48.543047440
118.98,1,14:59:48.543063408
118.98,1,14:59:48.543214037
118.98,1,14:59:48.543347456
118.98,2,14:59:48.543386851
118.98,2,14:59:48.543452716
118.98,1,14:59:48.543573990
118.98,1,14:59:48.543592867
118.98,1,14:59:48.543738003
118.98,2,14:59:48.543857573
118.98,1,14:59:48.543857573
118.98,1,14:59:48.543874796
118.98,1,14:59:48.544446607
118.98,2,14:59:48.544461269
118.98,1,14:59:48.544479481
118.98,1,14:59:48.544493292
118.98,2,14:59:48.544968369
118.98,1,14:59:48.545598401
118.98,1,14:59:48.545637985
118.98,1,14:59:48.545661528
118.98,1,14:59:48.545948759
118.98,4,14:59:48.546301082
118.98,5,14:59:48.546301082
118.98,2,14:59:48.546301082
118.98,1,14:59:48.564768921
118.98,1,14:59:48.564848127
118.98,1,14:59:48.566376507
118.98,1,14:59:48.568200953
118.98,1,14:59:48.568596848
118.98,1,14:59:49.010904400
118.98,1,14:59:49.048234826
118.98,3,14:59:49.096290045
118.98,1,14:59:49.096290045
118.98,1,14:59:49.096383454
118.98,2,14:59:49.096408739
118.98,3,14:59:49.096408739
118.98,1,14:59:49.096408739
118.98,3,14:59:49.182035433
118.99,1,14:59:50.011111838
118.98,1,14:59:50.026881234
118.99,4,14:59:50.374828591
118.99,1,14:59:51.011232305
118.98,1,14:59:51.057173044
118.98,1,14:59:52.006079349
118.98,20,14:59:52.006342677
118.99,1,14:59:52.011477703
118.99,1,14:59:52.031534302
118.99,2,14:59:52.374186606
118.99,10,14:59:52.374186606
118.99,1,14:59:52.374273303
118.99,4,14:59:52.374273303
118.99,4,14:59:52.976815176
118.99,1,14:59:53.011878292
118.98,1,14:59:53.054543104
118.99,1,14:59:53.391765169
118.99,1,14:59:54.012078548
118.98,1,14:59:54.062296704
118.99,8,14:59:54.374249812
118.99,6,14:59:54.374249812
118.99,4,14:59:54.374312260
118.99,1,14:59:55.015078561
118.98,1,14:59:55.034109631
118.98,1,14:59:55.053413382
118.99,4,14:59:55.058493407
118.99,3,14:59:55.111876246
118.99,1,14:59:55.391936914
118.98,1,14:59:55.746938520
118.98,1,14:59:56.022234068
118.98,1,14:59:56.069715832
118.99,3,14:59:56.374613853
118.99,5,14:59:56.374613853
118.99,2,14:59:56.374689776
118.99,8,14:59:56.374689776
118.99,1,14:59:56.410778408
118.98,1,14:59:56.816590505
118.98,1,14:59:57.033658377
118.99,1,14:59:57.392040816
118.98,1,14:59:57.986857947
118.98,1,14:59:59.021380440
118.98,2,14:59:59.043269712
118.99,2,14:59:59.043485917
118.99,10,14:59:59.382991059
118.99,10,14:59:59.383068549
118.99,2,14:59:59.383068549
118.99,1,14:59:59.416448842
118.99,1,14:59:59.444156987
118.99,2,14:59:59.488704133
118.98,2,14:59:59.523247510
118.99,3,14:59:59.525902194
118.98,1,14:59:59.549058823
118.98,1,14:59:59.549140355
118.98,12,14:59:59.603365651
118.98,1,14:59:59.803119555
118.99,1,15:00:00.015338087
118.98,1,15:00:01.018593618
118.98,1,15:00:04.013989807
118.98,1,15:00:06.019849594
118.98,19,15:00:09.257800558
118.98,37,15:00:09.258243225
118.98,2,15:00:09.258353452
118.98,19,15:00:09.258749777
118.98,3,15:00:09.258749777
118.98,1,15:00:09.258994792
118.98,1,15:00:09.259008674
118.98,1,15:00:09.259022738
118.98,1,15:00:09.259038408
118.98,1,15:00:09.259052059
118.98,1,15:00:09.259067233
118.98,10,15:00:09.259067233
118.98,1,15:00:09.259080859
118.98,10,15:00:09.259094577
118.98,5,15:00:09.259111845
118.98,5,15:00:09.259283813
118.98,1,15:00:09.259300107
118.98,3,15:00:09.259300107
118.98,1,15:00:09.259316932
118.98,5,15:00:09.259521809
118.98,7,15:00:09.259542371
118.98,1,15:00:09.259919585
118.98,3,15:00:09.260202766
118.98,1,15:00:09.260224727
118.98,2,15:00:09.260224727
118.98,2,15:00:09.260820944
118.98,7,15:00:09.260889187
118.98,1,15:00:09.269461341
118.98,1,15:00:09.269669536
118.98,4,15:00:09.270160713
118.98,1,15:00:09.270160713
118.98,1,15:00:09.270255699
118.97,1,15:00:10.016185264
118.97,2,15:00:11.196674909
118.97,1,15:00:11.196753003
118.97,2,15:00:11.196753003
118.97,1,15:00:14.021608763
118.97,1,15:00:18.038747345
118.97,1,15:00:20.018923700
118.98,6,15:00:20.367181383
118.98,7,15:00:20.367414301
118.98,3,15:00:20.367431210
118.98,1,15:00:20.367431210
118.98,1,15:00:20.367451213
118.98,2,15:00:20.367451213
118.98,2,15:00:20.367465274
118.98,4,15:00:20.367465274
118.98,1,15:00:20.367465274
118.98,1,15:00:20.367479530
118.98,2,15:00:20.367479530
118.98,1,15:00:20.367948967
118.98,6,15:00:20.368364832
118.98,1,15:00:20.368599606
118.98,4,15:00:20.368599606
118.98,1,15:00:20.372742003
118.98,4,15:00:20.372742003
118.98,1,15:00:20.403404804
118.98,1,15:00:20.403488312
118.98,1,15:00:20.407381704
118.98,1,15:00:20.428223400
118.98,3,15:00:20.502118947
118.98,1,15:00:20.634945161
118.98,1,15:00:20.635022334
118.98,2,15:00:20.635299393
118.98,1,15:00:20.635299393
118.98,2,15:00:20.635402865
118.98,1,15:00:20.635420856
118.98,1,15:00:20.658874791
118.98,1,15:00:20.659341197
118.98,1,15:00:20.682434657
118.98,2,15:00:20.759519675
118.98,1,15:00:20.782938948
118.98,1,15:00:20.842833007
118.98,1,15:00:20.842966793
118.98,1,15:00:20.843066021
118.98,1,15:00:20.850707600
118.98,1,15:00:20.872602220
118.98,1,15:00:20.913449171
118.98,1,15:00:21.005193387
118.98,1,15:00:21.005422116
118.98,1,15:00:21.005963581
118.98,1,15:00:21.054043670
118.98,1,15:00:21.068148312
118.98,1,15:00:21.068166667
118.98,1,15:00:21.068384078
118.98,3,15:00:21.068384078
118.98,1,15:00:21.074870080
118.98,1,15:00:21.083381101
118.98,1,15:00:21.083588496
118.98,2,15:00:21.083800230
118.98,2,15:00:21.087851824
118.98,1,15:00:21.211066872
118.98,1,15:00:21.211461017
118.98,2,15:00:21.427383865
118.98,3,15:00:21.427465145
118.98,1,15:00:21.427465145
118.98,1,15:00:21.427702747
118.98,3,15:00:21.553910553
118.98,1,15:00:21.554142793
118.98,1,15:00:21.554321954
118.98,1,15:00:21.682619649
118.98,1,15:00:21.682808525
118.98,1,15:00:21.682895810
118.98,3,15:00:21.682911663
118.98,3,15:00:21.816170455
118.98,1,15:00:21.944271094
118.98,1,15:00:21.945231522
118.98,2,15:00:21.945442955
118.98,3,15:00:21.945459035
118.98,2,15:00:22.039885280
118.98,1,15:00:22.040131907
118.98,2,15:00:22.040230384
118.98,1,15:00:22.040230384
118.97,1,15:00:24.017224002
118.97,1,15:00:26.016417456
118.98,1,15:00:26.984592576
118.97,1,15:00:32.016589119
118.97,1,15:00:36.032931642
118.97,1,15:00:43.016470307
118.97,1,15:00:44.019961869
118.97,1,15:00:46.019111825
118.97,1,15:00:48.018382361
118.97,4,15:00:50.675858142
118.97,2,15:00:50.675858142
118.97,1,15:00:50.676496663
118.97,1,15:00:50.676510493
118.97,3,15:00:50.676526282
118.97,1,15:00:50.676539856
118.97,1,15:00:50.676554113
118.97,2,15:00:50.676568404
118.97,2,15:00:50.676582583
118.97,1,15:00:50.676596001
118.97,1,15:00:50.676610020
118.97,1,15:00:50.676622868
118.97,1,15:00:50.676636292
118.97,1,15:00:50.676863071
118.97,1,15:00:50.676876898
118.97,1,15:00:50.676892137
118.97,1,15:00:50.676907753
118.97,1,15:00:50.676923318
118.97,1,15:00:50.676937395
118.97,3,15:00:50.676937395
118.97,2,15:00:50.676951222
118.97,1,15:00:50.676965052
118.97,1,15:00:50.676981311
118.97,1,15:00:50.687413298
118.97,1,15:00:50.687428594
118.97,1,15:00:50.702021728
118.97,2,15:00:51.070743148
118.96,1,15:00:54.015068914
118.96,1,15:00:56.014768584
118.96,1,15:01:00.103342922
118.96,1,15:01:00.104162857
118.96,1,15:01:00.104199206
118.96,1,15:01:00.104212287
118.96,1,15:01:00.104226946
118.96,2,15:01:00.104241596
118.96,1,15:01:00.104258905
118.96,1,15:01:00.104307337
118.96,1,15:01:00.104326422
118.96,1,15:01:00.104354156
118.96,2,15:01:00.104671404
118.96,9,15:01:00.104973282
118.96,1,15:01:00.105261227
118.96,6,15:01:00.105261227
118.96,1,15:01:00.105459698
118.96,5,15:01:00.105549217
118.96,3,15:01:00.105549217
118.96,1,15:01:00.123204714
118.96,1,15:01:00.132872271
118.96,5,15:01:00.339932447
118.96,7,15:01:00.340043190
118.96,1,15:01:00.340043190
118.96,2,15:01:00.340058438
118.96,7,15:01:00.398649744
118.96,1,15:01:00.398649744
118.96,1,15:01:00.420731637
118.95,1,15:01:02.012384902
118.95,1,15:01:05.015142937
118.95,1,15:01:10.024912262
118.95,1,15:01:14.019536631
118.95,1,15:01:16.016617826
118.95,1,15:01:22.016104456
118.96,1,15:01:23.211741550
118.95,1,15:01:24.015258952
118.95,1,15:01:27.015545300
118.95,2,15:01:27.179474962
118.95,1,15:01:30.025855591
118.96,2,15:01:34.684585802
118.96,1,15:01:34.684944245
118.96,1,15:01:34.685101425
118.96,3,15:01:34.685149029
118.96,1,15:01:34.685149029
118.96,8,15:01:34.685149029
118.96,1,15:01:34.695838715
118.96,3,15:01:34.771586328
118.96,1,15:01:34.777416250
118.96,3,15:01:34.795468661
118.96,1,15:01:34.854454439
118.96,1,15:01:34.866232801
118.96,1,15:01:34.939169361
118.96,1,15:01:34.939306331
118.96,1,15:01:35.026706356
118.96,1,15:01:35.026792893
118.96,3,15:01:35.026810032
118.96,7,15:01:35.026810032
118.96,1,15:01:35.026810032
118.96,1,15:01:35.026960378
118.96,1,15:01:35.687785241
118.96,1,15:01:35.688053160
118.96,2,15:01:35.688229314
118.96,1,15:01:35.688244286
118.96,3,15:01:35.688258775
118.96,3,15:01:35.688272925
118.96,1,15:01:35.688288669
118.96,1,15:01:35.711340685
118.96,2,15:01:35.712828990
118.96,1,15:01:35.712828990
118.96,2,15:01:35.778925116
118.96,1,15:01:35.779012290
118.96,5,15:01:35.825718615
118.96,1,15:01:35.825718615
118.96,2,15:01:35.825793335
118.96,3,15:01:37.189919961
118.96,1,15:01:37.190008281
118.96,2,15:01:37.190023542
118.96,1,15:01:37.190023542
118.96,1,15:01:38.022473414
118.96,1,15:01:46.018900581
118.97,1,15:01:52.845392547
118.97,3,15:01:52.845392547
118.97,1,15:01:52.845407075
118.97,3,15:01:52.845407075
118.97,1,15:01:52.845421689
118.97,1,15:01:52.845436862
118.97,3,15:01:52.845451689
118.97,1,15:01:52.845465836
118.97,1,15:01:52.845480546
118.97,2,15:01:52.845480546
118.97,2,15:01:52.845495116
118.97,1,15:01:52.845495116
118.97,1,15:01:52.845509801
118.97,4,15:01:52.845509801
118.97,12,15:01:52.845615544
118.97,10,15:01:52.845630150
118.97,18,15:01:52.845630150
118.97,2,15:01:52.846738226
118.97,1,15:01:52.846752331
118.97,1,15:01:52.846770971
118.97,2,15:01:52.846788244
118.97,1,15:01:52.846803863
118.97,1,15:01:52.846823262
118.97,1,15:01:52.846841684
118.97,2,15:01:52.846855156
118.97,4,15:01:52.846870974
118.97,1,15:01:52.846870974
118.97,10,15:01:52.847625255
118.97,4,15:01:52.847644048
118.97,4,15:01:52.847729012
118.97,10,15:01:52.848118691
118.97,2,15:01:52.848431815
118.97,2,15:01:52.849520745
118.98,3,15:01:52.850997694
118.98,4,15:01:52.851011569
118.98,2,15:01:52.851027707
118.98,17,15:01:52.851041374
118.98,1,15:01:52.851056302
118.98,1,15:01:52.851070737
118.98,18,15:01:52.851085108
118.98,1,15:01:52.851099998
118.98,2,15:01:52.851099998
118.98,4,15:01:52.851113502
118.98,1,15:01:52.851127297
118.98,1,15:01:52.851141454
118.98,1,15:01:52.851155495
118.98,12,15:01:52.851595764
118.98,1,15:01:52.852111843
118.98,2,15:01:52.852126000
118.98,2,15:01:52.852139434
118.98,6,15:01:52.852157037
118.98,1,15:01:52.852694330
118.98,1,15:01:52.852708377
118.98,1,15:01:52.852721894
118.98,1,15:01:52.852915468
118.98,1,15:01:52.852929958
118.98,10,15:01:52.852945763
118.98,1,15:01:52.852962044
118.98,1,15:01:52.852977078
118.98,1,15:01:52.853041158
118.98,1,15:01:52.853981628
118.98,4,15:01:52.853995384
118.98,4,15:01:52.854008715
118.98,2,15:01:52.854022409
118.98,1,15:01:52.854059541
118.98,1,15:01:52.854254475
118.98,1,15:01:52.854335676
118.98,1,15:01:52.854354354
118.98,3,15:01:52.854543608
118.98,3,15:01:52.854634046
118.98,1,15:01:52.854675243
118.98,1,15:01:52.854909288
118.98,3,15:01:52.854924686
118.98,1,15:01:52.855014529
118.98,1,15:01:52.855115442
118.98,2,15:01:52.855137701
118.98,1,15:01:52.855407262
118.98,1,15:01:52.855438632
118.98,1,15:01:52.855472392
118.98,1,15:01:52.855571051
118.98,3,15:01:52.855619690
118.98,1,15:01:52.855705790
118.98,1,15:01:52.855730212
118.98,2,15:01:52.855992490
118.97,1,15:01:52.856072026
118.97,1,15:01:52.856132692
118.97,1,15:01:52.863003704
118.98,1,15:01:52.863709928
118.98,2,15:01:52.863709928
118.98,1,15:01:52.863806718
118.98,1,15:01:52.863954285
118.98,7,15:01:52.863954285
118.98,1,15:01:52.864331754
118.98,2,15:01:52.865685801
118.98,1,15:01:52.866621653
118.98,2,15:01:52.876715242
118.98,1,15:01:52.877366759
118.98,1,15:01:52.877522937
118.98,1,15:01:52.877690957
118.98,1,15:01:52.877780614
118.97,1,15:01:52.878614412
118.98,7,15:01:52.878782556
118.98,4,15:01:52.879112088
118.98,1,15:01:52.879224747
118.98,3,15:01:52.879224747
118.98,2,15:01:52.879243182
118.98,1,15:01:52.879243182
118.98,1,15:01:52.879461262
118.98,4,15:01:52.879477240
118.98,1,15:01:52.879724606
118.98,1,15:01:52.880876445
118.98,3,15:01:52.882009321
118.98,1,15:01:52.882259503
118.98,1,15:01:52.908702698
118.98,3,15:01:52.941711249
118.99,1,15:01:53.293707119
118.99,1,15:01:53.293884168
118.99,2,15:01:53.293904159
118.99,3,15:01:53.293904159
118.99,1,15:01:53.293924594
118.99,3,15:01:53.293924594
118.99,1,15:01:53.295172640
118.99,26,15:01:53.295631421
118.99,3,15:01:53.295631421
118.99,1,15:01:53.295631421
118.99,7,15:01:53.295644704
118.99,1,15:01:53.296006035
118.99,1,15:01:53.298469528
118.99,2,15:01:53.298469528
118.99,1,15:01:53.299138657
118.99,1,15:01:53.299420001
118.99,10,15:01:53.299435396
118.99,1,15:01:53.303092202
118.99,3,15:01:53.386393062
118.99,1,15:01:53.410795792
118.99,4,15:01:53.423580751
118.99,1,15:01:53.423701897
118.99,1,15:01:53.423729615
118.99,3,15:01:53.423729615
118.99,7,15:01:53.423729615
118.99,1,15:01:53.423954521
118.99,2,15:01:53.423954521
118.99,1,15:01:53.538628134
118.99,3,15:01:53.538712566
118.99,1,15:01:53.539002938
118.99,1,15:01:53.876146224
118.99,1,15:02:00.021447698
118.99,1,15:02:00.633259832
118.99,1,15:02:00.633883151
118.99,1,15:02:00.644223811
118.99,19,15:02:00.741102215
118.99,1,15:02:00.741102215
119.0,9,15:02:01.206215536
119.0,2,15:02:01.206215536
119.0,3,15:02:01.206276951
118.99,1,15:02:01.947955878
118.99,2,15:02:01.948119272
118.99,2,15:02:01.948143580
118.99,12,15:02:01.948143580
118.99,3,15:02:01.948143580
118.99,10,15:02:01.948143580
118.99,1,15:02:01.948143580
118.99,2,15:02:01.948162914
118.99,8,15:02:01.948162914
118.99,1,15:02:01.948694412
118.99,1,15:02:01.948929425
118.99,2,15:02:01.948954242
118.99,2,15:02:01.949192065
118.99,1,15:02:01.949710260
118.99,1,15:02:02.020618336
118.99,1,15:02:02.032099077
118.99,3,15:02:02.057563921
118.99,1,15:02:02.057721658
118.99,1,15:02:02.057804596
118.99,1,15:02:02.780460917
118.99,1,15:02:10.017158183
118.99,1,15:02:10.053187260
118.99,1,15:02:10.707894582
118.99,1,15:02:10.722176448
118.99,2,15:02:10.722677687
118.99,3,15:02:10.723402134
118.99,4,15:02:10.723402134
118.99,2,15:02:10.723402134
118.99,1,15:02:10.723421068
118.99,1,15:02:10.725493707
118.99,1,15:02:10.726182663
118.99,1,15:02:12.547029177
118.99,1,15:02:12.571740989
118.99,1,15:02:12.572193222
118.99,2,15:02:15.321804184
118.99,2,15:02:15.321904430
118.99,1,15:02:15.321922245
118.99,1,15:02:15.339541927
118.99,1,15:02:15.373404359
118.99,2,15:02:15.373419548
118.99,2,15:02:16.773116925
118.99,1,15:02:16.773132940
118.99,3,15:02:16.814153802
118.99,1,15:02:16.815249432
118.99,1,15:02:17.845010953
118.99,11,15:02:17.845111068
118.99,1,15:02:17.845125957
118.99,3,15:02:17.845216559
118.99,2,15:02:17.858050991
118.99,3,15:02:17.858067167
118.99,1,15:02:17.858067167
118.99,1,15:02:18.013612492
118.99,1,15:02:20.012760058
119.0,1,15:02:21.175307700
118.99,1,15:02:22.011964050
118.99,1,15:02:38.006951017
118.99,1,15:02:40.006100452
119.0,1,15:02:40.032205108
119.0,1,15:02:41.211184924
119.0,2,15:02:54.285677297
119.0,1,15:02:54.285690704
119.0,2,15:02:54.285747495
118.99,1,15:03:02.029388453
119.0,1,15:03:07.087516157
119.0,3,15:03:07.087516157
119.0,1,15:03:07.087635188
119.0,1,15:03:07.087657057
119.0,1,15:03:07.088002851
119.0,1,15:03:07.088018535
119.0,1,15:03:07.113786646
118.99,1,15:03:08.006953118
119.0,1,15:03:11.990490834
118.99,1,15:03:12.006249295
118.99,1,15:03:14.006517826
118.99,1,15:03:34.006723209
119.0,1,15:03:35.014312439
119.0,1,15:03:36.057830228
119.0,1,15:03:37.443173586
118.99,1,15:03:40.006231272
118.99,1,15:03:42.006335081
118.99,1,15:03:44.006561464
118.99,1,15:03:51.042203493
118.99,1,15:03:56.019005990
118.99,1,15:04:00.017490421
118.99,1,15:04:04.015652779
119.0,1,15:04:05.015491029
119.0,2,15:04:05.015818197
118.99,1,15:04:06.019398004
119.0,4,15:04:06.622200389
119.0,2,15:04:06.622200389
119.0,1,15:04:06.622419691
119.0,1,15:04:06.622438597
119.0,4,15:04:06.622438597
119.0,2,15:04:06.622438597
119.0,3,15:04:06.622438597
119.0,2,15:04:06.622462619
119.0,12,15:04:06.622462619
119.0,1,15:04:06.622462619
119.0,8,15:04:06.622462619
119.0,1,15:04:06.622481288
119.0,1,15:04:06.643126995
119.0,53,15:04:06.643385023
119.0,3,15:04:06.643385023
119.0,1,15:04:06.643481718
119.0,1,15:04:06.643499766
119.0,1,15:04:06.643862626
119.0,1,15:04:06.644108725
119.0,1,15:04:06.644349756
119.0,2,15:04:06.644490032
119.0,2,15:04:06.644890184
119.0,1,15:04:06.648876289
119.0,1,15:04:06.669201064
119.0,1,15:04:06.669719653
119.0,1,15:04:06.669919560
119.0,1,15:04:06.816706868
119.0,2,15:04:06.820951276
119.0,1,15:04:06.882849365
119.0,1,15:04:06.904511608
119.0,1,15:04:07.012869626
119.0,1,15:04:07.169907383
119.0,6,15:04:10.077673903
119.0,1,15:04:10.077673903
119.0,1,15:04:10.077929599
119.0,1,15:04:10.077943784
119.0,3,15:04:10.077957566
119.0,7,15:04:10.077971729
119.0,1,15:04:10.077985380
119.0,1,15:04:10.078001084
119.0,7,15:04:10.078001084
119.0,1,15:04:10.078014632
119.0,12,15:04:10.078031663
119.0,1,15:04:10.078045714
119.0,1,15:04:10.078281909
119.0,1,15:04:10.078294738
119.0,3,15:04:10.078310178
119.0,1,15:04:10.078310178
119.0,1,15:04:10.078324818
119.0,2,15:04:10.078338402
119.0,1,15:04:10.078384677
119.0,2,15:04:10.078384677
119.0,1,15:04:10.079284292
119.0,1,15:04:10.080195073
119.0,1,15:04:10.090654678
119.0,1,15:04:10.091446450
119.0,1,15:04:10.098666000
119.01,1,15:04:10.103549549
119.0,1,15:04:10.374639770
119.0,1,15:04:22.017891755
119.0,1,15:04:24.017121626
119.0,1,15:04:28.015410362
119.0,1,15:04:29.455649654
119.0,1,15:04:29.455671631
119.0,50,15:04:29.455671631
118.99,1,15:04:38.011030328
119.0,1,15:04:46.738275791
119.0,1,15:04:46.738374479
119.0,1,15:04:46.738391097
119.0,6,15:04:46.738391097
119.0,2,15:04:46.738391097
119.0,1,15:04:46.738414051
119.0,1,15:04:46.739180661
119.0,1,15:04:46.764065939
119.0,1,15:04:54.855979442
119.0,1,15:04:54.856139348
119.0,4,15:04:54.868835893
119.0,1,15:04:54.868835893
119.0,3,15:04:54.868835893
119.0,2,15:04:54.868937764
119.0,1,15:04:54.868956322
119.0,1,15:04:54.874703482
119.01,1,15:04:54.902448300
119.0,1,15:04:54.919639954
118.99,1,15:04:55.026992247
119.0,1,15:04:58.055760859
119.0,3,15:04:58.055760859
119.0,2,15:04:58.056065062
119.0,3,15:04:58.056079061
119.0,1,15:04:58.056092761
119.0,1,15:04:58.056106418
119.0,17,15:04:58.056120402
119.0,1,15:04:58.056135529
119.0,1,15:04:58.056149935
119.0,1,15:04:58.056165496
119.0,2,15:04:58.056165496
119.0,1,15:04:58.056179189
119.0,1,15:04:58.056194217
119.0,4,15:04:58.056354252
119.0,1,15:04:58.056377945
119.0,12,15:04:58.056377945
119.0,11,15:05:00.274842260
119.01,3,15:05:10.442662296
119.01,1,15:05:10.442680434
119.01,3,15:05:10.442680434
119.01,2,15:05:10.442680434
119.01,4,15:05:10.442680434
119.01,1,15:05:10.442695346
119.01,16,15:05:10.442695346
119.01,4,15:05:10.442695346
119.01,7,15:05:10.442695346
119.01,6,15:05:10.442695346
119.01,1,15:05:10.442903721
119.01,1,15:05:10.442919496
119.01,1,15:05:10.443797316
119.01,1,15:05:10.443814266
119.01,4,15:05:10.443879864
119.01,1,15:05:10.444304915
119.01,2,15:05:10.445058541
119.01,8,15:05:10.445297589
119.01,4,15:05:10.445313336
119.01,1,15:05:10.445763295
119.01,1,15:05:10.445777433
119.01,1,15:05:10.445813106
119.01,1,15:05:10.445832870
119.01,1,15:05:10.446522102
119.01,2,15:05:10.446538306
119.01,3,15:05:10.446538306
119.01,4,15:05:10.446553282
119.01,1,15:05:10.446645154
119.01,6,15:05:10.446645154
119.01,2,15:05:10.446668722
119.01,1,15:05:10.446682683
119.01,1,15:05:10.447230104
119.01,1,15:05:10.447260843
119.01,1,15:05:10.447638302
119.01,1,15:05:10.471533352
119.01,1,15:05:16.078539480
119.01,16,15:05:16.078843089
119.01,7,15:05:16.078856881
119.01,1,15:05:16.078871086
119.01,1,15:05:16.078885675
119.01,3,15:05:16.078899524
119.01,1,15:05:16.078912855
119.01,1,15:05:16.078927767
119.01,8,15:05:16.078927767
119.01,10,15:05:16.078927767
119.01,1,15:05:16.078941207
119.01,1,15:05:16.078954999
119.01,1,15:05:16.078968849
119.01,2,15:05:16.078984183
119.01,2,15:05:16.078998411
119.01,1,15:05:16.078998411
119.01,4,15:05:16.079012532
119.01,6,15:05:16.079012532
119.01,1,15:05:16.079902301
119.0,33,15:05:38.018378304
119.0,1,15:05:38.018575484
119.0,1,15:05:38.018600112
119.0,1,15:05:38.018627424
119.0,25,15:05:38.018627424
119.0,4,15:05:38.018627424
119.0,2,15:05:38.018627424
119.0,7,15:05:38.019044461
119.0,6,15:05:38.019044461
119.0,8,15:05:38.019044461
119.0,11,15:05:38.019061021
119.0,1,15:05:38.019075087
119.0,11,15:05:38.019229139
119.0,17,15:05:38.019377992
119.0,7,15:05:38.019377992
119.0,1,15:05:38.020338736
119.0,5,15:05:38.020651796
119.0,4,15:05:38.020651796
119.0,12,15:05:38.020651796
119.0,2,15:05:38.021184420
119.0,1,15:05:38.021199204
119.0,4,15:05:38.021199204
119.0,1,15:05:38.021214019
119.0,2,15:05:38.021214019
119.0,1,15:05:38.021230861
119.0,1,15:05:38.021513214
119.0,1,15:05:38.041984954
119.0,1,15:05:38.042088387
119.0,1,15:05:38.042104644
119.0,1,15:05:38.042504025
119.0,1,15:05:38.042782184
119.0,4,15:05:38.042782184
119.0,2,15:05:38.042782184
119.0,1,15:05:38.043297055
119.0,1,15:05:38.043911510
119.0,2,15:05:38.045933718
119.0,3,15:05:38.051073434
119.0,1,15:05:38.051154745
119.0,4,15:05:38.054352445
119.0,4,15:05:38.054656499
119.0,1,15:05:38.063368605
119.0,1,15:05:38.067092192
119.0,3,15:05:42.641631616
119.0,1,15:05:42.641631616
119.0,4,15:05:42.641631616
119.0,1,15:05:42.642431526
119.0,1,15:05:42.642909308
119.0,3,15:05:42.642909308
119.0,1,15:05:42.678306177
119.0,2,15:05:42.690810991
119.0,1,15:05:42.839030836
119.01,1,15:05:54.163808859
119.0,5,15:06:00.285983146
119.01,1,15:06:14.118275428
119.01,1,15:06:14.144628303
119.01,1,15:06:27.117706335
119.01,1,15:06:47.301430321
119.01,1,15:06:50.017831111
119.01,1,15:07:00.973738247
119.01,1,15:07:00.973817283
119.01,1,15:07:00.974066893
119.01,5,15:07:00.974197450
119.01,1,15:07:00.974197450
119.01,1,15:07:00.974333664
119.01,1,15:07:00.974732403
119.01,1,15:07:00.975086821
119.01,3,15:07:00.975100850
119.01,1,15:07:00.975115291
119.01,1,15:07:00.975129391
119.01,1,15:07:00.975143445
119.01,6,15:07:00.975159420
119.01,1,15:07:00.975159420
119.01,1,15:07:00.975172296
119.01,1,15:07:00.975187138
119.01,1,15:07:00.975202066
119.01,1,15:07:00.975217125
119.01,2,15:07:00.975217125
119.01,7,15:07:00.976366574
119.01,2,15:07:00.976366574
119.01,2,15:07:00.977794791
119.01,1,15:07:00.982697897
119.01,1,15:07:00.993660125
119.01,1,15:07:00.999109811
119.01,1,15:07:01.002428438
119.01,1,15:07:01.005705774
119.01,5,15:07:01.014211450
119.01,2,15:07:01.014373420
119.01,2,15:07:01.014583398
119.01,1,15:07:01.014689258
119.01,1,15:07:01.014889661
119.01,1,15:07:01.014909084
119.01,1,15:07:01.015230675
119.01,2,15:07:01.028592328
119.01,6,15:07:01.028909429
119.01,3,15:07:01.028909429
119.01,2,15:07:01.028909429
119.01,1,15:07:01.029039602
119.01,1,15:07:01.029239784
119.01,1,15:07:01.029343268
119.01,1,15:07:14.192576065
119.0,2,15:07:14.548584184
119.0,3,15:07:14.548584184
119.0,1,15:07:19.511277129
119.0,1,15:07:37.182684393
119.0,6,15:07:40.085073110
119.0,4,15:07:40.085170553
119.0,2,15:07:40.085170553
119.0,37,15:07:40.085490655
119.0,1,15:07:40.085759445
119.0,1,15:07:40.085802078
119.0,2,15:07:40.085802078
119.0,1,15:07:40.111790567
119.0,1,15:07:40.112288224
118.99,1,15:07:53.512079627
119.0,1,15:08:10.020514227
118.99,1,15:08:10.511882592
119.0,3,15:08:13.684297586
119.0,1,15:08:13.684297586
119.0,5,15:08:13.684521325
118.99,1,15:08:27.511483420
119.0,1,15:08:35.065773496
118.99,1,15:08:44.511585182
119.0,1,15:08:50.021782132
118.99,1,15:09:01.511392019
118.99,2,15:09:02.056944532
118.99,12,15:09:02.056944532
118.99,1,15:09:02.057438259
118.99,4,15:09:02.057706666
118.99,1,15:09:02.057720093
118.99,6,15:09:02.057734877
118.99,3,15:09:02.057734877
118.99,1,15:09:02.057748406
118.99,1,15:09:02.057762128
118.99,1,15:09:02.057777210
118.99,2,15:09:02.057791993
118.99,1,15:09:02.057805114
118.99,1,15:09:02.057819728
118.99,1,15:09:02.057836541
118.99,1,15:09:04.999758668
118.99,4,15:09:04.999758668
118.99,2,15:09:04.999846873
118.99,1,15:09:04.999861935
118.99,1,15:09:05.021447618
118.99,1,15:09:05.036968188
118.99,1,15:09:05.037224966
118.99,1,15:09:06.150043967
118.99,8,15:09:06.150157100
118.99,4,15:09:06.150301880
118.99,1,15:09:06.150325071
118.99,14,15:09:06.150325071
118.99,1,15:09:06.150342107
118.99,1,15:09:06.160857991
118.99,2,15:09:06.161028989
118.99,1,15:09:06.161158918
118.99,10,15:09:06.161158918
118.99,8,15:09:06.161158918
118.99,1,15:09:06.161687558
118.99,1,15:09:17.617529775
118.99,1,15:09:21.303032487
118.99,1,15:09:26.457445202
118.99,1,15:09:26.457466341
118.99,2,15:09:26.457466341
118.99,1,15:09:26.468115239
118.99,1,15:09:26.551509295
118.99,3,15:09:27.764226640
118.99,11,15:09:27.764226640
118.99,1,15:09:31.921684615
118.98,1,15:09:51.018161151
118.99,1,15:09:54.067486949
118.98,1,15:10:07.017379322
118.99,1,15:10:15.993244053
118.99,3,15:10:15.993244053
118.99,1,15:10:15.993339237
118.99,1,15:10:15.993357154
118.99,1,15:10:15.993570165
118.99,1,15:10:15.993699534
118.99,1,15:10:15.993717105
118.99,2,15:10:15.993717105
118.99,6,15:10:15.993717105
118.99,8,15:10:15.994656180
118.99,5,15:10:15.995062160
118.99,1,15:10:16.019523134
118.99,1,15:10:16.119323002
118.99,1,15:10:16.119509428
119.0,1,15:10:17.153012296
119.0,1,15:10:19.404746987
118.99,1,15:10:20.059530075
118.99,3,15:10:20.059860634
119.0,1,15:10:24.127823683
119.0,3,15:10:24.128179526
119.0,1,15:10:24.128193379
119.0,2,15:10:24.128207145
119.0,1,15:10:24.128222115
119.0,1,15:10:24.128236819
119.0,3,15:10:24.128252157
119.0,1,15:10:24.128252157
119.0,5,15:10:24.128267238
119.0,2,15:10:24.128267238
119.0,1,15:10:24.128267238
119.0,1,15:10:24.128280563
119.0,1,15:10:24.128295801
119.0,1,15:10:24.128309564
119.0,4,15:10:24.128322943
119.0,12,15:10:24.128337091
119.0,15,15:10:24.128337091
119.0,2,15:10:24.128352262
119.0,3,15:10:24.128352262
119.0,1,15:10:24.128365737
118.99,1,15:10:24.240618181
118.99,1,15:10:28.337713292
118.99,1,15:10:28.337795954
118.99,1,15:10:28.338409310
118.99,1,15:10:28.338578856
118.99,2,15:10:28.338578856
118.99,1,15:10:28.338662654
118.99,1,15:10:28.338775630
118.99,1,15:10:28.338903111
118.99,1,15:10:39.017287937
118.99,1,15:10:42.283485070
118.99,1,15:10:42.283913607
118.99,8,15:10:42.284164333
118.99,1,15:10:42.284182749
118.99,3,15:10:42.284182749
118.99,2,15:10:42.284182749
118.99,2,15:10:42.309880884
118.99,1,15:10:42.340583669
118.99,1,15:10:42.340894636
118.99,1,15:10:42.341374956
118.99,5,15:10:51.898322253
118.99,3,15:10:51.898435715
118.99,1,15:10:51.898456720
118.99,2,15:11:00.270046084
118.99,1,15:11:00.270046084
118.99,1,15:11:02.083167103
118.99,1,15:11:02.105588107
118.99,1,15:11:04.624517912
118.99,1,15:11:04.624605278
118.99,1,15:11:04.713318373
118.99,2,15:11:04.713423511
118.99,4,15:11:04.713443149
118.99,2,15:11:04.713443149
118.99,1,15:11:09.302505319
118.99,1,15:11:09.302996237
119.0,1,15:11:24.157089050
119.0,2,15:11:24.157089050
119.0,2,15:11:24.157178419
119.0,1,15:11:24.157416445
119.0,6,15:11:24.157416445
119.0,1,15:11:24.157536909
119.0,1,15:11:24.157579494
119.0,4,15:11:24.163864453
119.0,1,15:11:24.163881054
119.0,3,15:11:24.164657704
119.0,1,15:11:24.165239201
119.0,1,15:11:24.165366635
119.0,2,15:11:24.168596091
119.0,1,15:11:26.971690043
119.0,2,15:11:26.971771509
119.0,1,15:11:27.059226258
119.0,1,15:11:27.085766938
119.0,1,15:11:27.091888312
119.0,1,15:11:27.320275584
119.0,1,15:11:27.736355536
119.0,2,15:11:27.737041970
119.0,1,15:11:27.741237023
119.0,4,15:11:27.741237023
119.0,1,15:11:28.001052856
119.0,1,15:11:28.607729468
119.0,1,15:11:28.607811054
119.0,1,15:11:28.607827038
119.0,1,15:11:28.608405019
119.0,3,15:11:28.608742724
119.0,1,15:11:30.261361247
119.0,3,15:11:30.261454540
119.0,1,15:11:30.261471891
119.0,2,15:11:30.261471891
119.0,1,15:11:30.359777686
119.0,1,15:11:32.366716639
119.0,1,15:11:47.071536321
119.0,1,15:11:47.326594039
119.0,1,15:11:49.217290964
119.0,1,15:11:49.219835874
119.0,1,15:11:49.219851886
119.0,1,15:11:49.554462011
119.0,1,15:12:02.387508103
119.0,2,15:12:02.387607299
119.0,1,15:12:02.387636083
119.0,3,15:12:02.387636083
119.0,3,15:12:02.387765984
119.0,7,15:12:02.387999702
119.0,1,15:12:02.509399909
119.0,5,15:12:05.288395644
119.0,1,15:12:05.288492436
119.0,3,15:12:07.092064268
119.0,1,15:12:14.992191225
119.01,3,15:12:24.031589368
119.01,6,15:12:24.031924491
119.01,1,15:12:24.032059943
119.01,2,15:12:24.032091031
119.01,1,15:12:24.032091031
119.01,3,15:12:24.032091031
119.01,10,15:12:24.042626659
119.01,4,15:12:24.042626659
119.01,1,15:12:24.042626659
119.01,7,15:12:24.042691301
119.01,1,15:12:24.042918924
119.01,1,15:12:24.043117042
119.01,1,15:12:24.079617209
119.0,1,15:12:28.983845006
119.0,1,15:12:42.983708323
119.01,1,15:12:43.321421673
119.0,1,15:12:56.983157539
119.01,1,15:13:06.788325032
119.01,4,15:13:06.788489340
119.01,2,15:13:06.788515762
119.01,1,15:13:06.788515762
119.01,5,15:13:06.788515762
119.01,9,15:13:06.788532700
119.01,1,15:13:06.788706106
119.01,15,15:13:06.789018168
119.01,5,15:13:06.789070156
119.01,1,15:13:06.789085045
119.01,1,15:13:06.789099045
119.01,4,15:13:06.790069185
119.01,1,15:13:06.790124126
119.01,1,15:13:06.790142394
119.01,1,15:13:06.790159169
119.01,2,15:13:06.790174999
119.01,2,15:13:06.790208244
119.01,3,15:13:06.790385008
119.01,1,15:13:06.792250648
119.01,1,15:13:06.792482281
119.01,1,15:13:06.792569478
119.01,7,15:13:06.793028152
119.01,1,15:13:06.817647919
119.01,1,15:13:06.817770143
119.01,2,15:13:16.685627792
119.01,1,15:13:16.685814233
119.01,1,15:13:16.685845843
119.01,4,15:13:16.685845843
119.01,2,15:13:16.685845843
119.01,12,15:13:16.685859945
119.01,1,15:13:17.072837208
119.0,1,15:13:22.017094892
119.0,1,15:13:35.017120021
119.01,1,15:13:40.024038205
119.0,1,15:13:48.016942372
119.0,4,15:14:00.162679850
119.0,6,15:14:00.164514043
119.0,1,15:14:00.164532558
119.0,3,15:14:00.170057521
119.0,1,15:14:00.170477552
119.0,2,15:14:00.170492646
119.0,1,15:14:00.170492646
119.0,5,15:14:00.170506883
119.0,1,15:14:00.170506883
119.0,1,15:14:00.170519843
119.0,1,15:14:00.170534236
119.0,1,15:14:00.170549229
119.0,1,15:14:00.170562369
119.0,1,15:14:00.170577575
119.0,1,15:14:00.232242525
119.0,1,15:14:00.267070083
119.0,3,15:14:00.267070083
119.0,1,15:14:00.279029358
119.0,1,15:14:00.424078556
119.0,1,15:14:01.016147200
119.01,3,15:14:12.041825165
119.01,12,15:14:12.042091766
119.01,1,15:14:12.042105593
119.01,1,15:14:12.042119839
119.01,4,15:14:12.042133849
119.01,1,15:14:12.042133849
119.01,2,15:14:12.042147631
119.01,2,15:14:12.042161375
119.01,1,15:14:12.042175500
119.01,1,15:14:12.042189760
119.01,1,15:14:12.042204914
119.01,1,15:14:12.042218463
119.01,1,15:14:12.042232031
119.01,1,15:14:12.042302761
119.01,4,15:14:12.042316944
119.01,1,15:14:12.042316944
119.01,1,15:14:12.066420039
119.01,1,15:14:12.066661741
119.01,1,15:14:16.062842539
119.01,1,15:14:16.063032670
119.0,2,15:14:17.948570466
119.0,1,15:14:17.948844971
119.0,1,15:14:17.948860613
119.0,7,15:14:17.948874526
119.0,1,15:14:17.948887998
119.0,1,15:14:17.948901981
119.0,2,15:14:17.948915975
119.0,1,15:14:17.948929144
119.0,1,15:14:17.948945323
119.0,1,15:14:17.948963409
119.0,2,15:14:17.948976545
119.0,1,15:14:17.948991611
119.0,1,15:14:17.949007240
119.0,1,15:14:17.949022440
119.0,1,15:14:17.949263345
119.0,2,15:14:17.949277396
119.0,12,15:14:17.949296439
119.0,1,15:14:17.949296439
119.0,3,15:14:17.949296439
119.0,3,15:14:17.949309639
119.0,1,15:14:17.949322785
119.0,1,15:14:17.949339425
119.0,1,15:14:17.950405767
119.0,2,15:14:17.952033839
119.0,3,15:14:17.952234860
119.0,3,15:14:17.952332547
119.0,3,15:14:17.952860044
119.0,8,15:14:17.952951743
119.0,1,15:14:17.962852212
119.0,2,15:14:17.962852212
119.0,1,15:14:17.971029368
119.0,1,15:14:27.018538817
119.0,1,15:14:40.015840572
119.0,1,15:14:41.882276987
119.0,1,15:14:41.882354023
119.0,2,15:14:41.882369486
119.0,1,15:14:41.882369486
119.0,2,15:14:41.882513386
119.0,1,15:14:41.882513386
119.0,10,15:14:41.882513386
119.0,1,15:14:41.882630926
119.0,1,15:14:41.882655918
119.0,6,15:14:41.882655918
119.0,2,15:14:41.883836886
119.0,1,15:14:41.884878620
119.0,1,15:14:41.885065983
119.0,1,15:14:41.911239042
118.99,1,15:14:53.017182780
119.0,1,15:14:55.039501862
119.0,2,15:14:56.781910782
119.0,5,15:14:56.781910782
119.0,1,15:14:56.782208964
119.0,1,15:14:56.782300651
119.0,1,15:14:56.785305170
119.0,2,15:14:56.785305170
119.0,1,15:14:56.785415948
119.0,1,15:15:03.928904624
119.0,2,15:15:03.929029740
119.0,1,15:15:03.929059901
119.0,2,15:15:04.049325600
119.0,2,15:15:04.067386371
119.0,1,15:15:04.202449340
119.0,1,15:15:04.285895248
119.0,1,15:15:04.367412534
119.0,1,15:15:04.447874502
119.0,1,15:15:04.527844048
119.0,1,15:15:04.528580161
119.0,1,15:15:04.609372964
119.0,1,15:15:04.609655509
119.0,1,15:15:04.689948554
119.0,1,15:15:12.953765493
119.0,1,15:15:12.954202391
119.0,3,15:15:12.954677323
119.0,1,15:15:12.955102989
119.0,1,15:15:12.955215716
119.0,5,15:15:12.955240654
119.0,1,15:15:12.965047063
119.0,1,15:15:18.697820075
119.0,2,15:15:18.698048622
119.0,1,15:15:18.698280078
119.0,1,15:15:18.812513422
119.0,1,15:15:18.812990385
119.0,1,15:15:18.925208498
119.0,2,15:15:23.870659521
119.0,1,15:15:23.870659521
119.0,1,15:15:23.870735931
119.0,1,15:15:23.870755575
119.0,3,15:15:23.870755575
119.0,1,15:15:24.706216096
119.0,1,15:15:24.706241410
119.0,2,15:15:24.706241410
119.0,3,15:15:24.706241410
119.0,1,15:15:24.706837212
119.0,1,15:15:24.706961614
119.0,1,15:15:24.838715900
119.0,1,15:15:24.968870262
119.0,1,15:15:25.099069966
119.0,1,15:15:25.230199256
119.0,1,15:15:25.230376049
119.0,1,15:15:25.281620868
119.0,1,15:15:25.354563562
119.0,1,15:15:25.459829661
119.0,1,15:15:28.646849531
119.0,1,15:15:28.689232739
119.0,1,15:15:28.776401011
119.0,1,15:15:28.784665382
119.0,1,15:15:28.900762408
119.0,1,15:15:29.028357525
119.0,1,15:15:29.028482568
119.0,1,15:15:29.080257459
119.0,1,15:15:29.154753161
119.0,1,15:15:29.206376318
119.0,1,15:15:31.008175239
119.0,1,15:15:31.053141638
119.0,1,15:15:31.053233622
119.0,1,15:15:31.053248789
119.0,1,15:15:31.102740984
119.0,1,15:15:31.102808842
119.0,1,15:15:31.332052938
119.0,1,15:15:31.332211981
119.0,1,15:15:31.332309808
119.0,1,15:15:31.464347560
119.0,1,15:15:31.591219153
119.0,3,15:15:31.591219153
119.0,1,15:15:31.591303709
119.0,1,15:15:31.591320298
119.0,1,15:15:31.721557838
119.0,1,15:15:31.721748676
119.0,1,15:15:35.765197899
119.0,1,15:15:35.844073241
119.0,1,15:15:35.978454674
119.0,1,15:15:36.049842626
119.0,1,15:15:36.105783773
119.0,1,15:15:36.236686476
119.0,1,15:15:36.236847394
119.0,1,15:15:36.309576743
119.0,1,15:15:36.319031424
119.0,1,15:15:36.319545696
119.0,1,15:15:36.449580461
119.0,1,15:15:36.575688026
119.0,1,15:15:36.708607913
119.0,1,15:15:36.863549665
119.0,1,15:15:36.995674077
119.0,1,15:15:37.124031045
119.0,1,15:15:37.247483911
119.0,1,15:15:37.327298316
119.0,1,15:15:37.327679068
119.0,1,15:15:37.455155320
119.0,1,15:15:37.582505905
119.0,1,15:15:37.715214738
119.0,1,15:15:37.798000418
119.0,1,15:15:37.878853331
119.0,1,15:15:37.959885341
119.0,4,15:15:37.960266301
119.0,1,15:15:37.960637724
119.0,1,15:15:38.081780816
119.0,1,15:15:38.208097184
119.0,1,15:15:38.329343085
119.0,1,15:15:38.460064478
119.0,1,15:15:38.587414092
119.0,1,15:15:38.713697877
119.0,1,15:15:38.713876202
118.99,1,15:15:43.431656223
118.99,3,15:15:43.432448331
118.99,1,15:15:43.432448331
118.99,2,15:15:43.432463093
118.99,1,15:15:43.432477541
118.99,1,15:15:43.432492770
118.99,1,15:15:43.432785905
118.99,1,15:15:43.432799729
118.99,1,15:15:43.432814562
118.99,1,15:15:43.432828165
118.99,1,15:15:43.432842632
118.99,1,15:15:43.432855275
118.99,9,15:15:43.432869493
118.99,1,15:15:43.432884639
118.99,1,15:15:43.433206360
118.99,2,15:15:43.433432646
118.99,1,15:15:43.433432646
118.99,1,15:15:43.434169879
118.99,1,15:15:43.434189534
118.99,1,15:15:43.434293830
118.99,3,15:15:43.434711517
118.99,1,15:15:43.434742413
118.99,3,15:15:43.434756938
118.99,2,15:15:43.434778528
118.99,8,15:15:43.434835949
118.99,1,15:15:43.435002394
118.99,1,15:15:43.435022260
118.99,1,15:15:43.435894530
118.99,2,15:15:43.436001257
118.99,1,15:15:43.436019920
118.99,3,15:15:43.436019920
118.99,3,15:15:43.436214383
118.99,1,15:15:43.438879937
118.99,3,15:15:43.439180167
118.99,1,15:15:43.439348361
118.99,1,15:15:43.440445593
118.99,2,15:15:43.446510904
118.99,1,15:15:43.446594667
118.99,1,15:15:43.452745787
118.99,4,15:15:43.452745787
118.99,2,15:15:43.453371776
118.99,1,15:15:43.453442927
118.99,1,15:15:43.464581147
118.99,2,15:15:43.476459532
118.99,1,15:15:43.604762364
118.99,1,15:15:44.594967833
118.99,3,15:15:44.642248880
118.99,1,15:15:58.016387614
118.99,2,15:16:07.454524405
118.99,1,15:16:07.454610088
118.99,5,15:16:07.454749145
118.99,3,15:16:07.454772450
118.99,1,15:16:07.454772450
118.98,1,15:16:08.028997953
118.99,1,15:16:10.143500842
118.98,1,15:16:11.017580115
118.98,1,15:16:15.177203714
118.98,1,15:16:16.305529704
118.98,1,15:16:16.305976465
118.98,1,15:16:16.306375041
118.98,1,15:16:16.308125907
118.98,1,15:16:16.308143187
118.98,1,15:16:16.343587583
118.98,1,15:16:16.344007784
118.98,1,15:16:21.310521493
118.98,3,15:16:21.310622493
118.98,1,15:16:21.310819842
118.98,1,15:16:21.310926338
118.98,1,15:16:21.310950824
118.98,1,15:16:21.579803565
118.98,2,15:16:30.410922696
118.98,3,15:16:30.410922696
118.98,1,15:16:30.410922696
118.97,1,15:16:37.018397562
118.98,1,15:16:50.421680449
118.98,2,15:16:50.421680449
118.98,1,15:16:50.422115748
118.98,1,15:16:50.445269939
118.98,1,15:16:50.461514567
118.98,1,15:16:50.685253137
118.98,2,15:16:53.262060791
118.98,1,15:17:03.211016679
118.98,2,15:17:08.701665834
118.98,1,15:17:08.703634829
118.98,1,15:17:08.703650118
118.98,2,15:17:17.656150637
118.98,1,15:17:17.656235132
118.99,1,15:17:18.071524656
118.98,1,15:17:31.444649545
118.98,1,15:17:31.444889061
118.98,3,15:17:31.445010950
118.98,3,15:17:31.445131160
118.98,1,15:17:31.445149887
118.98,1,15:17:31.662061110
118.98,1,15:17:39.016366857
118.98,1,15:17:39.016468033
118.98,1,15:17:39.029260775
118.98,1,15:17:39.135977248
118.99,1,15:17:55.259226444
118.99,4,15:17:55.259365491
118.99,3,15:17:55.259420124
118.99,1,15:17:55.259710664
118.99,2,15:17:55.259930481
118.99,2,15:17:55.260003803
118.99,2,15:17:55.260021141
118.99,1,15:17:55.260035935
118.99,2,15:17:55.260050569
118.99,1,15:17:55.260050569
118.99,1,15:17:55.260063919
118.99,1,15:17:55.260077125
118.99,1,15:17:55.260225912
118.99,1,15:17:55.260239659
118.99,1,15:17:55.260253390
118.99,2,15:17:55.260270248
118.99,19,15:17:55.260962471
118.99,1,15:17:55.286154936
118.99,1,15:17:55.486082609
118.99,1,15:17:55.507509173
118.99,1,15:17:55.528686629
118.99,1,15:17:57.110264834
118.99,1,15:17:57.110497842
118.99,1,15:17:57.110697102
118.99,1,15:17:57.111194286
118.99,1,15:17:57.111551652
118.99,1,15:17:57.111766267
118.99,2,15:17:57.114605959
118.99,1,15:17:57.114703208
118.99,1,15:17:57.115915953
118.99,1,15:17:57.119095898
118.99,1,15:17:57.120249809
118.99,1,15:17:57.120518343
118.99,1,15:17:57.144093090
118.99,1,15:17:57.144210078
118.99,6,15:17:57.144226965
118.99,1,15:17:57.144226965
118.99,1,15:17:57.292211252
118.99,1,15:17:58.262058463
118.99,2,15:17:58.262270184
118.99,4,15:17:59.226738704
118.99,1,15:17:59.949462104
118.99,1,15:18:00.145071120
118.99,1,15:18:00.362923974
118.99,1,15:18:17.963349898
118.99,1,15:18:17.963753744
118.99,2,15:18:17.963753744
118.99,1,15:18:17.966316609
118.99,3,15:18:17.966404948
118.99,1,15:18:17.966878798
118.99,3,15:18:17.966973473
118.99,1,15:18:17.970976894
118.99,3,15:18:17.971237469
118.99,2,15:18:17.989956680
118.99,3,15:18:17.989956680
118.99,1,15:18:18.169364110
118.99,1,15:18:20.635421768
118.99,3,15:18:20.635421768
118.99,1,15:18:20.635504802
118.99,1,15:18:23.459152062
118.99,1,15:18:26.402748590
119.0,1,15:18:31.071571882
118.99,1,15:18:38.829086051
118.99,3,15:18:57.736184270
118.99,1,15:18:57.736184270
118.99,1,15:18:57.736420948
118.99,1,15:18:57.736446757
118.99,2,15:18:57.736446757
118.99,18,15:18:57.736470909
118.99,1,15:18:57.736470909
118.99,12,15:18:57.736470909
118.99,2,15:18:57.736470909
118.99,1,15:18:57.736486932
118.99,2,15:18:57.737500357
118.99,2,15:18:57.737617913
118.99,1,15:18:57.737867263
118.99,2,15:18:57.737867263
118.99,1,15:18:57.737937657
118.99,1,15:18:57.738158646
118.99,1,15:18:57.738172719
118.99,2,15:18:57.738354991
118.99,1,15:18:57.738383871
118.99,1,15:18:57.739128558
118.99,1,15:18:57.739527410
118.99,1,15:18:57.739883074
118.99,5,15:18:57.740288164
118.99,1,15:18:57.740383457
118.99,2,15:18:57.741005713
118.99,1,15:18:57.741284666
118.99,1,15:18:57.741845175
118.99,1,15:18:57.741862900
118.99,2,15:18:57.741984313
118.99,1,15:18:57.742030537
118.99,1,15:18:57.742310003
118.99,1,15:18:57.743624543
118.99,1,15:18:57.743774162
118.99,1,15:18:57.982599360
118.98,1,15:19:01.827932984
118.99,1,15:19:03.852581354
118.99,2,15:19:03.852689087
118.99,1,15:19:03.853014473
118.99,1,15:19:03.853029932
118.99,3,15:19:03.853029932
118.99,1,15:19:03.853043474
118.99,2,15:19:03.853060415
118.99,1,15:19:03.853077929
118.99,12,15:19:03.853090716
118.99,1,15:19:03.853106473
118.99,1,15:19:03.853124521
118.99,1,15:19:03.853881387
118.99,1,15:19:03.853895077
118.99,1,15:19:03.853909746
118.99,2,15:19:03.855171546
118.99,1,15:19:03.855602289
118.99,1,15:19:03.856587695
118.99,2,15:19:03.856788342
118.99,2,15:19:03.857054259
118.99,3,15:19:03.857054259
118.99,1,15:19:03.857194517
118.99,4,15:19:03.857414985
118.99,1,15:19:03.857669759
118.99,2,15:19:03.857776562
