bidVolume,bidPrice,askVolume,askPrice,timestamp
7,2340.3,8,2340.5,12:30:00.036249166
7,2340.3,8,2340.5,12:30:00.041774797
7,2340.3,9,2340.5,12:30:00.044067749
7,2340.3,1,2340.4,12:30:00.045709666
7,2340.3,2,2340.4,12:30:00.045840770
6,2340.3,2,2340.4,12:30:00.045854712
5,2340.3,2,2340.4,12:30:00.045875142
5,2340.3,2,2340.4,12:30:00.045890620
5,2340.3,3,2340.4,12:30:00.046144267
5,2340.3,3,2340.4,12:30:00.046528128
5,2340.3,4,2340.4,12:30:00.046752174
4,2340.3,4,2340.4,12:30:00.046800738
10,2340.2,4,2340.4,12:30:00.047349504
10,2340.2,4,2340.4,12:30:00.047349504
9,2340.2,4,2340.4,12:30:00.047732686
9,2340.2,5,2340.4,12:30:00.047782989
9,2340.2,6,2340.4,12:30:00.047863569
9,2340.2,6,2340.4,12:30:00.047927068
9,2340.2,7,2340.4,12:30:00.048365355
9,2340.2,7,2340.4,12:30:00.048517883
9,2340.2,7,2340.4,12:30:00.049048617
9,2340.2,7,2340.4,12:30:00.050273637
9,2340.2,9,2340.4,12:30:00.053517187
9,2340.2,1,2340.3,12:30:00.054145090
8,2340.2,1,2340.3,12:30:00.054188924
8,2340.2,2,2340.3,12:30:00.054287683
8,2340.2,4,2340.3,12:30:00.054305200
7,2340.2,4,2340.3,12:30:00.054320164
7,2340.2,4,2340.3,12:30:00.054350881
7,2340.2,4,2340.3,12:30:00.054366183
7,2340.2,4,2340.3,12:30:00.054382417
5,2340.2,4,2340.3,12:30:00.054402367
6,2340.2,4,2340.3,12:30:00.054515681
6,2340.2,4,2340.3,12:30:00.054558098
6,2340.2,4,2340.3,12:30:00.054591285
6,2340.2,5,2340.3,12:30:00.054790656
6,2340.2,6,2340.3,12:30:00.054823950
6,2340.2,6,2340.3,12:30:00.055079807
6,2340.2,6,2340.3,12:30:00.056228906
7,2340.2,6,2340.3,12:30:00.062832329
7,2340.2,5,2340.3,12:30:00.098784022
7,2340.2,3,2340.3,12:30:00.098917324
7,2340.2,2,2340.3,12:30:00.099092694
7,2340.2,3,2340.3,12:30:00.107955992
7,2340.2,3,2340.3,12:30:00.107955992
8,2340.2,3,2340.3,12:30:00.113907866
7,2340.2,3,2340.3,12:30:00.154858272
7,2340.2,3,2340.3,12:30:00.154858272
6,2340.2,3,2340.3,12:30:00.218110534
6,2340.2,3,2340.3,12:30:00.221786480
6,2340.2,3,2340.3,12:30:00.247923176
6,2340.2,1,2340.3,12:30:00.450746239
7,2340.2,1,2340.3,12:30:00.450859938
6,2340.2,1,2340.3,12:30:00.606233447
6,2340.2,2,2340.3,12:30:00.606480765
5,2340.2,2,2340.3,12:30:00.965363911
5,2340.2,1,2340.3,12:30:00.965543632
5,2340.2,2,2340.3,12:30:00.971036441
5,2340.2,3,2340.3,12:30:00.971290615
1,2340.2,3,2340.3,12:30:00.971534751
1,2340.2,4,2340.3,12:30:00.971736483
1,2340.2,5,2340.3,12:30:00.971976843
1,2340.2,5,2340.3,12:30:00.971984751
1,2340.2,6,2340.3,12:30:00.972060900
1,2340.2,7,2340.3,12:30:00.972060900
12,2340.1,7,2340.3,12:30:00.972138597
12,2340.1,7,2340.3,12:30:00.972138597
12,2340.1,7,2340.3,12:30:00.972163490
12,2340.1,8,2340.3,12:30:00.972173359
12,2340.1,9,2340.3,12:30:00.972173359
11,2340.1,9,2340.3,12:30:00.972181798
11,2340.1,9,2340.3,12:30:00.972199942
11,2340.1,10,2340.3,12:30:00.972259890
1,2340.2,10,2340.3,12:30:00.972284184
1,2340.2,9,2340.3,12:30:00.972318288
1,2340.2,8,2340.3,12:30:00.972478552
11,2340.1,8,2340.3,12:30:00.972504243
11,2340.1,8,2340.3,12:30:00.972504243
11,2340.1,8,2340.3,12:30:00.972559729
11,2340.1,8,2340.3,12:30:00.972570983
11,2340.1,8,2340.3,12:30:00.972584008
1,2340.2,8,2340.3,12:30:00.972954037
2,2340.2,8,2340.3,12:30:00.973090194
2,2340.2,8,2340.3,12:30:00.974471329
2,2340.2,10,2340.3,12:30:00.974866377
2,2340.2,9,2340.3,12:30:00.974982066
2,2340.2,8,2340.3,12:30:00.976077198
2,2340.2,7,2340.3,12:30:00.976256968
1,2340.2,7,2340.3,12:30:00.978189845
11,2340.1,7,2340.3,12:30:00.981120881
11,2340.1,7,2340.3,12:30:00.981120881
11,2340.1,7,2340.3,12:30:00.981248848
11,2340.1,7,2340.3,12:30:00.981775188
11,2340.1,5,2340.3,12:30:00.985414173
11,2340.1,5,2340.3,12:30:00.985533951
11,2340.1,5,2340.3,12:30:00.985548397
11,2340.1,5,2340.3,12:30:00.985562743
11,2340.1,5,2340.3,12:30:00.985577345
11,2340.1,5,2340.3,12:30:00.992265195
11,2340.1,5,2340.3,12:30:00.992265195
11,2340.1,7,2340.3,12:30:01.037742116
11,2340.1,6,2340.3,12:30:01.244108717
12,2340.1,6,2340.3,12:30:01.348317855
13,2340.1,6,2340.3,12:30:01.444329039
1,2340.2,6,2340.3,12:30:01.444637154
2,2340.2,6,2340.3,12:30:01.444773259
3,2340.2,6,2340.3,12:30:01.444840070
3,2340.2,5,2340.3,12:30:01.444930789
3,2340.2,4,2340.3,12:30:01.444968588
3,2340.2,3,2340.3,12:30:01.445044030
3,2340.2,3,2340.3,12:30:01.445119804
4,2340.2,3,2340.3,12:30:01.445142464
5,2340.2,3,2340.3,12:30:01.445202215
5,2340.2,3,2340.3,12:30:01.445432630
5,2340.2,2,2340.3,12:30:01.549379669
5,2340.2,1,2340.3,12:30:01.549699311
5,2340.2,7,2340.4,12:30:01.643101184
5,2340.2,7,2340.4,12:30:01.643101184
6,2340.2,7,2340.4,12:30:01.643234164
6,2340.2,7,2340.4,12:30:01.651559436
7,2340.2,7,2340.4,12:30:01.683797883
7,2340.2,6,2340.4,12:30:01.708636034
7,2340.2,6,2340.4,12:30:01.741955115
1,2340.3,6,2340.4,12:30:01.985413005
2,2340.3,6,2340.4,12:30:01.985543327
2,2340.3,6,2340.4,12:30:01.985596270
2,2340.3,5,2340.4,12:30:01.985624309
2,2340.3,4,2340.4,12:30:01.985647068
2,2340.3,4,2340.4,12:30:01.985659353
2,2340.3,4,2340.4,12:30:01.985780047
3,2340.3,4,2340.4,12:30:01.985908603
3,2340.3,3,2340.4,12:30:01.985975462
3,2340.3,2,2340.4,12:30:01.986091919
3,2340.3,2,2340.4,12:30:01.986105055
2,2340.3,2,2340.4,12:30:01.986278748
1,2340.3,2,2340.4,12:30:01.986439583
1,2340.3,3,2340.4,12:30:01.986482090
1,2340.3,3,2340.4,12:30:01.986596086
1,2340.3,5,2340.4,12:30:01.990331124
1,2340.3,5,2340.4,12:30:02.002229475
1,2340.3,5,2340.4,12:30:02.157863080
1,2340.3,5,2340.4,12:30:02.157863080
2,2340.3,5,2340.4,12:30:02.168389522
2,2340.3,3,2340.4,12:30:02.169574499
2,2340.3,2,2340.4,12:30:02.169711616
2,2340.3,2,2340.4,12:30:02.169848099
2,2340.3,3,2340.4,12:30:02.230710956
2,2340.3,3,2340.4,12:30:02.230824194
2,2340.3,3,2340.4,12:30:02.230824194
2,2340.3,2,2340.4,12:30:02.358235915
2,2340.3,3,2340.4,12:30:02.446917380
2,2340.3,10,2340.5,12:30:02.483872185
1,2340.4,10,2340.5,12:30:02.483872185
1,2340.4,10,2340.5,12:30:02.483872185
1,2340.4,10,2340.5,12:30:02.483921149
1,2340.4,10,2340.5,12:30:02.483928346
1,2340.4,10,2340.5,12:30:02.483962353
1,2340.4,10,2340.5,12:30:02.483993425
1,2340.4,10,2340.5,12:30:02.484069702
1,2340.4,9,2340.5,12:30:02.484086209
1,2340.4,9,2340.5,12:30:02.484101956
1,2340.4,9,2340.5,12:30:02.484182911
9,2340.3,9,2340.5,12:30:02.484257517
9,2340.3,9,2340.5,12:30:02.484257517
9,2340.3,9,2340.5,12:30:02.484301729
10,2340.3,9,2340.5,12:30:02.484320389
11,2340.3,9,2340.5,12:30:02.484432717
11,2340.3,9,2340.5,12:30:02.484447051
2,2340.4,9,2340.5,12:30:02.484483755
2,2340.4,9,2340.5,12:30:02.484507000
2,2340.4,9,2340.5,12:30:02.484650168
2,2340.4,8,2340.5,12:30:02.484669570
2,2340.4,8,2340.5,12:30:02.484731923
2,2340.4,8,2340.5,12:30:02.484747335
9,2340.3,8,2340.5,12:30:02.484777851
9,2340.3,8,2340.5,12:30:02.484777851
9,2340.3,7,2340.5,12:30:02.484820706
9,2340.3,7,2340.5,12:30:02.484835817
9,2340.3,7,2340.5,12:30:02.484850374
9,2340.3,7,2340.5,12:30:02.484863603
9,2340.3,7,2340.5,12:30:02.484877175
9,2340.3,7,2340.5,12:30:02.484893444
2,2340.4,7,2340.5,12:30:02.484950264
2,2340.4,5,2340.5,12:30:02.484974991
3,2340.4,5,2340.5,12:30:02.484996757
3,2340.4,5,2340.5,12:30:02.485010495
3,2340.4,5,2340.5,12:30:02.485066349
1,2340.4,5,2340.5,12:30:02.485091723
2,2340.4,5,2340.5,12:30:02.485151013
2,2340.4,4,2340.5,12:30:02.485202922
3,2340.4,4,2340.5,12:30:02.487194510
3,2340.4,4,2340.5,12:30:02.497319310
4,2340.4,4,2340.5,12:30:02.497458369
4,2340.4,4,2340.5,12:30:02.497581808
4,2340.4,4,2340.5,12:30:02.572008341
4,2340.4,4,2340.5,12:30:02.572022293
4,2340.4,3,2340.5,12:30:02.594124306
3,2340.4,3,2340.5,12:30:02.628404241
3,2340.4,3,2340.5,12:30:02.751800205
3,2340.4,3,2340.5,12:30:02.751813402
3,2340.4,3,2340.5,12:30:02.791791007
3,2340.4,3,2340.5,12:30:02.791805010
4,2340.4,3,2340.5,12:30:02.981449041
5,2340.4,3,2340.5,12:30:02.998878301
6,2340.4,3,2340.5,12:30:02.999398132
8,2340.4,3,2340.5,12:30:03.005447268
8,2340.4,10,2340.6,12:30:03.005716803
8,2340.4,10,2340.6,12:30:03.005716803
1,2340.5,10,2340.6,12:30:03.005853249
1,2340.5,9,2340.6,12:30:03.005939221
1,2340.5,9,2340.6,12:30:03.005987522
1,2340.5,9,2340.6,12:30:03.006003305
1,2340.5,8,2340.6,12:30:03.006147058
1,2340.5,8,2340.6,12:30:03.006147058
3,2340.5,8,2340.6,12:30:03.006172741
3,2340.5,8,2340.6,12:30:03.006190317
3,2340.5,8,2340.6,12:30:03.006214179
3,2340.5,8,2340.6,12:30:03.006236180
3,2340.5,8,2340.6,12:30:03.006245607
3,2340.5,8,2340.6,12:30:03.006301435
3,2340.5,6,2340.6,12:30:03.006320675
3,2340.5,6,2340.6,12:30:03.006334793
3,2340.5,5,2340.6,12:30:03.006392750
3,2340.5,4,2340.6,12:30:03.006424401
3,2340.5,4,2340.6,12:30:03.006481125
3,2340.5,4,2340.6,12:30:03.006493897
3,2340.5,4,2340.6,12:30:03.006545351
3,2340.5,3,2340.6,12:30:03.014198810
3,2340.5,3,2340.6,12:30:03.014335812
3,2340.5,3,2340.6,12:30:03.015253354
3,2340.5,3,2340.6,12:30:03.015253354
3,2340.5,3,2340.6,12:30:03.015275757
3,2340.5,3,2340.6,12:30:03.019226575
3,2340.5,3,2340.6,12:30:03.031521798
4,2340.5,3,2340.6,12:30:03.099075173
4,2340.5,2,2340.6,12:30:03.099245324
2,2340.5,2,2340.6,12:30:03.113670661
2,2340.5,3,2340.6,12:30:03.113759314
2,2340.5,4,2340.6,12:30:03.113794394
2,2340.5,3,2340.6,12:30:03.114174076
3,2340.5,3,2340.6,12:30:03.114731334
3,2340.5,5,2340.6,12:30:03.116580549
3,2340.5,3,2340.6,12:30:03.117370815
2,2340.5,3,2340.6,12:30:03.253676827
2,2340.5,5,2340.6,12:30:03.254791262
2,2340.5,5,2340.6,12:30:03.254918840
9,2340.4,5,2340.6,12:30:03.255563595
9,2340.4,5,2340.6,12:30:03.255563595
9,2340.4,6,2340.6,12:30:03.255784390
9,2340.4,7,2340.6,12:30:03.255881854
9,2340.4,8,2340.6,12:30:03.255928281
8,2340.4,8,2340.6,12:30:03.255957443
8,2340.4,10,2340.6,12:30:03.256006049
8,2340.4,11,2340.6,12:30:03.259654033
8,2340.4,11,2340.6,12:30:03.259654033
8,2340.4,12,2340.6,12:30:03.259781670
8,2340.4,11,2340.6,12:30:03.362699557
8,2340.4,11,2340.6,12:30:03.567009390
7,2340.4,11,2340.6,12:30:03.572654436
7,2340.4,1,2340.5,12:30:03.572763970
6,2340.4,1,2340.5,12:30:03.572802540
6,2340.4,1,2340.5,12:30:03.572905041
6,2340.4,1,2340.5,12:30:03.572919621
6,2340.4,2,2340.5,12:30:03.580712604
6,2340.4,2,2340.5,12:30:04.164325044
6,2340.4,2,2340.5,12:30:04.164325044
5,2340.4,2,2340.5,12:30:04.640026245
4,2340.4,2,2340.5,12:30:04.640176600
4,2340.4,2,2340.5,12:30:04.877259200
4,2340.4,2,2340.5,12:30:04.877259200
5,2340.4,2,2340.5,12:30:05.113906763
5,2340.4,1,2340.5,12:30:05.198238318
5,2340.4,2,2340.5,12:30:06.273047021
5,2340.4,1,2340.5,12:30:06.354314668
5,2340.4,3,2340.5,12:30:06.367933202
6,2340.4,3,2340.5,12:30:06.368580524
6,2340.4,1,2340.5,12:30:06.370073885
5,2340.4,1,2340.5,12:30:07.698834520
5,2340.4,2,2340.5,12:30:07.699274753
5,2340.4,3,2340.5,12:30:07.699432848
4,2340.4,3,2340.5,12:30:07.699521948
4,2340.4,4,2340.5,12:30:07.699545239
4,2340.4,5,2340.5,12:30:07.699650700
4,2340.4,5,2340.5,12:30:07.699650700
4,2340.4,6,2340.5,12:30:07.699849747
4,2340.4,5,2340.5,12:30:07.700483394
4,2340.4,4,2340.5,12:30:07.700515418
4,2340.4,4,2340.5,12:30:07.700604060
4,2340.4,3,2340.5,12:30:07.701124992
4,2340.4,5,2340.5,12:30:07.701887606
4,2340.4,5,2340.5,12:30:07.710258734
4,2340.4,4,2340.5,12:30:07.712829788
4,2340.4,4,2340.5,12:30:07.712829788
4,2340.4,3,2340.5,12:30:07.718559200
4,2340.4,1,2340.5,12:30:07.719611528
4,2340.4,1,2340.5,12:30:07.739687606
4,2340.4,3,2340.5,12:30:07.740617212
3,2340.4,3,2340.5,12:30:08.118691909
3,2340.4,3,2340.5,12:30:08.662998026
3,2340.4,4,2340.5,12:30:09.090498165
3,2340.4,4,2340.5,12:30:09.090498165
2,2340.4,4,2340.5,12:30:09.090784375
2,2340.4,5,2340.5,12:30:09.090849698
2,2340.4,6,2340.5,12:30:09.090870294
2,2340.4,7,2340.5,12:30:09.090884438
9,2340.3,7,2340.5,12:30:09.091047011
9,2340.3,7,2340.5,12:30:09.091047011
9,2340.3,1,2340.4,12:30:09.091090276
9,2340.3,1,2340.4,12:30:09.091119579
9,2340.3,1,2340.4,12:30:09.091146753
8,2340.3,1,2340.4,12:30:09.091304584
8,2340.3,1,2340.4,12:30:09.091515423
7,2340.3,1,2340.4,12:30:09.091550641
7,2340.3,1,2340.4,12:30:09.091608171
6,2340.3,1,2340.4,12:30:09.091627374
5,2340.3,1,2340.4,12:30:09.091650764
5,2340.3,11,2340.5,12:30:09.091676787
5,2340.3,11,2340.5,12:30:09.091676787
5,2340.3,11,2340.5,12:30:09.091703667
5,2340.3,11,2340.5,12:30:09.091714266
5,2340.3,4,2340.4,12:30:09.091760122
5,2340.3,5,2340.4,12:30:09.091944274
5,2340.3,5,2340.4,12:30:09.091977144
5,2340.3,6,2340.4,12:30:09.092013897
4,2340.3,6,2340.4,12:30:09.092034064
3,2340.3,6,2340.4,12:30:09.092056209
2,2340.3,6,2340.4,12:30:09.092113163
2,2340.3,5,2340.4,12:30:09.092189079
2,2340.3,5,2340.4,12:30:09.092251963
2,2340.3,5,2340.4,12:30:09.092267954
2,2340.3,5,2340.4,12:30:09.099279484
2,2340.3,5,2340.4,12:30:09.101240272
1,2340.3,5,2340.4,12:30:09.200089863
1,2340.3,5,2340.4,12:30:09.200089863
1,2340.3,5,2340.4,12:30:09.200230003
8,2340.2,5,2340.4,12:30:09.200259418
8,2340.2,5,2340.4,12:30:09.200259418
8,2340.2,5,2340.4,12:30:09.200280641
8,2340.2,5,2340.4,12:30:09.200533977
8,2340.2,5,2340.4,12:30:09.200533977
8,2340.2,6,2340.4,12:30:09.200658716
8,2340.2,6,2340.4,12:30:09.201251634
8,2340.2,6,2340.4,12:30:09.201251634
9,2340.2,6,2340.4,12:30:09.517996431
9,2340.2,6,2340.4,12:30:09.770745861
9,2340.2,6,2340.4,12:30:09.770745861
9,2340.2,7,2340.4,12:30:10.605660668
9,2340.2,7,2340.4,12:30:10.606077157
9,2340.2,8,2340.4,12:30:10.606468451
9,2340.2,8,2340.4,12:30:10.606468451
9,2340.2,7,2340.4,12:30:10.606625363
9,2340.2,7,2340.4,12:30:10.606625363
9,2340.2,8,2340.4,12:30:10.618777508
9,2340.2,8,2340.4,12:30:10.618777508
8,2340.2,8,2340.4,12:30:10.618896829
8,2340.2,10,2340.4,12:30:10.633907365
8,2340.2,1,2340.3,12:30:10.634060037
8,2340.2,1,2340.3,12:30:10.634202408
8,2340.2,1,2340.3,12:30:10.634218802
7,2340.2,1,2340.3,12:30:10.634251670
6,2340.2,1,2340.3,12:30:10.634272748
6,2340.2,1,2340.3,12:30:10.634330753
6,2340.2,1,2340.3,12:30:10.705910937
6,2340.2,11,2340.4,12:30:10.931907129
6,2340.2,11,2340.4,12:30:10.931907129
6,2340.2,10,2340.4,12:30:10.932088666
6,2340.2,8,2340.4,12:30:10.934568021
6,2340.2,10,2340.4,12:30:10.937504877
6,2340.2,1,2340.3,12:30:10.943623464
6,2340.2,1,2340.3,12:30:11.145922879
5,2340.2,1,2340.3,12:30:11.203938479
5,2340.2,1,2340.3,12:30:11.203938479
4,2340.2,1,2340.3,12:30:11.205227269
4,2340.2,3,2340.3,12:30:11.206494399
12,2340.1,3,2340.3,12:30:11.206810102
12,2340.1,3,2340.3,12:30:11.206810102
12,2340.1,4,2340.3,12:30:11.206915919
12,2340.1,5,2340.3,12:30:11.206992032
12,2340.1,6,2340.3,12:30:11.207010484
12,2340.1,7,2340.3,12:30:11.207152400
12,2340.1,7,2340.3,12:30:11.207170173
12,2340.1,7,2340.3,12:30:11.207183300
12,2340.1,9,2340.3,12:30:11.207202116
12,2340.1,10,2340.3,12:30:11.207438745
12,2340.1,10,2340.3,12:30:11.207438745
12,2340.1,10,2340.3,12:30:11.207454047
12,2340.1,10,2340.3,12:30:11.207506122
12,2340.1,9,2340.3,12:30:11.207536110
12,2340.1,9,2340.3,12:30:11.207720136
13,2340.1,9,2340.3,12:30:11.224334880
14,2340.1,9,2340.3,12:30:11.381590901
14,2340.1,9,2340.3,12:30:11.486494989
14,2340.1,9,2340.3,12:30:11.486494989
14,2340.1,9,2340.3,12:30:11.488201748
14,2340.1,1,2340.2,12:30:11.638515691
14,2340.1,1,2340.2,12:30:11.638632462
14,2340.1,1,2340.2,12:30:11.638647147
13,2340.1,1,2340.2,12:30:11.638680735
13,2340.1,1,2340.2,12:30:11.638697116
12,2340.1,1,2340.2,12:30:11.638870867
12,2340.1,11,2340.3,12:30:11.639034006
12,2340.1,11,2340.3,12:30:11.639034006
12,2340.1,10,2340.3,12:30:11.926841218
12,2340.1,9,2340.3,12:30:11.927023185
12,2340.1,9,2340.3,12:30:11.927023185
12,2340.1,1,2340.2,12:30:12.259330198
12,2340.1,1,2340.2,12:30:12.259464396
12,2340.1,10,2340.3,12:30:12.260810903
10,2340.1,10,2340.3,12:30:12.260810903
10,2340.1,10,2340.3,12:30:12.260810903
10,2340.1,1,2340.2,12:30:12.261009131
10,2340.1,3,2340.2,12:30:12.261135083
9,2340.1,3,2340.2,12:30:12.261282909
9,2340.1,3,2340.2,12:30:12.261301057
9,2340.1,3,2340.2,12:30:12.382754865
7,2340.1,3,2340.2,12:30:12.421840592
7,2340.1,3,2340.2,12:30:12.621847714
6,2340.1,3,2340.2,12:30:13.200548741
6,2340.1,3,2340.2,12:30:13.200548741
6,2340.1,2,2340.2,12:30:13.288544822
6,2340.1,2,2340.2,12:30:13.554255398
6,2340.1,2,2340.2,12:30:13.554255398
6,2340.1,10,2340.3,12:30:13.554406725
6,2340.1,10,2340.3,12:30:13.554406725
7,2340.1,10,2340.3,12:30:13.586982601
6,2340.1,10,2340.3,12:30:14.624329161
6,2340.1,10,2340.3,12:30:14.624329161
6,2340.1,1,2340.2,12:30:14.721127406
5,2340.1,1,2340.2,12:30:14.721281983
5,2340.1,3,2340.2,12:30:14.724945138
5,2340.1,3,2340.2,12:30:14.728039075
5,2340.1,1,2340.2,12:30:14.729115037
5,2340.1,1,2340.2,12:30:15.237918441
5,2340.1,1,2340.2,12:30:15.237976087
5,2340.1,1,2340.2,12:30:15.237976087
5,2340.1,1,2340.2,12:30:15.238004305
5,2340.1,1,2340.2,12:30:18.260916196
5,2340.1,1,2340.2,12:30:19.637147508
5,2340.1,2,2340.2,12:30:19.637558749
5,2340.1,4,2340.2,12:30:19.640228448
4,2340.1,4,2340.2,12:30:19.640386973
9,2340.0,4,2340.2,12:30:19.640573696
9,2340.0,4,2340.2,12:30:19.640573696
9,2340.0,5,2340.2,12:30:19.640870963
8,2340.0,5,2340.2,12:30:19.640879111
8,2340.0,6,2340.2,12:30:19.641075310
8,2340.0,6,2340.2,12:30:19.641118783
8,2340.0,8,2340.2,12:30:19.641136955
8,2340.0,9,2340.2,12:30:19.641233121
1,2340.1,9,2340.2,12:30:19.641357904
8,2340.0,9,2340.2,12:30:19.641384347
8,2340.0,9,2340.2,12:30:19.641384347
8,2340.0,10,2340.2,12:30:19.641455788
8,2340.0,10,2340.2,12:30:19.641502067
8,2340.0,1,2340.1,12:30:19.641608584
8,2340.0,1,2340.1,12:30:19.641631417
8,2340.0,1,2340.1,12:30:19.641643522
8,2340.0,1,2340.1,12:30:19.641676794
8,2340.0,1,2340.1,12:30:19.641807289
8,2340.0,8,2340.2,12:30:19.641865412
8,2340.0,8,2340.2,12:30:19.641865412
8,2340.0,1,2340.1,12:30:19.641893275
8,2340.0,2,2340.1,12:30:19.642059922
8,2340.0,2,2340.1,12:30:19.642069179
8,2340.0,2,2340.1,12:30:19.642081919
8,2340.0,2,2340.1,12:30:19.642097868
7,2340.0,2,2340.1,12:30:19.642118941
7,2340.0,2,2340.1,12:30:19.642132703
7,2340.0,2,2340.1,12:30:19.642150944
7,2340.0,2,2340.1,12:30:19.642350055
7,2340.0,3,2340.1,12:30:19.642470554
7,2340.0,4,2340.1,12:30:19.643298011
7,2340.0,4,2340.1,12:30:19.643416637
7,2340.0,3,2340.1,12:30:19.648744940
7,2340.0,3,2340.1,12:30:19.650958298
7,2340.0,3,2340.1,12:30:19.652226273
7,2340.0,3,2340.1,12:30:19.669948173
6,2340.0,3,2340.1,12:30:19.750961401
6,2340.0,3,2340.1,12:30:19.750961401
4,2340.0,3,2340.1,12:30:19.821879232
3,2340.0,3,2340.1,12:30:19.822011098
2,2340.0,3,2340.1,12:30:19.822038664
3,2340.0,3,2340.1,12:30:19.822427308
3,2340.0,3,2340.1,12:30:19.822946576
3,2340.0,3,2340.1,12:30:19.822946576
3,2340.0,3,2340.1,12:30:20.021882182
4,2340.0,3,2340.1,12:30:20.022032573
4,2340.0,2,2340.1,12:30:20.022054785
4,2340.0,1,2340.1,12:30:20.022085076
5,2340.0,1,2340.1,12:30:20.022165282
6,2340.0,1,2340.1,12:30:20.022238699
6,2340.0,9,2340.2,12:30:20.022483842
6,2340.0,9,2340.2,12:30:20.022483842
6,2340.0,9,2340.2,12:30:20.022640435
6,2340.0,9,2340.2,12:30:20.042584337
6,2340.0,9,2340.2,12:30:20.849672468
3,2340.1,9,2340.2,12:30:21.045419314
3,2340.1,8,2340.2,12:30:21.045608710
3,2340.1,7,2340.2,12:30:21.045626176
3,2340.1,6,2340.2,12:30:21.045656872
3,2340.1,6,2340.2,12:30:21.045689285
3,2340.1,4,2340.2,12:30:21.045740633
3,2340.1,4,2340.2,12:30:21.045786612
3,2340.1,4,2340.2,12:30:21.045802570
4,2340.1,4,2340.2,12:30:21.045982542
4,2340.1,4,2340.2,12:30:21.046169088
4,2340.1,2,2340.2,12:30:21.050130222
4,2340.1,4,2340.2,12:30:21.052431920
4,2340.1,4,2340.2,12:30:21.163944675
4,2340.1,4,2340.2,12:30:21.221877833
4,2340.1,4,2340.2,12:30:21.221892784
4,2340.1,4,2340.2,12:30:21.750253665
4,2340.1,4,2340.2,12:30:21.750253665
4,2340.1,4,2340.2,12:30:22.051796926
3,2340.1,4,2340.2,12:30:22.080625990
9,2340.0,4,2340.2,12:30:22.080852324
9,2340.0,4,2340.2,12:30:22.080852324
9,2340.0,5,2340.2,12:30:22.080872468
9,2340.0,6,2340.2,12:30:22.080923944
8,2340.0,6,2340.2,12:30:22.081114627
8,2340.0,8,2340.2,12:30:22.081174880
7,2340.0,8,2340.2,12:30:22.081229756
6,2340.0,8,2340.2,12:30:22.081576953
6,2340.0,1,2340.1,12:30:22.081627574
6,2340.0,1,2340.1,12:30:22.081652436
6,2340.0,1,2340.1,12:30:22.081663652
6,2340.0,2,2340.1,12:30:22.081969633
6,2340.0,2,2340.1,12:30:22.082010120
6,2340.0,1,2340.1,12:30:22.082054559
6,2340.0,2,2340.1,12:30:22.082224803
6,2340.0,3,2340.1,12:30:22.082697830
6,2340.0,3,2340.1,12:30:22.082963086
6,2340.0,2,2340.1,12:30:22.083145839
6,2340.0,3,2340.1,12:30:22.083538404
3,2340.0,3,2340.1,12:30:22.154612028
3,2340.0,4,2340.1,12:30:22.154762930
3,2340.0,5,2340.1,12:30:22.154837118
3,2340.0,5,2340.1,12:30:22.154903547
3,2340.0,6,2340.1,12:30:22.155027912
3,2340.0,8,2340.1,12:30:22.157093882
3,2340.0,8,2340.1,12:30:22.157093882
1,2340.0,8,2340.1,12:30:22.157491711
1,2340.0,8,2340.1,12:30:22.157832867
1,2340.0,8,2340.1,12:30:22.157900197
7,2339.9,8,2340.1,12:30:22.157906171
7,2339.9,8,2340.1,12:30:22.157906171
7,2339.9,4,2340.0,12:30:22.157942966
7,2339.9,5,2340.0,12:30:22.158061704
7,2339.9,5,2340.0,12:30:22.158075912
6,2339.9,5,2340.0,12:30:22.158127154
6,2339.9,5,2340.0,12:30:22.158141148
5,2339.9,5,2340.0,12:30:22.158216808
5,2339.9,5,2340.0,12:30:22.158241138
4,2339.9,5,2340.0,12:30:22.158262066
4,2339.9,5,2340.0,12:30:22.158295217
3,2339.9,5,2340.0,12:30:22.158345486
3,2339.9,5,2340.0,12:30:22.158435672
3,2339.9,5,2340.0,12:30:22.158533322
2,2339.9,5,2340.0,12:30:22.158611382
2,2339.9,5,2340.0,12:30:22.158641175
2,2339.9,5,2340.0,12:30:22.158656090
2,2339.9,6,2340.0,12:30:22.158719323
1,2339.9,6,2340.0,12:30:22.158805187
11,2339.8,6,2340.0,12:30:22.158971005
11,2339.8,6,2340.0,12:30:22.158971005
11,2339.8,6,2340.0,12:30:22.158994814
11,2339.8,6,2340.0,12:30:22.159085436
11,2339.8,7,2340.0,12:30:22.159249689
11,2339.8,7,2340.0,12:30:22.159666770
11,2339.8,7,2340.0,12:30:22.162843966
11,2339.8,7,2340.0,12:30:22.162858152
11,2339.8,7,2340.0,12:30:22.162871996
11,2339.8,7,2340.0,12:30:22.164580578
11,2339.8,7,2340.0,12:30:22.164580578
11,2339.8,7,2340.0,12:30:22.167231936
11,2339.8,7,2340.0,12:30:22.225569250
11,2339.8,7,2340.0,12:30:22.226610749
11,2339.8,8,2340.0,12:30:22.245322514
11,2339.8,8,2340.0,12:30:22.245444229
11,2339.8,8,2340.0,12:30:22.245455900
12,2339.8,8,2340.0,12:30:22.526871047
12,2339.8,8,2340.0,12:30:22.545712116
1,2339.9,8,2340.0,12:30:22.550478828
1,2339.9,7,2340.0,12:30:22.550611920
2,2339.9,7,2340.0,12:30:22.550658183
2,2339.9,7,2340.0,12:30:22.550694949
2,2339.9,6,2340.0,12:30:22.550726549
2,2339.9,5,2340.0,12:30:22.551000139
2,2339.9,5,2340.0,12:30:22.551000139
2,2339.9,4,2340.0,12:30:22.551175269
3,2339.9,4,2340.0,12:30:22.551175269
4,2339.9,4,2340.0,12:30:22.551249187
5,2339.9,4,2340.0,12:30:22.551360617
4,2339.9,4,2340.0,12:30:22.551562731
3,2339.9,4,2340.0,12:30:22.551834677
2,2339.9,4,2340.0,12:30:22.551855945
2,2339.9,4,2340.0,12:30:22.576946898
3,2339.9,4,2340.0,12:30:22.840711982
4,2339.9,4,2340.0,12:30:22.897417412
4,2339.9,4,2340.0,12:30:23.387866085
4,2339.9,4,2340.0,12:30:23.622300249
4,2339.9,4,2340.0,12:30:23.748345626
4,2339.9,4,2340.0,12:30:24.510505503
5,2339.9,4,2340.0,12:30:24.653245767
6,2339.9,4,2340.0,12:30:25.111962558
6,2339.9,9,2340.1,12:30:25.597766494
6,2339.9,9,2340.1,12:30:25.597766494
7,2339.9,9,2340.1,12:30:25.598167382
1,2340.0,9,2340.1,12:30:25.598266507
2,2340.0,9,2340.1,12:30:25.598347261
2,2340.0,9,2340.1,12:30:25.598347261
2,2340.0,8,2340.1,12:30:25.598412520
2,2340.0,8,2340.1,12:30:25.598457497
2,2340.0,8,2340.1,12:30:25.598477535
1,2340.0,8,2340.1,12:30:25.598536378
1,2340.0,8,2340.1,12:30:25.598559028
1,2340.0,8,2340.1,12:30:25.598572296
1,2340.0,7,2340.1,12:30:25.598616153
1,2340.0,6,2340.1,12:30:25.598666768
2,2340.0,6,2340.1,12:30:25.599185073
2,2340.0,6,2340.1,12:30:25.599202027
2,2340.0,6,2340.1,12:30:25.599318532
2,2340.0,6,2340.1,12:30:25.599333831
2,2340.0,4,2340.1,12:30:25.602973767
3,2340.0,4,2340.1,12:30:25.603107632
3,2340.0,3,2340.1,12:30:25.603221487
3,2340.0,2,2340.1,12:30:25.603242070
3,2340.0,2,2340.1,12:30:25.603411235
3,2340.0,1,2340.1,12:30:25.662362894
4,2340.0,1,2340.1,12:30:25.662636394
4,2340.0,1,2340.1,12:30:25.681451090
4,2340.0,1,2340.1,12:30:25.769071264
4,2340.0,1,2340.1,12:30:25.769071264
4,2340.0,2,2340.1,12:30:26.255215048
3,2340.0,2,2340.1,12:30:26.255394161
2,2340.0,2,2340.1,12:30:26.255433974
2,2340.0,3,2340.1,12:30:27.225534899
2,2340.0,5,2340.1,12:30:27.250538223
1,2340.0,5,2340.1,12:30:27.250983375
8,2339.9,5,2340.1,12:30:27.251236442
8,2339.9,5,2340.1,12:30:27.251236442
7,2339.9,5,2340.1,12:30:27.251376526
8,2339.9,5,2340.1,12:30:27.251582603
8,2339.9,5,2340.1,12:30:27.259782237
7,2339.9,5,2340.1,12:30:27.260028815
8,2339.9,5,2340.1,12:30:27.375278989
8,2339.9,3,2340.1,12:30:27.395052947
1,2340.0,3,2340.1,12:30:27.499778830
1,2340.0,2,2340.1,12:30:27.499896571
1,2340.0,2,2340.1,12:30:27.499911226
2,2340.0,2,2340.1,12:30:27.499941992
2,2340.0,1,2340.1,12:30:27.499974166
2,2340.0,1,2340.1,12:30:27.500495888
3,2340.0,1,2340.1,12:30:27.500527168
4,2340.0,1,2340.1,12:30:27.500581740
4,2340.0,9,2340.2,12:30:28.396362228
4,2340.0,9,2340.2,12:30:28.396362228
5,2340.0,9,2340.2,12:30:28.396592735
5,2340.0,9,2340.2,12:30:28.396661908
5,2340.0,9,2340.2,12:30:28.396678340
5,2340.0,10,2340.2,12:30:28.431841948
5,2340.0,10,2340.2,12:30:28.431841948
5,2340.0,9,2340.2,12:30:28.431990546
6,2340.0,9,2340.2,12:30:28.432468176
6,2340.0,10,2340.2,12:30:28.759136421
5,2340.0,10,2340.2,12:30:29.215117759
4,2340.0,10,2340.2,12:30:29.215297308
4,2340.0,1,2340.1,12:30:29.215436929
4,2340.0,2,2340.1,12:30:29.638346808
3,2340.0,2,2340.1,12:30:29.650583228
3,2340.0,1,2340.1,12:30:30.172534728
3,2340.0,10,2340.2,12:30:30.172650743
3,2340.0,10,2340.2,12:30:30.172650743
4,2340.0,10,2340.2,12:30:30.576158737
5,2340.0,10,2340.2,12:30:30.576287794
6,2340.0,10,2340.2,12:30:30.576319495
6,2340.0,10,2340.2,12:30:30.595697381
6,2340.0,10,2340.2,12:30:30.595710591
8,2339.9,10,2340.2,12:30:30.953428205
4,2339.9,10,2340.2,12:30:30.953428205
4,2339.9,10,2340.2,12:30:30.953428205
4,2339.9,1,2340.1,12:30:30.953453663
4,2339.9,2,2340.1,12:30:30.953535007
4,2339.9,2,2340.1,12:30:30.953582335
4,2339.9,3,2340.1,12:30:30.953693180
4,2339.9,4,2340.1,12:30:30.953729711
4,2339.9,5,2340.1,12:30:30.953890035
4,2339.9,6,2340.1,12:30:30.953909350
4,2339.9,7,2340.1,12:30:30.953926272
4,2339.9,7,2340.1,12:30:30.954059180
3,2339.9,7,2340.1,12:30:30.954135914
2,2339.9,7,2340.1,12:30:30.954171920
2,2339.9,8,2340.1,12:30:30.954253882
3,2339.9,8,2340.1,12:30:30.954277258
3,2339.9,7,2340.1,12:30:30.954360485
4,2339.9,7,2340.1,12:30:30.954497701
5,2339.9,7,2340.1,12:30:30.954564783
5,2339.9,7,2340.1,12:30:30.954593255
5,2339.9,6,2340.1,12:30:30.954621694
5,2339.9,6,2340.1,12:30:30.954636708
6,2339.9,6,2340.1,12:30:30.954680889
6,2339.9,5,2340.1,12:30:30.954818965
6,2339.9,7,2340.1,12:30:30.958441832
6,2339.9,5,2340.1,12:30:30.960547189
6,2339.9,5,2340.1,12:30:30.961651468
6,2339.9,5,2340.1,12:30:30.961663372
6,2339.9,6,2340.1,12:30:30.965445781
5,2339.9,6,2340.1,12:30:31.013742089
4,2339.9,6,2340.1,12:30:31.060795585
4,2339.9,6,2340.1,12:30:31.060795585
3,2339.9,6,2340.1,12:30:31.294992211
3,2339.9,1,2340.0,12:30:31.295137874
3,2339.9,1,2340.0,12:30:31.295261762
3,2339.9,1,2340.0,12:30:31.295278581
3,2339.9,1,2340.0,12:30:31.296282588
2,2339.9,1,2340.0,12:30:32.052675060
2,2339.9,2,2340.0,12:30:32.052817777
1,2339.9,2,2340.0,12:30:32.053107400
2,2339.9,2,2340.0,12:30:32.065794127
2,2339.9,1,2340.0,12:30:32.065967730
3,2339.9,1,2340.0,12:30:32.065986281
3,2339.9,9,2340.1,12:30:32.066075429
3,2339.9,9,2340.1,12:30:32.066075429
4,2339.9,9,2340.1,12:30:32.066219409
5,2339.9,9,2340.1,12:30:32.066238328
5,2339.9,9,2340.1,12:30:32.084960414
5,2339.9,9,2340.1,12:30:32.103698399
5,2339.9,9,2340.1,12:30:32.383012618
5,2339.9,9,2340.1,12:30:32.396576553
5,2339.9,9,2340.1,12:30:32.396576553
5,2339.9,9,2340.1,12:30:32.557989600
6,2339.9,9,2340.1,12:30:33.035293892
6,2339.9,8,2340.1,12:30:33.035439719
6,2339.9,6,2340.1,12:30:33.037146275
6,2339.9,8,2340.1,12:30:33.040206951
1,2339.9,8,2340.1,12:30:33.047735189
1,2339.9,9,2340.1,12:30:33.047828491
1,2339.9,1,2340.0,12:30:33.047883106
1,2339.9,2,2340.0,12:30:33.048027534
1,2339.9,3,2340.0,12:30:33.048094380
1,2339.9,4,2340.0,12:30:33.048307291
1,2339.9,5,2340.0,12:30:33.048359406
10,2339.8,5,2340.0,12:30:33.048448060
10,2339.8,5,2340.0,12:30:33.048448060
10,2339.8,6,2340.0,12:30:33.048521688
10,2339.8,5,2340.0,12:30:33.048555891
10,2339.8,4,2340.0,12:30:33.048648292
10,2339.8,4,2340.0,12:30:33.048672962
10,2339.8,5,2340.0,12:30:33.048741315
9,2339.8,5,2340.0,12:30:33.048777828
9,2339.8,5,2340.0,12:30:33.048792183
1,2339.9,5,2340.0,12:30:33.049156795
1,2339.9,4,2340.0,12:30:33.049278584
1,2339.9,3,2340.0,12:30:33.049386605
1,2339.9,2,2340.0,12:30:33.049441787
1,2339.9,4,2340.0,12:30:33.056062528
1,2339.9,4,2340.0,12:30:33.056062528
9,2339.8,4,2340.0,12:30:33.083395410
9,2339.8,4,2340.0,12:30:33.083395410
9,2339.8,5,2340.0,12:30:33.083510397
9,2339.8,6,2340.0,12:30:33.083563912
9,2339.8,6,2340.0,12:30:33.083578527
9,2339.8,6,2340.0,12:30:33.083592569
9,2339.8,6,2340.0,12:30:33.083608752
9,2339.8,6,2340.0,12:30:33.083682152
8,2339.8,6,2340.0,12:30:33.157435137
8,2339.8,6,2340.0,12:30:33.157435137
9,2339.8,6,2340.0,12:30:33.377526689
9,2339.8,6,2340.0,12:30:33.377679812
9,2339.8,5,2340.0,12:30:33.377700542
9,2339.8,3,2340.0,12:30:33.381340901
1,2339.9,3,2340.0,12:30:33.798819414
2,2339.9,3,2340.0,12:30:33.798943235
2,2339.9,2,2340.0,12:30:33.798972257
2,2339.9,2,2340.0,12:30:33.798985367
2,2339.9,1,2340.0,12:30:33.799070931
2,2339.9,9,2340.1,12:30:33.799085820
2,2339.9,9,2340.1,12:30:33.799085820
2,2339.9,9,2340.1,12:30:33.799143780
3,2339.9,9,2340.1,12:30:33.799602374
3,2339.9,9,2340.1,12:30:33.799613891
4,2339.9,9,2340.1,12:30:33.799780564
2,2340.0,9,2340.1,12:30:34.112626053
2,2340.0,9,2340.1,12:30:34.112792559
2,2340.0,8,2340.1,12:30:34.112819333
2,2340.0,8,2340.1,12:30:34.112905764
2,2340.0,7,2340.1,12:30:34.112952942
2,2340.0,7,2340.1,12:30:34.112967765
2,2340.0,7,2340.1,12:30:34.113034320
2,2340.0,6,2340.1,12:30:34.113198541
3,2340.0,6,2340.1,12:30:34.113465411
3,2340.0,6,2340.1,12:30:34.113482684
3,2340.0,5,2340.1,12:30:34.113596632
3,2340.0,4,2340.1,12:30:34.113614080
3,2340.0,2,2340.1,12:30:34.117547637
3,2340.0,1,2340.1,12:30:34.117676702
3,2340.0,1,2340.1,12:30:34.117707243
3,2340.0,10,2340.2,12:30:34.117837534
3,2340.0,10,2340.2,12:30:34.117837534
4,2340.0,10,2340.2,12:30:34.117863362
4,2340.0,10,2340.2,12:30:34.117900741
4,2340.0,10,2340.2,12:30:34.117937936
4,2340.0,10,2340.2,12:30:34.118029822
5,2340.0,10,2340.2,12:30:34.118083405
5,2340.0,10,2340.2,12:30:34.118130659
5,2340.0,10,2340.2,12:30:34.122218640
6,2340.0,10,2340.2,12:30:34.147935341
5,2340.0,10,2340.2,12:30:34.180947742
6,2340.0,10,2340.2,12:30:34.271500340
6,2340.0,9,2340.2,12:30:34.299861751
7,2340.0,9,2340.2,12:30:34.593310594
8,2340.0,9,2340.2,12:30:34.593434094
7,2340.0,9,2340.2,12:30:34.905992781
6,2340.0,9,2340.2,12:30:34.906207477
6,2340.0,9,2340.2,12:30:34.954361055
7,2340.0,9,2340.2,12:30:35.086441668
1,2340.1,9,2340.2,12:30:35.086843592
1,2340.1,8,2340.2,12:30:35.086907245
1,2340.1,8,2340.2,12:30:35.087115631
1,2340.1,7,2340.2,12:30:35.087177769
1,2340.1,7,2340.2,12:30:35.087193494
1,2340.1,7,2340.2,12:30:35.087210928
9,2340.0,7,2340.2,12:30:35.087274571
9,2340.0,7,2340.2,12:30:35.087274571
2,2340.1,7,2340.2,12:30:35.087302232
2,2340.1,7,2340.2,12:30:35.087325519
2,2340.1,7,2340.2,12:30:35.087472556
2,2340.1,7,2340.2,12:30:35.087533101
3,2340.1,7,2340.2,12:30:35.088067688
3,2340.1,7,2340.2,12:30:35.088248072
3,2340.1,7,2340.2,12:30:35.088266619
4,2340.1,7,2340.2,12:30:35.088528689
4,2340.1,6,2340.2,12:30:35.088653261
3,2340.1,6,2340.2,12:30:35.089729782
3,2340.1,6,2340.2,12:30:35.093632936
3,2340.1,6,2340.2,12:30:35.107956287
3,2340.1,4,2340.2,12:30:35.108116262
3,2340.1,4,2340.2,12:30:35.108130796
3,2340.1,3,2340.2,12:30:35.108228805
4,2340.1,3,2340.2,12:30:35.108381304
4,2340.1,3,2340.2,12:30:35.109154501
4,2340.1,3,2340.2,12:30:35.109154501
4,2340.1,1,2340.2,12:30:35.109850451
4,2340.1,11,2340.3,12:30:35.110096826
4,2340.1,11,2340.3,12:30:35.110096826
5,2340.1,11,2340.3,12:30:35.110208224
5,2340.1,11,2340.3,12:30:35.110334370
5,2340.1,12,2340.3,12:30:35.110352390
5,2340.1,12,2340.3,12:30:35.110352390
6,2340.1,12,2340.3,12:30:35.110433240
6,2340.1,12,2340.3,12:30:35.155827125
6,2340.1,12,2340.3,12:30:35.155827125
1,2340.2,12,2340.3,12:30:35.164935126
1,2340.2,12,2340.3,12:30:35.165072607
1,2340.2,12,2340.3,12:30:35.165089458
1,2340.2,12,2340.3,12:30:35.165103785
1,2340.2,12,2340.3,12:30:35.165293434
3,2340.2,12,2340.3,12:30:35.165340452
3,2340.2,11,2340.3,12:30:35.165411244
3,2340.2,11,2340.3,12:30:35.165458080
3,2340.2,11,2340.3,12:30:35.165629978
4,2340.2,11,2340.3,12:30:35.165653546
4,2340.2,11,2340.3,12:30:35.165684331
5,2340.2,11,2340.3,12:30:35.308715990
5,2340.2,11,2340.3,12:30:35.308860192
5,2340.2,10,2340.3,12:30:35.308880957
5,2340.2,10,2340.3,12:30:35.309000783
5,2340.2,9,2340.3,12:30:35.767695393
5,2340.2,8,2340.3,12:30:35.767831843
5,2340.2,6,2340.3,12:30:35.769869536
5,2340.2,6,2340.3,12:30:35.952325339
5,2340.2,5,2340.3,12:30:36.084917426
5,2340.2,5,2340.3,12:30:36.084917426
5,2340.2,5,2340.3,12:30:36.425065057
5,2340.2,5,2340.3,12:30:36.425081518
5,2340.2,3,2340.3,12:30:36.425217132
5,2340.2,2,2340.3,12:30:36.425331781
5,2340.2,2,2340.3,12:30:36.642512009
5,2340.2,2,2340.3,12:30:37.100257255
5,2340.2,2,2340.3,12:30:37.100257255
5,2340.2,2,2340.3,12:30:37.158201543
5,2340.2,2,2340.3,12:30:37.158201543
5,2340.2,2,2340.3,12:30:38.392353437
5,2340.2,2,2340.3,12:30:38.392353437
5,2340.2,3,2340.3,12:30:39.076348202
5,2340.2,4,2340.3,12:30:39.096195092
3,2340.2,4,2340.3,12:30:39.098342389
3,2340.2,5,2340.3,12:30:39.098518194
2,2340.2,5,2340.3,12:30:39.098900759
6,2340.1,5,2340.3,12:30:39.098902145
6,2340.1,5,2340.3,12:30:39.098902145
6,2340.1,6,2340.3,12:30:39.099153183
6,2340.1,7,2340.3,12:30:39.099167068
6,2340.1,9,2340.3,12:30:39.099183354
5,2340.1,9,2340.3,12:30:39.099242205
4,2340.1,9,2340.3,12:30:39.099424933
4,2340.1,10,2340.3,12:30:39.099469193
4,2340.1,1,2340.2,12:30:39.099636092
4,2340.1,3,2340.2,12:30:39.099666947
4,2340.1,4,2340.2,12:30:39.099683469
4,2340.1,4,2340.2,12:30:39.099717354
4,2340.1,4,2340.2,12:30:39.099769774
3,2340.1,4,2340.2,12:30:39.100064418
2,2340.1,4,2340.2,12:30:39.100313747
2,2340.1,4,2340.2,12:30:39.100411986
2,2340.1,4,2340.2,12:30:39.106937004
1,2340.1,4,2340.2,12:30:39.108217573
7,2340.0,4,2340.2,12:30:39.207271450
8,2340.0,4,2340.2,12:30:39.207271450
8,2340.0,4,2340.2,12:30:39.207271450
8,2340.0,4,2340.2,12:30:39.207390032
10,2340.0,4,2340.2,12:30:39.207424724
10,2340.0,4,2340.2,12:30:39.340950415
9,2340.0,4,2340.2,12:30:39.960237201
9,2340.0,5,2340.2,12:30:40.107055823
10,2340.0,5,2340.2,12:30:40.107697352
10,2340.0,12,2340.3,12:30:40.393576141
10,2340.0,29,2340.4,12:30:40.393576141
10,2340.0,28,2340.4,12:30:40.393576141
10,2340.0,28,2340.4,12:30:40.393576141
10,2340.0,28,2340.4,12:30:40.393576141
1,2340.1,28,2340.4,12:30:40.393807390
2,2340.1,28,2340.4,12:30:40.393833883
3,2340.1,28,2340.4,12:30:40.393955863
4,2340.1,28,2340.4,12:30:40.393975727
5,2340.1,28,2340.4,12:30:40.394158808
1,2340.2,28,2340.4,12:30:40.394193964
1,2340.2,28,2340.4,12:30:40.394445943
1,2340.2,28,2340.4,12:30:40.394452571
1,2340.2,28,2340.4,12:30:40.394498517
1,2340.2,28,2340.4,12:30:40.394634235
1,2340.2,28,2340.4,12:30:40.394653375
1,2340.2,28,2340.4,12:30:40.394717748
1,2340.2,28,2340.4,12:30:40.394797019
1,2340.2,28,2340.4,12:30:40.394846381
1,2340.2,28,2340.4,12:30:40.394979702
1,2340.2,28,2340.4,12:30:40.395008009
1,2340.2,30,2340.4,12:30:40.395037789
1,2340.2,30,2340.4,12:30:40.395279088
1,2340.2,30,2340.4,12:30:40.395279088
1,2340.2,30,2340.4,12:30:40.395464966
1,2340.2,30,2340.4,12:30:40.395476845
2,2340.2,30,2340.4,12:30:40.395563927
3,2340.2,30,2340.4,12:30:40.395654013
4,2340.2,30,2340.4,12:30:40.395791815
4,2340.2,30,2340.4,12:30:40.395824474
4,2340.2,30,2340.4,12:30:40.395837982
4,2340.2,30,2340.4,12:30:40.395911228
4,2340.2,30,2340.4,12:30:40.395977594
4,2340.2,1,2340.3,12:30:40.396052395
4,2340.2,30,2340.4,12:30:40.396334516
4,2340.2,30,2340.4,12:30:40.396334516
5,2340.2,30,2340.4,12:30:40.396369154
5,2340.2,30,2340.4,12:30:40.396413270
5,2340.2,1,2340.3,12:30:40.396489198
4,2340.2,1,2340.3,12:30:40.396517935
3,2340.2,1,2340.3,12:30:40.396593808
2,2340.2,1,2340.3,12:30:40.396614118
2,2340.2,2,2340.3,12:30:40.396807125
1,2340.2,2,2340.3,12:30:40.396838609
1,2340.2,3,2340.3,12:30:40.396899593
15,2340.1,3,2340.3,12:30:40.396960590
15,2340.1,3,2340.3,12:30:40.396960590
15,2340.1,4,2340.3,12:30:40.396996025
14,2340.1,4,2340.3,12:30:40.397021020
14,2340.1,5,2340.3,12:30:40.397334178
13,2340.1,5,2340.3,12:30:40.397459985
13,2340.1,6,2340.3,12:30:40.397480118
15,2340.1,6,2340.3,12:30:40.404239089
1,2340.2,6,2340.3,12:30:40.404389892
1,2340.2,6,2340.3,12:30:40.404515546
1,2340.2,5,2340.3,12:30:40.404536541
2,2340.2,5,2340.3,12:30:40.404578683
2,2340.2,4,2340.3,12:30:40.404672890
2,2340.2,3,2340.3,12:30:40.404689860
2,2340.2,2,2340.3,12:30:40.404747848
2,2340.2,2,2340.3,12:30:40.404797651
1,2340.2,2,2340.3,12:30:40.413658447
1,2340.2,4,2340.3,12:30:40.415201570
15,2340.1,4,2340.3,12:30:40.415437488
15,2340.1,4,2340.3,12:30:40.415437488
15,2340.1,5,2340.3,12:30:40.415465399
15,2340.1,6,2340.3,12:30:40.415517813
15,2340.1,7,2340.3,12:30:40.415646730
14,2340.1,7,2340.3,12:30:40.415667357
12,2340.1,7,2340.3,12:30:40.415683800
11,2340.1,7,2340.3,12:30:40.415799834
11,2340.1,7,2340.3,12:30:40.421754463
11,2340.1,6,2340.3,12:30:40.421873317
11,2340.1,7,2340.3,12:30:40.429285860
11,2340.1,8,2340.3,12:30:40.430477171
9,2340.1,8,2340.3,12:30:40.430595457
8,2340.1,8,2340.3,12:30:40.430708577
7,2340.1,8,2340.3,12:30:40.430867070
7,2340.1,1,2340.2,12:30:40.430898865
5,2340.1,1,2340.2,12:30:40.430979712
5,2340.1,2,2340.2,12:30:40.431018801
5,2340.1,2,2340.2,12:30:40.431030465
4,2340.1,2,2340.2,12:30:40.431108380
3,2340.1,2,2340.2,12:30:40.431171025
1,2340.1,2,2340.2,12:30:40.431252151
1,2340.1,4,2340.2,12:30:40.433573784
9,2340.0,4,2340.2,12:30:40.433807862
9,2340.0,4,2340.2,12:30:40.433807862
9,2340.0,5,2340.2,12:30:40.433905214
9,2340.0,6,2340.2,12:30:40.433920431
9,2340.0,7,2340.2,12:30:40.433936572
9,2340.0,7,2340.2,12:30:40.434200471
9,2340.0,7,2340.2,12:30:40.439494175
9,2340.0,8,2340.2,12:30:40.439672787
9,2340.0,8,2340.2,12:30:40.439794766
10,2340.0,8,2340.2,12:30:40.517148497
10,2340.0,7,2340.2,12:30:40.517256372
10,2340.0,7,2340.2,12:30:40.517287123
10,2340.0,7,2340.2,12:30:40.571944574
10,2340.0,7,2340.2,12:30:40.585891425
10,2340.0,7,2340.2,12:30:40.585891425
10,2340.0,7,2340.2,12:30:40.697393208
2,2340.1,7,2340.2,12:30:41.005850860
2,2340.1,6,2340.2,12:30:41.006029812
2,2340.1,5,2340.2,12:30:41.006049233
2,2340.1,5,2340.2,12:30:41.006081323
2,2340.1,5,2340.2,12:30:41.006132665
2,2340.1,4,2340.2,12:30:41.006222651
3,2340.1,4,2340.2,12:30:41.006264648
3,2340.1,4,2340.2,12:30:41.006388145
4,2340.1,4,2340.2,12:30:41.006522404
4,2340.1,4,2340.2,12:30:41.006535380
4,2340.1,11,2340.3,12:30:41.006799936
4,2340.1,11,2340.3,12:30:41.006799936
5,2340.1,11,2340.3,12:30:41.007089750
5,2340.1,10,2340.3,12:30:41.007127524
6,2340.1,10,2340.3,12:30:41.007191426
6,2340.1,9,2340.3,12:30:41.007222863
6,2340.1,8,2340.3,12:30:41.007443300
1,2340.2,8,2340.3,12:30:41.010239524
1,2340.2,8,2340.3,12:30:41.010381682
1,2340.2,8,2340.3,12:30:41.010398037
1,2340.2,7,2340.3,12:30:41.015175400
1,2340.2,7,2340.3,12:30:41.056837371
1,2340.2,6,2340.3,12:30:41.072832596
1,2340.2,6,2340.3,12:30:41.083942510
1,2340.2,6,2340.3,12:30:41.207945645
2,2340.2,6,2340.3,12:30:41.387327538
2,2340.2,5,2340.3,12:30:41.387452802
2,2340.2,5,2340.3,12:30:41.387464706
2,2340.2,4,2340.3,12:30:41.403658342
2,2340.2,2,2340.3,12:30:41.404444958
2,2340.2,1,2340.3,12:30:41.404569016
2,2340.2,30,2340.4,12:30:41.404586514
2,2340.2,30,2340.4,12:30:41.404586514
2,2340.2,30,2340.4,12:30:41.404761660
3,2340.2,30,2340.4,12:30:41.405003422
5,2340.2,30,2340.4,12:30:41.405135091
5,2340.2,30,2340.4,12:30:41.405476381
7,2340.2,30,2340.4,12:30:41.410380400
7,2340.2,30,2340.4,12:30:41.414233477
7,2340.2,30,2340.4,12:30:43.205414001
8,2340.2,30,2340.4,12:30:45.639582732
8,2340.2,30,2340.4,12:30:45.639591426
8,2340.2,30,2340.4,12:30:45.639600703
8,2340.2,31,2340.4,12:30:45.639724274
8,2340.2,31,2340.4,12:30:45.639724274
8,2340.2,31,2340.4,12:30:45.639896149
1,2340.3,31,2340.4,12:30:45.639910581
1,2340.3,31,2340.4,12:30:45.640148938
8,2340.2,31,2340.4,12:30:45.640321777
8,2340.2,31,2340.4,12:30:45.640321777
2,2340.3,31,2340.4,12:30:45.640338814
2,2340.3,29,2340.4,12:30:45.640364398
3,2340.3,29,2340.4,12:30:45.640607220
3,2340.3,29,2340.4,12:30:45.640607220
4,2340.3,29,2340.4,12:30:45.640761361
4,2340.3,29,2340.4,12:30:45.640776029
4,2340.3,28,2340.4,12:30:45.640879878
4,2340.3,28,2340.4,12:30:45.640895248
4,2340.3,28,2340.4,12:30:45.744283366
5,2340.3,28,2340.4,12:30:46.626866353
6,2340.3,28,2340.4,12:30:46.627005514
6,2340.3,28,2340.4,12:30:46.627020366
6,2340.3,28,2340.4,12:30:47.591598101
6,2340.3,27,2340.4,12:30:47.714349430
6,2340.3,26,2340.4,12:30:48.517459142
6,2340.3,26,2340.4,12:30:48.520253285
6,2340.3,26,2340.4,12:30:48.627818160
6,2340.3,26,2340.4,12:30:48.849987522
6,2340.3,27,2340.4,12:30:48.850113071
5,2340.3,27,2340.4,12:30:48.850138726
4,2340.3,27,2340.4,12:30:48.850624895
3,2340.3,27,2340.4,12:30:48.850873018
3,2340.3,27,2340.4,12:30:50.025371918
6,2340.3,27,2340.4,12:30:50.025480170
6,2340.3,27,2340.4,12:30:50.025503595
6,2340.3,27,2340.4,12:30:50.249141760
6,2340.3,27,2340.4,12:30:50.267975443
6,2340.3,27,2340.4,12:30:50.670532709
6,2340.3,26,2340.4,12:30:50.670684942
7,2340.3,26,2340.4,12:30:50.670795201
8,2340.3,26,2340.4,12:30:50.670925719
9,2340.3,26,2340.4,12:30:50.670939767
9,2340.3,24,2340.4,12:30:50.671218313
9,2340.3,24,2340.4,12:30:50.671218313
9,2340.3,23,2340.4,12:30:50.671446919
9,2340.3,20,2340.4,12:30:50.671446919
9,2340.3,18,2340.4,12:30:50.671471032
9,2340.3,18,2340.4,12:30:50.671517557
9,2340.3,16,2340.4,12:30:50.671575348
11,2340.3,16,2340.4,12:30:50.671646385
10,2340.3,16,2340.4,12:30:50.677091478
10,2340.3,16,2340.4,12:30:51.357356469
10,2340.3,16,2340.4,12:30:51.457330465
10,2340.3,15,2340.4,12:30:51.764016850
10,2340.3,12,2340.4,12:30:52.266061691
11,2340.3,12,2340.4,12:30:52.266360157
11,2340.3,3,2340.4,12:30:52.266418729
11,2340.3,3,2340.4,12:30:52.266447532
11,2340.3,7,2340.5,12:30:52.266771920
11,2340.3,7,2340.5,12:30:52.266771920
10,2340.3,7,2340.5,12:30:52.266809615
11,2340.3,7,2340.5,12:30:52.266823868
11,2340.3,7,2340.5,12:30:52.266921846
11,2340.3,7,2340.5,12:30:52.267039823
11,2340.3,7,2340.5,12:30:52.267171499
11,2340.3,7,2340.5,12:30:52.271991315
11,2340.3,1,2340.4,12:30:52.272148581
11,2340.3,1,2340.4,12:30:52.272274114
10,2340.3,1,2340.4,12:30:52.272291403
9,2340.3,1,2340.4,12:30:52.272518978
9,2340.3,2,2340.4,12:30:52.273112499
7,2340.3,2,2340.4,12:30:52.273217826
7,2340.3,3,2340.4,12:30:52.273241625
6,2340.3,3,2340.4,12:30:52.273370721
6,2340.3,3,2340.4,12:30:52.370963160
6,2340.3,3,2340.4,12:30:52.513495208
6,2340.3,3,2340.4,12:30:52.513495208
6,2340.3,2,2340.4,12:30:52.875361879
6,2340.3,1,2340.4,12:30:52.883976821
3,2340.3,1,2340.4,12:30:52.885330946
3,2340.3,8,2340.5,12:30:52.885530907
3,2340.3,8,2340.5,12:30:52.885530907
4,2340.3,8,2340.5,12:30:52.885660817
5,2340.3,8,2340.5,12:30:52.885737721
6,2340.3,8,2340.5,12:30:52.885757235
6,2340.3,8,2340.5,12:30:52.885793469
6,2340.3,1,2340.4,12:30:52.887006159
5,2340.3,1,2340.4,12:30:52.887147701
4,2340.3,1,2340.4,12:30:52.887167247
3,2340.3,1,2340.4,12:30:52.887203683
3,2340.3,2,2340.4,12:30:52.887314786
3,2340.3,3,2340.4,12:30:52.887333660
2,2340.3,3,2340.4,12:30:53.026034677
2,2340.3,4,2340.4,12:30:53.026409654
2,2340.3,3,2340.4,12:30:53.062702892
2,2340.3,2,2340.4,12:30:53.062933251
4,2340.3,2,2340.4,12:30:53.905398143
4,2340.3,1,2340.4,12:30:53.905574166
5,2340.3,1,2340.4,12:30:53.905591005
6,2340.3,1,2340.4,12:30:54.111953862
6,2340.3,8,2340.5,12:30:55.687398751
6,2340.3,8,2340.5,12:30:55.687398751
7,2340.3,8,2340.5,12:30:55.687575052
8,2340.3,8,2340.5,12:30:55.687592211
8,2340.3,9,2340.5,12:30:55.687614765
8,2340.3,9,2340.5,12:30:55.687614765
1,2340.4,9,2340.5,12:30:55.687641811
1,2340.4,9,2340.5,12:30:55.687641811
3,2340.4,9,2340.5,12:30:55.687671882
2,2340.4,9,2340.5,12:30:55.687876444
2,2340.4,9,2340.5,12:30:55.687876444
2,2340.4,9,2340.5,12:30:55.687876444
2,2340.4,9,2340.5,12:30:55.687881042
2,2340.4,9,2340.5,12:30:55.687899413
2,2340.4,9,2340.5,12:30:55.687926790
2,2340.4,8,2340.5,12:30:55.687959162
2,2340.4,8,2340.5,12:30:55.688016501
1,2340.4,8,2340.5,12:30:55.688101168
9,2340.3,8,2340.5,12:30:55.688138423
9,2340.3,8,2340.5,12:30:55.688138423
8,2340.3,8,2340.5,12:30:55.688274797
1,2340.4,8,2340.5,12:30:55.688527576
1,2340.4,8,2340.5,12:30:55.688694530
1,2340.4,8,2340.5,12:30:55.698659470
1,2340.4,8,2340.5,12:30:55.774902643
1,2340.4,8,2340.5,12:30:55.795158803
1,2340.4,7,2340.5,12:30:56.084906802
1,2340.4,7,2340.5,12:30:56.084906802
8,2340.3,7,2340.5,12:30:57.357973695
8,2340.3,7,2340.5,12:30:57.357973695
8,2340.3,8,2340.5,12:30:57.358135269
7,2340.3,8,2340.5,12:30:57.358214945
6,2340.3,8,2340.5,12:30:57.358254817
6,2340.3,8,2340.5,12:30:57.358270978
5,2340.3,8,2340.5,12:30:57.358511399
6,2340.3,8,2340.5,12:30:57.358694248
6,2340.3,8,2340.5,12:30:57.795368894
6,2340.3,10,2340.5,12:30:57.797178486
6,2340.3,11,2340.5,12:30:58.966966264
6,2340.3,11,2340.5,12:30:58.966966264
6,2340.3,12,2340.5,12:30:58.967096081
6,2340.3,1,2340.4,12:30:58.967242576
5,2340.3,1,2340.4,12:30:58.967270564
5,2340.3,2,2340.4,12:30:58.967385178
5,2340.3,3,2340.4,12:30:58.967428027
5,2340.3,4,2340.4,12:30:58.967448209
5,2340.3,5,2340.4,12:30:58.967481823
4,2340.3,5,2340.4,12:30:58.967502265
4,2340.3,12,2340.5,12:30:59.750364109
4,2340.3,12,2340.5,12:30:59.750364109
5,2340.3,12,2340.5,12:30:59.750571141
6,2340.3,12,2340.5,12:30:59.750616946
7,2340.3,12,2340.5,12:30:59.750720769
8,2340.3,12,2340.5,12:30:59.750790598
9,2340.3,12,2340.5,12:30:59.750817286
10,2340.3,12,2340.5,12:30:59.750897048
9,2340.3,12,2340.5,12:30:59.751242511
9,2340.3,12,2340.5,12:30:59.751361793
9,2340.3,12,2340.5,12:30:59.751375368
9,2340.3,12,2340.5,12:30:59.751389359
9,2340.3,12,2340.5,12:30:59.751402677
9,2340.3,10,2340.5,12:30:59.752846275
7,2340.3,10,2340.5,12:31:01.445397237
7,2340.3,9,2340.5,12:31:01.445615494
6,2340.3,9,2340.5,12:31:01.445729163
5,2340.3,9,2340.5,12:31:01.445894258
5,2340.3,9,2340.5,12:31:01.445988572
5,2340.3,9,2340.5,12:31:01.446000976
5,2340.3,10,2340.5,12:31:01.448325599
4,2340.3,10,2340.5,12:31:01.448440664
3,2340.3,10,2340.5,12:31:01.448471109
2,2340.3,10,2340.5,12:31:01.448495513
2,2340.3,10,2340.5,12:31:01.448512307
2,2340.3,10,2340.5,12:31:01.448526288
2,2340.3,1,2340.4,12:31:01.448622770
2,2340.3,2,2340.4,12:31:01.448801830
1,2340.3,2,2340.4,12:31:01.448825360
1,2340.3,3,2340.4,12:31:01.448849172
10,2340.2,3,2340.4,12:31:01.449066536
10,2340.2,3,2340.4,12:31:01.449066536
10,2340.2,4,2340.4,12:31:01.449386568
10,2340.2,5,2340.4,12:31:01.449421747
10,2340.2,5,2340.4,12:31:01.449499885
10,2340.2,5,2340.4,12:31:01.449516061
10,2340.2,6,2340.4,12:31:01.449571119
9,2340.2,6,2340.4,12:31:01.449620598
9,2340.2,7,2340.4,12:31:01.449748786
9,2340.2,3,2340.3,12:31:01.449797360
9,2340.2,3,2340.3,12:31:01.449948272
9,2340.2,3,2340.3,12:31:01.450049103
9,2340.2,3,2340.3,12:31:01.450075197
7,2340.2,3,2340.3,12:31:01.450097156
7,2340.2,4,2340.3,12:31:01.450117575
7,2340.2,4,2340.3,12:31:01.450132064
6,2340.2,4,2340.3,12:31:01.450151114
4,2340.2,4,2340.3,12:31:01.450171298
3,2340.2,4,2340.3,12:31:01.450251763
3,2340.2,4,2340.3,12:31:01.450388201
3,2340.2,4,2340.3,12:31:01.459302903
2,2340.2,4,2340.3,12:31:01.459486737
1,2340.2,4,2340.3,12:31:01.459609302
1,2340.2,4,2340.3,12:31:01.501980943
7,2340.1,4,2340.3,12:31:01.555167612
8,2340.1,4,2340.3,12:31:01.555167612
8,2340.1,4,2340.3,12:31:01.555167612
8,2340.1,5,2340.3,12:31:01.555285608
9,2340.1,5,2340.3,12:31:01.555315385
9,2340.1,5,2340.3,12:31:01.555444449
9,2340.1,5,2340.3,12:31:01.563586070
10,2340.1,5,2340.3,12:31:01.591980905
10,2340.1,4,2340.3,12:31:01.592105599
10,2340.1,8,2340.4,12:31:01.709765018
10,2340.1,2,2340.4,12:31:01.709765018
10,2340.1,2,2340.4,12:31:01.709765018
1,2340.2,2,2340.4,12:31:01.709796432
2,2340.2,2,2340.4,12:31:01.709826471
3,2340.2,2,2340.4,12:31:01.709854703
4,2340.2,2,2340.4,12:31:01.709908646
5,2340.2,2,2340.4,12:31:01.709944717
6,2340.2,2,2340.4,12:31:01.709965156
7,2340.2,2,2340.4,12:31:01.710030917
8,2340.2,2,2340.4,12:31:01.710305451
9,2340.2,2,2340.4,12:31:01.710328565
9,2340.2,3,2340.4,12:31:01.710445492
9,2340.2,5,2340.4,12:31:01.710533263
9,2340.2,4,2340.4,12:31:01.710572045
9,2340.2,4,2340.4,12:31:01.710594970
10,2340.2,4,2340.4,12:31:01.710613991
10,2340.2,5,2340.4,12:31:01.710695587
10,2340.2,5,2340.4,12:31:01.710710188
9,2340.2,5,2340.4,12:31:01.710725702
9,2340.2,6,2340.4,12:31:01.710823049
9,2340.2,6,2340.4,12:31:01.710879619
8,2340.2,6,2340.4,12:31:01.710909383
7,2340.2,6,2340.4,12:31:01.710950603
7,2340.2,8,2340.4,12:31:01.710983829
7,2340.2,6,2340.4,12:31:01.711136664
7,2340.2,5,2340.4,12:31:01.711190272
7,2340.2,5,2340.4,12:31:01.711256650
7,2340.2,6,2340.4,12:31:01.711293234
7,2340.2,1,2340.3,12:31:01.711319842
7,2340.2,1,2340.3,12:31:01.711342348
7,2340.2,1,2340.3,12:31:01.711354521
6,2340.2,1,2340.3,12:31:01.711390963
5,2340.2,1,2340.3,12:31:01.711515082
4,2340.2,1,2340.3,12:31:01.711636754
4,2340.2,2,2340.3,12:31:01.711745386
3,2340.2,2,2340.3,12:31:01.711759147
3,2340.2,3,2340.3,12:31:01.711780735
2,2340.2,3,2340.3,12:31:01.711895941
2,2340.2,3,2340.3,12:31:01.716240895
1,2340.2,3,2340.3,12:31:01.716479389
9,2340.1,3,2340.3,12:31:01.716690824
9,2340.1,3,2340.3,12:31:01.716690824
9,2340.1,4,2340.3,12:31:01.716758810
9,2340.1,5,2340.3,12:31:01.716817108
9,2340.1,6,2340.3,12:31:01.716834245
9,2340.1,6,2340.3,12:31:01.716973992
8,2340.1,6,2340.3,12:31:01.716990430
8,2340.1,5,2340.3,12:31:01.717058947
8,2340.1,5,2340.3,12:31:01.717112372
8,2340.1,7,2340.3,12:31:01.719805150
7,2340.1,7,2340.3,12:31:01.719914730
7,2340.1,7,2340.3,12:31:01.719927734
7,2340.1,7,2340.3,12:31:01.719943754
7,2340.1,5,2340.3,12:31:01.723013404
7,2340.1,6,2340.3,12:31:01.723207682
8,2340.1,6,2340.3,12:31:01.979775543
8,2340.1,5,2340.3,12:31:01.979904928
8,2340.1,4,2340.3,12:31:01.980148332
1,2340.2,4,2340.3,12:31:01.992649722
1,2340.2,3,2340.3,12:31:01.992804457
1,2340.2,4,2340.3,12:31:01.992913945
1,2340.2,4,2340.3,12:31:02.030074039
7,2340.1,4,2340.3,12:31:02.030317459
7,2340.1,4,2340.3,12:31:02.030317459
7,2340.1,4,2340.3,12:31:02.030977104
7,2340.1,6,2340.3,12:31:02.033881784
7,2340.1,8,2340.3,12:31:02.074104013
6,2340.1,8,2340.3,12:31:02.097152475
6,2340.1,9,2340.3,12:31:02.097170130
6,2340.1,1,2340.2,12:31:02.097318088
6,2340.1,1,2340.2,12:31:02.097341541
6,2340.1,1,2340.2,12:31:02.097429748
6,2340.1,1,2340.2,12:31:02.097445642
6,2340.1,1,2340.2,12:31:02.097478558
6,2340.1,1,2340.2,12:31:02.097496344
6,2340.1,1,2340.2,12:31:02.248940333
6,2340.1,12,2340.3,12:31:02.372203285
6,2340.1,12,2340.3,12:31:02.372203285
6,2340.1,11,2340.3,12:31:02.372377570
7,2340.1,11,2340.3,12:31:02.372953717
8,2340.1,11,2340.3,12:31:02.373116997
5,2340.2,11,2340.3,12:31:02.465470184
5,2340.2,10,2340.3,12:31:02.465621196
5,2340.2,9,2340.3,12:31:02.465695314
5,2340.2,8,2340.3,12:31:02.465726194
5,2340.2,9,2340.3,12:31:02.465761897
5,2340.2,9,2340.3,12:31:02.465761897
5,2340.2,8,2340.3,12:31:02.465777951
5,2340.2,8,2340.3,12:31:02.465794909
5,2340.2,7,2340.3,12:31:02.465971255
5,2340.2,7,2340.3,12:31:02.465990099
5,2340.2,5,2340.3,12:31:02.469538392
5,2340.2,5,2340.3,12:31:02.469665316
5,2340.2,4,2340.3,12:31:02.481317113
6,2340.2,4,2340.3,12:31:02.830521863
7,2340.2,4,2340.3,12:31:03.461165225
7,2340.2,4,2340.3,12:31:03.461179730
6,2340.2,4,2340.3,12:31:03.464770467
6,2340.2,4,2340.3,12:31:03.480502830
6,2340.2,3,2340.3,12:31:04.089181434
7,2340.2,3,2340.3,12:31:04.089269110
8,2340.2,3,2340.3,12:31:04.089283715
7,2340.2,3,2340.3,12:31:04.100618331
6,2340.2,3,2340.3,12:31:04.100637429
6,2340.2,1,2340.3,12:31:04.100876656
1,2340.2,1,2340.3,12:31:04.485349953
1,2340.2,11,2340.4,12:31:04.485920803
1,2340.2,11,2340.4,12:31:04.485920803
2,2340.2,11,2340.4,12:31:04.485942577
2,2340.2,1,2340.3,12:31:04.485958717
1,2340.2,1,2340.3,12:31:04.485983478
2,2340.2,1,2340.3,12:31:04.486071676
3,2340.2,1,2340.3,12:31:04.486098346
4,2340.2,1,2340.3,12:31:04.486117368
5,2340.2,1,2340.3,12:31:04.486136488
5,2340.2,1,2340.3,12:31:04.486154283
5,2340.2,1,2340.3,12:31:04.486154283
5,2340.2,1,2340.3,12:31:04.486165756
6,2340.2,1,2340.3,12:31:04.486186767
7,2340.2,1,2340.3,12:31:04.486216483
6,2340.2,1,2340.3,12:31:04.486234812
5,2340.2,1,2340.3,12:31:04.486368352
5,2340.2,1,2340.3,12:31:04.486445450
4,2340.2,1,2340.3,12:31:04.486468398
3,2340.2,1,2340.3,12:31:04.486502863
3,2340.2,2,2340.3,12:31:04.486531292
3,2340.2,4,2340.3,12:31:04.487111198
2,2340.2,4,2340.3,12:31:04.487241826
1,2340.2,4,2340.3,12:31:04.487265739
8,2340.1,4,2340.3,12:31:04.487358000
8,2340.1,4,2340.3,12:31:04.487358000
8,2340.1,5,2340.3,12:31:04.487502563
8,2340.1,3,2340.3,12:31:04.490828800
9,2340.1,3,2340.3,12:31:04.490967776
9,2340.1,3,2340.3,12:31:04.494101858
8,2340.1,3,2340.3,12:31:04.594283647
8,2340.1,3,2340.3,12:31:04.594283647
8,2340.1,2,2340.3,12:31:04.597678979
4,2340.2,2,2340.3,12:31:05.505414182
4,2340.2,1,2340.3,12:31:05.505562643
4,2340.2,3,2340.3,12:31:05.528959067
5,2340.2,3,2340.3,12:31:05.529626152
6,2340.2,3,2340.3,12:31:05.533483965
7,2340.2,3,2340.3,12:31:05.972235132
6,2340.2,3,2340.3,12:31:05.976174129
6,2340.2,4,2340.3,12:31:06.153197302
3,2340.2,4,2340.3,12:31:06.153341302
3,2340.2,5,2340.3,12:31:06.153442244
3,2340.2,6,2340.3,12:31:06.153459429
2,2340.2,6,2340.3,12:31:06.153605943
1,2340.2,6,2340.3,12:31:06.153605943
8,2340.1,6,2340.3,12:31:06.153681999
8,2340.1,6,2340.3,12:31:06.153681999
7,2340.1,6,2340.3,12:31:06.153783381
7,2340.1,6,2340.3,12:31:06.153946593
6,2340.1,6,2340.3,12:31:06.153967118
6,2340.1,7,2340.3,12:31:06.153982674
5,2340.1,7,2340.3,12:31:06.154208433
5,2340.1,6,2340.3,12:31:06.154273807
5,2340.1,7,2340.3,12:31:06.154332333
5,2340.1,1,2340.2,12:31:06.165214859
5,2340.1,1,2340.2,12:31:06.165376114
5,2340.1,1,2340.2,12:31:06.165392322
5,2340.1,1,2340.2,12:31:06.165410552
5,2340.1,1,2340.2,12:31:06.165458102
4,2340.1,1,2340.2,12:31:06.165479994
2,2340.1,1,2340.2,12:31:06.165680667
1,2340.1,1,2340.2,12:31:06.165925110
1,2340.1,2,2340.2,12:31:06.165983281
10,2340.0,2,2340.2,12:31:06.166262768
10,2340.0,2,2340.2,12:31:06.166262768
10,2340.0,3,2340.2,12:31:06.166291262
10,2340.0,4,2340.2,12:31:06.166392454
10,2340.0,4,2340.2,12:31:06.166749325
10,2340.0,4,2340.2,12:31:06.166935640
10,2340.0,4,2340.2,12:31:06.174240193
10,2340.0,4,2340.2,12:31:06.176898455
10,2340.0,6,2340.2,12:31:06.188246841
10,2340.0,6,2340.2,12:31:06.188399666
10,2340.0,7,2340.2,12:31:06.575351706
9,2340.0,7,2340.2,12:31:06.575372410
9,2340.0,1,2340.1,12:31:06.575667181
8,2340.0,1,2340.1,12:31:06.575693287
8,2340.0,2,2340.1,12:31:06.575807280
8,2340.0,2,2340.1,12:31:06.575984692
8,2340.0,2,2340.1,12:31:06.576237535
8,2340.0,2,2340.1,12:31:06.576255097
6,2340.0,2,2340.1,12:31:06.576277388
6,2340.0,2,2340.1,12:31:06.576288749
5,2340.0,2,2340.1,12:31:06.576380898
5,2340.0,1,2340.1,12:31:06.576976091
5,2340.0,2,2340.1,12:31:06.589462599
4,2340.0,2,2340.1,12:31:06.594424677
4,2340.0,2,2340.1,12:31:06.594424677
4,2340.0,2,2340.1,12:31:06.594621401
4,2340.0,1,2340.1,12:31:06.779185678
5,2340.0,1,2340.1,12:31:06.779264394
5,2340.0,8,2340.2,12:31:06.788242323
5,2340.0,8,2340.2,12:31:06.788242323
5,2340.0,7,2340.2,12:31:06.788368235
4,2340.0,7,2340.2,12:31:06.788390366
5,2340.0,7,2340.2,12:31:06.788495873
6,2340.0,7,2340.2,12:31:06.788782823
6,2340.0,7,2340.2,12:31:06.802042387
7,2340.0,7,2340.2,12:31:06.948871964
8,2340.0,7,2340.2,12:31:06.949168261
9,2340.0,7,2340.2,12:31:06.949185096
9,2340.0,7,2340.2,12:31:06.949239970
9,2340.0,6,2340.2,12:31:06.949494881
9,2340.0,5,2340.2,12:31:06.949557743
9,2340.0,4,2340.2,12:31:06.949673163
8,2340.0,4,2340.2,12:31:07.095392394
8,2340.0,3,2340.2,12:31:07.796064765
9,2340.0,3,2340.2,12:31:08.312824686
9,2340.0,2,2340.2,12:31:08.312965370
9,2340.0,2,2340.2,12:31:08.313176600
1,2340.1,2,2340.2,12:31:08.313339128
1,2340.1,2,2340.2,12:31:08.313495237
2,2340.1,2,2340.2,12:31:08.314485119
2,2340.1,2,2340.2,12:31:08.314502134
2,2340.1,1,2340.2,12:31:08.314652598
2,2340.1,1,2340.2,12:31:08.594002854
2,2340.1,1,2340.2,12:31:08.594002854
2,2340.1,2,2340.2,12:31:09.225237775
2,2340.1,1,2340.2,12:31:09.225477502
1,2340.1,1,2340.2,12:31:11.023433978
1,2340.1,2,2340.2,12:31:11.023597461
1,2340.1,3,2340.2,12:31:11.023617023
1,2340.1,4,2340.2,12:31:11.023680510
1,2340.1,3,2340.2,12:31:11.023802819
1,2340.1,2,2340.2,12:31:11.071341781
2,2340.1,2,2340.2,12:31:11.071489330
2,2340.1,1,2340.2,12:31:11.071520278
2,2340.1,2,2340.2,12:31:11.233236382
1,2340.1,2,2340.2,12:31:11.233357831
1,2340.1,2,2340.2,12:31:11.244969428
1,2340.1,1,2340.2,12:31:11.813976431
2,2340.1,1,2340.2,12:31:11.814067284
3,2340.1,1,2340.2,12:31:11.814092200
4,2340.1,1,2340.2,12:31:11.814171002
3,2340.1,1,2340.2,12:31:11.814219291
2,2340.1,1,2340.2,12:31:11.814415262
1,2340.1,1,2340.2,12:31:11.814614421
1,2340.1,2,2340.2,12:31:11.814735522
1,2340.1,2,2340.2,12:31:12.493290510
1,2340.1,2,2340.2,12:31:12.652181988
1,2340.1,2,2340.2,12:31:12.652181988
7,2340.0,2,2340.2,12:31:15.239832312
7,2340.0,2,2340.2,12:31:15.239832312
7,2340.0,3,2340.2,12:31:15.240013567
6,2340.0,3,2340.2,12:31:15.240032152
6,2340.0,4,2340.2,12:31:15.240074752
6,2340.0,5,2340.2,12:31:15.240200242
6,2340.0,6,2340.2,12:31:15.240231952
6,2340.0,6,2340.2,12:31:15.240291028
6,2340.0,7,2340.2,12:31:15.240308555
6,2340.0,7,2340.2,12:31:15.240371955
6,2340.0,8,2340.2,12:31:15.240387571
6,2340.0,10,2340.2,12:31:15.240474217
6,2340.0,9,2340.2,12:31:15.240488751
6,2340.0,8,2340.2,12:31:15.240505289
6,2340.0,8,2340.2,12:31:15.240624350
7,2340.0,8,2340.2,12:31:15.241439154
7,2340.0,10,2340.2,12:31:15.243289672
7,2340.0,10,2340.2,12:31:15.248571788
6,2340.0,10,2340.2,12:31:15.345301167
6,2340.0,10,2340.2,12:31:15.345301167
6,2340.0,1,2340.1,12:31:15.345465129
6,2340.0,2,2340.1,12:31:15.345597167
5,2340.0,2,2340.1,12:31:15.345751208
4,2340.0,2,2340.1,12:31:15.345865640
4,2340.0,2,2340.1,12:31:15.460230864
3,2340.0,2,2340.1,12:31:15.786961752
3,2340.0,3,2340.1,12:31:15.959364497
3,2340.0,3,2340.1,12:31:15.966493799
3,2340.0,3,2340.1,12:31:16.570297137
3,2340.0,3,2340.1,12:31:16.570297137
3,2340.0,3,2340.1,12:31:16.813631098
3,2340.0,4,2340.1,12:31:17.094513706
3,2340.0,5,2340.1,12:31:17.094534877
8,2339.9,5,2340.1,12:31:17.094832058
8,2339.9,5,2340.1,12:31:17.094832058
8,2339.9,6,2340.1,12:31:17.094858660
8,2339.9,7,2340.1,12:31:17.094983299
8,2339.9,8,2340.1,12:31:17.095219989
8,2339.9,8,2340.1,12:31:17.095286605
7,2339.9,8,2340.1,12:31:17.095307399
7,2339.9,2,2340.0,12:31:17.095353614
6,2339.9,2,2340.0,12:31:17.095391096
6,2339.9,2,2340.0,12:31:17.095408482
6,2339.9,2,2340.0,12:31:17.095447491
6,2339.9,2,2340.0,12:31:17.095592851
6,2339.9,2,2340.0,12:31:17.095623571
6,2339.9,2,2340.0,12:31:17.095669537
6,2339.9,2,2340.0,12:31:17.095689237
5,2339.9,2,2340.0,12:31:17.095725385
5,2339.9,3,2340.0,12:31:17.095796397
4,2339.9,3,2340.0,12:31:17.095860053
4,2339.9,3,2340.0,12:31:17.095875915
3,2339.9,3,2340.0,12:31:17.095939636
3,2339.9,3,2340.0,12:31:17.096024069
3,2339.9,3,2340.0,12:31:17.103050630
3,2339.9,3,2340.0,12:31:17.103600328
3,2339.9,3,2340.0,12:31:17.128061701
3,2339.9,3,2340.0,12:31:17.146764924
2,2339.9,3,2340.0,12:31:17.176965504
2,2339.9,3,2340.0,12:31:17.176965504
2,2339.9,1,2340.0,12:31:17.177105328
3,2339.9,1,2340.0,12:31:17.177261369
4,2339.9,1,2340.0,12:31:17.177365945
3,2339.9,1,2340.0,12:31:17.346275802
3,2339.9,1,2340.0,12:31:17.346275802
3,2339.9,8,2340.1,12:31:17.366560314
3,2339.9,8,2340.1,12:31:17.366560314
4,2339.9,8,2340.1,12:31:17.367791408
4,2339.9,8,2340.1,12:31:17.449901355
5,2339.9,8,2340.1,12:31:17.539760921
5,2339.9,8,2340.1,12:31:17.539890736
5,2339.9,7,2340.1,12:31:18.101469465
5,2339.9,6,2340.1,12:31:18.219184321
6,2339.9,6,2340.1,12:31:18.804300290
7,2339.9,6,2340.1,12:31:18.804424971
7,2339.9,5,2340.1,12:31:19.219436096
7,2339.9,4,2340.1,12:31:19.219560022
1,2340.0,4,2340.1,12:31:19.219662478
1,2340.0,4,2340.1,12:31:19.219686421
1,2340.0,4,2340.1,12:31:19.219799569
2,2340.0,4,2340.1,12:31:19.220344636
2,2340.0,4,2340.1,12:31:19.220360870
2,2340.0,4,2340.1,12:31:19.242400620
6,2339.9,4,2340.1,12:31:19.242665867
6,2339.9,4,2340.1,12:31:19.242665867
6,2339.9,5,2340.1,12:31:19.242696988
6,2339.9,6,2340.1,12:31:19.242801297
6,2339.9,7,2340.1,12:31:19.243004565
6,2339.9,8,2340.1,12:31:19.243016277
5,2339.9,8,2340.1,12:31:19.243043772
4,2339.9,8,2340.1,12:31:19.243094071
3,2339.9,8,2340.1,12:31:19.243193542
3,2339.9,10,2340.1,12:31:19.246982572
11,2339.8,10,2340.1,12:31:19.327733250
11,2339.8,10,2340.1,12:31:19.327733250
11,2339.8,1,2340.0,12:31:19.327874609
11,2339.8,2,2340.0,12:31:19.327946876
11,2339.8,3,2340.0,12:31:19.327982659
11,2339.8,4,2340.0,12:31:19.328022276
11,2339.8,4,2340.0,12:31:19.328088012
11,2339.8,4,2340.0,12:31:19.328119312
11,2339.8,4,2340.0,12:31:19.328138083
11,2339.8,6,2340.0,12:31:19.328175360
10,2339.8,6,2340.0,12:31:19.328189885
10,2339.8,7,2340.0,12:31:19.328246834
10,2339.8,9,2340.0,12:31:19.328354481
10,2339.8,10,2340.0,12:31:19.328400876
10,2339.8,10,2340.0,12:31:19.328458765
10,2339.8,10,2340.0,12:31:19.328502964
10,2339.8,9,2340.0,12:31:19.328550491
10,2339.8,9,2340.0,12:31:19.328561823
10,2339.8,8,2340.0,12:31:19.328581433
10,2339.8,8,2340.0,12:31:19.328595795
10,2339.8,8,2340.0,12:31:19.328612816
10,2339.8,8,2340.0,12:31:19.328626759
10,2339.8,10,2340.0,12:31:19.338272848
10,2339.8,11,2340.0,12:31:19.338420291
10,2339.8,11,2340.0,12:31:19.338420291
10,2339.8,12,2340.0,12:31:19.338539890
10,2339.8,12,2340.0,12:31:19.348256109
10,2339.8,12,2340.0,12:31:19.348256109
11,2339.8,12,2340.0,12:31:19.348793117
10,2339.8,12,2340.0,12:31:19.355767844
10,2339.8,11,2340.0,12:31:19.355908743
10,2339.8,11,2340.0,12:31:19.356026456
9,2339.8,11,2340.0,12:31:19.615344345
9,2339.8,11,2340.0,12:31:19.615344345
9,2339.8,11,2340.0,12:31:19.615457022
9,2339.8,11,2340.0,12:31:21.345128205
9,2339.8,11,2340.0,12:31:21.904902922
9,2339.8,12,2340.0,12:31:22.095217495
8,2339.8,12,2340.0,12:31:22.095577800
8,2339.8,1,2339.9,12:31:22.095723479
8,2339.8,2,2339.9,12:31:22.095904631
8,2339.8,2,2339.9,12:31:22.096214535
7,2339.8,2,2339.9,12:31:22.096362571
7,2339.8,2,2339.9,12:31:22.096394581
7,2339.8,2,2339.9,12:31:22.096408405
7,2339.8,2,2339.9,12:31:22.096426594
5,2339.8,2,2339.9,12:31:22.096534437
5,2339.8,4,2339.9,12:31:22.096575586
4,2339.8,4,2339.9,12:31:22.096661146
3,2339.8,4,2339.9,12:31:22.096970356
2,2339.8,4,2339.9,12:31:22.097050063
2,2339.8,4,2339.9,12:31:22.097064482
2,2339.8,4,2339.9,12:31:22.097258288
8,2339.7,4,2339.9,12:31:22.097854015
8,2339.7,4,2339.9,12:31:22.097854015
8,2339.7,5,2339.9,12:31:22.098294472
8,2339.7,5,2339.9,12:31:22.098353769
8,2339.7,5,2339.9,12:31:22.098399444
8,2339.7,6,2339.9,12:31:22.098423492
8,2339.7,6,2339.9,12:31:22.098423492
8,2339.7,6,2339.9,12:31:22.098435396
8,2339.7,6,2339.9,12:31:22.098474946
8,2339.7,6,2339.9,12:31:22.098645068
8,2339.7,5,2339.9,12:31:22.251367972
8,2339.7,5,2339.9,12:31:22.251503847
8,2339.7,5,2339.9,12:31:22.469441521
8,2339.7,5,2339.9,12:31:22.469441521
9,2339.7,5,2339.9,12:31:22.542337102
9,2339.7,5,2339.9,12:31:22.542515323
9,2339.7,4,2339.9,12:31:22.542543573
1,2339.8,4,2339.9,12:31:22.542612473
2,2339.8,4,2339.9,12:31:22.550429873
3,2339.8,4,2339.9,12:31:22.566398080
3,2339.8,3,2339.9,12:31:22.566552278
3,2339.8,3,2339.9,12:31:22.566566317
3,2339.8,3,2339.9,12:31:22.592620990
4,2339.8,3,2339.9,12:31:22.812087350
4,2339.8,2,2339.9,12:31:22.812208382
4,2339.8,1,2339.9,12:31:22.820537353
4,2339.8,1,2339.9,12:31:22.820663346
5,2339.8,1,2339.9,12:31:22.823512658
4,2339.8,1,2339.9,12:31:23.155479730
9,2339.7,1,2339.9,12:31:23.185924892
1,2339.7,1,2339.9,12:31:23.185924892
1,2339.7,1,2339.9,12:31:23.185924892
1,2339.7,2,2339.9,12:31:23.185945132
1,2339.7,3,2339.9,12:31:23.186048408
1,2339.7,4,2339.9,12:31:23.186206117
1,2339.7,1,2339.8,12:31:23.186253285
1,2339.7,1,2339.8,12:31:23.186332103
1,2339.7,1,2339.8,12:31:23.186355390
1,2339.7,1,2339.8,12:31:23.186557974
1,2339.7,1,2339.8,12:31:23.186651064
1,2339.7,1,2339.8,12:31:23.186690549
3,2339.7,1,2339.8,12:31:23.186801169
2,2339.7,1,2339.8,12:31:23.186817790
2,2339.7,1,2339.8,12:31:23.186859032
2,2339.7,1,2339.8,12:31:23.186875225
3,2339.7,1,2339.8,12:31:23.186902124
3,2339.7,1,2339.8,12:31:23.186911734
3,2339.7,1,2339.8,12:31:23.186947405
4,2339.7,1,2339.8,12:31:23.186968289
4,2339.7,1,2339.8,12:31:23.186981031
5,2339.7,1,2339.8,12:31:23.187078778
6,2339.7,1,2339.8,12:31:23.187100420
7,2339.7,1,2339.8,12:31:23.187127243
7,2339.7,1,2339.8,12:31:23.187193442
7,2339.7,1,2339.8,12:31:23.187205884
7,2339.7,1,2339.8,12:31:23.187219392
7,2339.7,1,2339.8,12:31:23.187236467
7,2339.7,1,2339.8,12:31:23.187266208
7,2339.7,10,2339.9,12:31:23.187360876
7,2339.7,10,2339.9,12:31:23.187360876
7,2339.7,1,2339.8,12:31:23.187426928
6,2339.7,1,2339.8,12:31:23.187585616
6,2339.7,1,2339.8,12:31:23.187599189
6,2339.7,1,2339.8,12:31:23.187599189
6,2339.7,1,2339.8,12:31:23.187618776
6,2339.7,1,2339.8,12:31:23.187634655
5,2339.7,1,2339.8,12:31:23.187655593
5,2339.7,1,2339.8,12:31:23.187742736
5,2339.7,1,2339.8,12:31:23.187761233
4,2339.7,1,2339.8,12:31:23.187782302
4,2339.7,8,2339.9,12:31:23.187919595
4,2339.7,8,2339.9,12:31:23.187919595
4,2339.7,8,2339.9,12:31:23.345040079
5,2339.7,8,2339.9,12:31:23.345166898
6,2339.7,8,2339.9,12:31:23.345189363
6,2339.7,7,2339.9,12:31:23.345304677
6,2339.7,7,2339.9,12:31:23.345318037
7,2339.7,7,2339.9,12:31:23.457803403
7,2339.7,6,2339.9,12:31:23.645691627
8,2339.7,6,2339.9,12:31:23.645844962
8,2339.7,5,2339.9,12:31:23.645973663
1,2339.8,5,2339.9,12:31:23.646107076
2,2339.8,5,2339.9,12:31:23.646264452
2,2339.8,4,2339.9,12:31:23.646290011
3,2339.8,4,2339.9,12:31:23.646311713
3,2339.8,4,2339.9,12:31:23.646345055
2,2339.8,4,2339.9,12:31:23.646449714
2,2339.8,3,2339.9,12:31:23.646464446
2,2339.8,3,2339.9,12:31:23.646495288
1,2339.8,3,2339.9,12:31:23.646556611
1,2339.8,3,2339.9,12:31:23.646606123
8,2339.7,3,2339.9,12:31:23.646656393
8,2339.7,3,2339.9,12:31:23.646656393
1,2339.8,3,2339.9,12:31:23.647185776
1,2339.8,3,2339.9,12:31:23.647209306
2,2339.8,3,2339.9,12:31:23.669488537
3,2339.8,3,2339.9,12:31:23.669872864
3,2339.8,2,2339.9,12:31:23.669987152
4,2339.8,2,2339.9,12:31:23.670102985
4,2339.8,1,2339.9,12:31:23.670186957
4,2339.8,12,2340.0,12:31:23.670431407
4,2339.8,12,2340.0,12:31:23.670431407
4,2339.8,12,2340.0,12:31:23.670451651
5,2339.8,12,2340.0,12:31:23.670545627
5,2339.8,12,2340.0,12:31:23.670702856
5,2339.8,12,2340.0,12:31:23.670715429
5,2339.8,12,2340.0,12:31:23.670786765
5,2339.8,11,2340.0,12:31:23.670831377
5,2339.8,10,2340.0,12:31:23.671019256
6,2339.8,10,2340.0,12:31:23.832857154
6,2339.8,10,2340.0,12:31:23.832871912
6,2339.8,10,2340.0,12:31:23.832885730
1,2339.9,10,2340.0,12:31:24.111969248
1,2339.9,9,2340.0,12:31:24.112141073
1,2339.9,9,2340.0,12:31:24.112163845
1,2339.9,9,2340.0,12:31:24.112183035
1,2339.9,9,2340.0,12:31:24.112214153
1,2339.9,8,2340.0,12:31:24.112271252
1,2339.9,7,2340.0,12:31:24.112291140
1,2339.9,7,2340.0,12:31:24.112617357
2,2339.9,7,2340.0,12:31:24.112696511
3,2339.9,7,2340.0,12:31:24.112743846
3,2339.9,7,2340.0,12:31:24.112891024
3,2339.9,5,2340.0,12:31:24.564917296
3,2339.9,4,2340.0,12:31:24.565097687
3,2339.9,4,2340.0,12:31:24.565111124
3,2339.9,4,2340.0,12:31:24.565126474
3,2339.9,2,2340.0,12:31:24.565150084
4,2339.9,2,2340.0,12:31:24.565182223
4,2339.9,1,2340.0,12:31:24.565290545
5,2339.9,1,2340.0,12:31:24.565299240
5,2339.9,1,2340.0,12:31:24.565299240
5,2339.9,1,2340.0,12:31:24.565326312
5,2339.9,1,2340.0,12:31:24.565360677
5,2339.9,2,2340.0,12:31:24.826957802
5,2339.9,3,2340.0,12:31:24.827018502
4,2339.9,3,2340.0,12:31:24.827060147
4,2339.9,2,2340.0,12:31:24.827194595
4,2339.9,1,2340.0,12:31:24.850322632
4,2339.9,2,2340.0,12:31:24.905569039
4,2339.9,2,2340.0,12:31:25.348216665
4,2339.9,2,2340.0,12:31:25.348216665
4,2339.9,1,2340.0,12:31:25.348389564
4,2339.9,1,2340.0,12:31:27.012568290
4,2339.9,1,2340.0,12:31:28.112570572
4,2339.9,1,2340.0,12:31:28.112570572
4,2339.9,2,2340.0,12:31:28.709105869
5,2339.9,2,2340.0,12:31:28.709702250
5,2339.9,1,2340.0,12:31:28.709873865
5,2339.9,1,2340.0,12:31:29.012249073
5,2339.9,1,2340.0,12:31:29.012249073
5,2339.9,2,2340.0,12:31:29.079211000
5,2339.9,3,2340.0,12:31:29.079511858
4,2339.9,3,2340.0,12:31:29.128899695
4,2339.9,2,2340.0,12:31:29.387383297
4,2339.9,1,2340.0,12:31:29.387525703
5,2339.9,1,2340.0,12:31:29.387778857
5,2339.9,9,2340.1,12:31:30.220476263
5,2339.9,9,2340.1,12:31:30.220476263
6,2339.9,9,2340.1,12:31:30.220623140
7,2339.9,9,2340.1,12:31:30.220780397
7,2339.9,9,2340.1,12:31:30.220816606
7,2339.9,7,2340.1,12:31:30.223246601
7,2339.9,7,2340.1,12:31:30.241015605
7,2339.9,7,2340.1,12:31:30.241015605
6,2339.9,7,2340.1,12:31:31.169420484
5,2339.9,7,2340.1,12:31:31.169548718
6,2339.9,7,2340.1,12:31:31.181519493
1,2340.0,7,2340.1,12:31:31.718964367
1,2340.0,6,2340.1,12:31:31.719130783
1,2340.0,5,2340.1,12:31:31.719150115
1,2340.0,5,2340.1,12:31:31.719165123
1,2340.0,5,2340.1,12:31:31.719200141
1,2340.0,5,2340.1,12:31:31.719214097
7,2339.9,5,2340.1,12:31:31.719289923
7,2339.9,5,2340.1,12:31:31.719289923
7,2339.9,5,2340.1,12:31:31.719343408
7,2339.9,4,2340.1,12:31:31.719364984
8,2339.9,4,2340.1,12:31:31.719420207
7,2339.9,4,2340.1,12:31:31.719475719
1,2340.0,4,2340.1,12:31:31.719774671
1,2340.0,4,2340.1,12:31:31.719805827
1,2340.0,4,2340.1,12:31:31.729894895
1,2340.0,4,2340.1,12:31:31.822455121
2,2340.0,4,2340.1,12:31:32.133285360
2,2340.0,5,2340.1,12:31:32.599837743
2,2340.0,5,2340.1,12:31:32.599837743
2,2340.0,5,2340.1,12:31:32.599975329
2,2340.0,4,2340.1,12:31:33.100807334
2,2340.0,4,2340.1,12:31:33.100807334
3,2340.0,4,2340.1,12:31:33.100938699
3,2340.0,3,2340.1,12:31:33.101125238
3,2340.0,2,2340.1,12:31:33.101183783
3,2340.0,2,2340.1,12:31:33.101372589
3,2340.0,1,2340.1,12:31:33.101619219
4,2340.0,1,2340.1,12:31:33.101811549
4,2340.0,1,2340.1,12:31:33.101811549
4,2340.0,20,2340.2,12:31:33.101951696
4,2340.0,20,2340.2,12:31:33.101951696
4,2340.0,20,2340.2,12:31:33.101993488
4,2340.0,1,2340.1,12:31:33.102045986
4,2340.0,1,2340.1,12:31:33.102116576
4,2340.0,1,2340.1,12:31:33.102130983
5,2340.0,1,2340.1,12:31:33.102153646
5,2340.0,1,2340.1,12:31:33.102182952
5,2340.0,2,2340.1,12:31:33.102227734
4,2340.0,2,2340.1,12:31:33.102375602
4,2340.0,2,2340.1,12:31:33.120917823
3,2340.0,2,2340.1,12:31:33.290047154
3,2340.0,3,2340.1,12:31:33.290215463
3,2340.0,3,2340.1,12:31:33.290256224
3,2340.0,2,2340.1,12:31:33.333001020
4,2340.0,2,2340.1,12:31:33.489789571
4,2340.0,2,2340.1,12:31:33.821110477
3,2340.0,2,2340.1,12:31:35.263560086
3,2340.0,3,2340.1,12:31:35.541797711
3,2340.0,2,2340.1,12:31:35.801356507
4,2340.0,2,2340.1,12:31:35.840048501
4,2340.0,1,2340.1,12:31:35.937072842
4,2340.0,1,2340.1,12:31:35.937220477
4,2340.0,19,2340.2,12:31:35.938715887
4,2340.0,19,2340.2,12:31:35.938715887
5,2340.0,19,2340.2,12:31:35.938738767
6,2340.0,19,2340.2,12:31:35.938824503
7,2340.0,19,2340.2,12:31:35.938893813
7,2340.0,20,2340.2,12:31:35.938926419
7,2340.0,20,2340.2,12:31:35.938926419
8,2340.0,20,2340.2,12:31:35.939054924
8,2340.0,1,2340.1,12:31:35.942894012
8,2340.0,2,2340.1,12:31:35.943030198
7,2340.0,2,2340.1,12:31:35.943044000
6,2340.0,2,2340.1,12:31:35.943062236
5,2340.0,2,2340.1,12:31:35.943083914
4,2340.0,2,2340.1,12:31:35.943155115
4,2340.0,2,2340.1,12:31:35.946601885
4,2340.0,2,2340.1,12:31:36.083040421
4,2340.0,2,2340.1,12:31:36.083040421
4,2340.0,2,2340.1,12:31:40.741484157
7,2340.0,2,2340.1,12:31:40.965493139
7,2340.0,1,2340.1,12:31:40.965783321
7,2340.0,1,2340.1,12:31:40.965927039
8,2340.0,1,2340.1,12:31:40.980983894
7,2340.0,1,2340.1,12:31:41.338816348
8,2340.0,1,2340.1,12:31:41.338954280
8,2340.0,19,2340.2,12:31:42.933737270
8,2340.0,19,2340.2,12:31:42.933737270
8,2340.0,1,2340.1,12:31:42.934516303
7,2340.0,1,2340.1,12:31:42.934728151
4,2340.0,1,2340.1,12:31:42.985343353
4,2340.0,19,2340.2,12:31:42.985613103
4,2340.0,19,2340.2,12:31:42.985613103
5,2340.0,19,2340.2,12:31:42.985779417
5,2340.0,19,2340.2,12:31:42.985810189
6,2340.0,19,2340.2,12:31:42.985831420
7,2340.0,19,2340.2,12:31:42.985847043
7,2340.0,19,2340.2,12:31:42.994036025
9,2340.0,19,2340.2,12:31:42.999903059
9,2340.0,19,2340.2,12:31:43.043089868
1,2340.1,19,2340.2,12:31:44.005405425
1,2340.1,19,2340.2,12:31:44.005541025
1,2340.1,19,2340.2,12:31:44.005558228
1,2340.1,19,2340.2,12:31:44.005573531
1,2340.1,19,2340.2,12:31:44.005645961
3,2340.1,19,2340.2,12:31:44.005705735
4,2340.1,19,2340.2,12:31:44.005861272
5,2340.1,19,2340.2,12:31:44.005917616
5,2340.1,19,2340.2,12:31:44.005917616
5,2340.1,18,2340.2,12:31:44.006004321
6,2340.1,18,2340.2,12:31:44.006042837
7,2340.1,18,2340.2,12:31:44.006083891
7,2340.1,17,2340.2,12:31:44.006125254
7,2340.1,15,2340.2,12:31:44.006168208
7,2340.1,14,2340.2,12:31:44.006219358
7,2340.1,13,2340.2,12:31:44.006232913
7,2340.1,13,2340.2,12:31:44.006297905
7,2340.1,13,2340.2,12:31:44.006378703
7,2340.1,12,2340.2,12:31:44.006476436
7,2340.1,12,2340.2,12:31:44.007458766
7,2340.1,10,2340.2,12:31:44.012292112
7,2340.1,10,2340.2,12:31:44.108146307
7,2340.1,10,2340.2,12:31:44.844710039
7,2340.1,10,2340.2,12:31:44.844710039
7,2340.1,10,2340.2,12:31:45.006621248
7,2340.1,10,2340.2,12:31:45.006621248
7,2340.1,10,2340.2,12:31:45.103701662
7,2340.1,10,2340.2,12:31:45.103701662
7,2340.1,10,2340.2,12:31:45.103833537
7,2340.1,9,2340.2,12:31:45.591757421
7,2340.1,8,2340.2,12:31:45.591988052
7,2340.1,7,2340.2,12:31:45.592013579
7,2340.1,7,2340.2,12:31:45.592028571
7,2340.1,7,2340.2,12:31:45.592044722
6,2340.1,7,2340.2,12:31:45.721012452
7,2340.1,7,2340.2,12:31:45.725363731
7,2340.1,7,2340.2,12:31:47.572850998
7,2340.1,7,2340.2,12:31:47.572850998
6,2340.1,7,2340.2,12:31:50.137900070
5,2340.1,7,2340.2,12:31:52.275103513
7,2340.1,7,2340.2,12:31:52.285718290
10,2340.1,7,2340.2,12:31:55.111945747
10,2340.1,6,2340.2,12:31:55.112261679
10,2340.1,7,2340.2,12:31:55.112270665
10,2340.1,7,2340.2,12:31:55.113042802
10,2340.1,7,2340.2,12:31:55.113042802
10,2340.1,7,2340.2,12:31:55.214969489
10,2340.1,6,2340.2,12:31:55.339987107
10,2340.1,6,2340.2,12:31:55.523742580
10,2340.1,5,2340.2,12:31:55.523884219
10,2340.1,12,2340.3,12:31:55.524086130
10,2340.1,12,2340.3,12:31:55.524086130
12,2340.1,12,2340.3,12:31:55.524139327
1,2340.2,12,2340.3,12:31:55.524194336
1,2340.2,12,2340.3,12:31:55.524236963
1,2340.2,12,2340.3,12:31:55.524319170
1,2340.2,12,2340.3,12:31:55.524394507
1,2340.2,12,2340.3,12:31:55.524438789
4,2340.2,12,2340.3,12:31:55.524466275
4,2340.2,12,2340.3,12:31:55.524466275
4,2340.2,12,2340.3,12:31:55.524525348
4,2340.2,10,2340.3,12:31:55.524542852
4,2340.2,9,2340.3,12:31:55.524598153
4,2340.2,9,2340.3,12:31:55.524609823
4,2340.2,9,2340.3,12:31:55.524625874
4,2340.2,9,2340.3,12:31:55.524641423
4,2340.2,9,2340.3,12:31:55.524655380
4,2340.2,8,2340.3,12:31:55.524672298
6,2340.2,8,2340.3,12:31:55.524710481
6,2340.2,8,2340.3,12:31:55.524805805
6,2340.2,7,2340.3,12:31:55.524822435
6,2340.2,7,2340.3,12:31:55.524850071
6,2340.2,6,2340.3,12:31:55.524867733
7,2340.2,6,2340.3,12:31:55.524913855
7,2340.2,6,2340.3,12:31:55.524913855
8,2340.2,6,2340.3,12:31:55.524929635
8,2340.2,6,2340.3,12:31:55.524945087
8,2340.2,5,2340.3,12:31:55.524963661
8,2340.2,4,2340.3,12:31:55.525020526
8,2340.2,3,2340.3,12:31:55.525037911
9,2340.2,3,2340.3,12:31:55.525249583
9,2340.2,3,2340.3,12:31:55.525263935
9,2340.2,2,2340.3,12:31:55.525389179
9,2340.2,1,2340.3,12:31:55.525668523
9,2340.2,14,2340.4,12:31:55.526523845
9,2340.2,14,2340.4,12:31:55.526523845
9,2340.2,14,2340.4,12:31:55.526653474
9,2340.2,14,2340.4,12:31:55.526668470
9,2340.2,13,2340.4,12:31:55.526685024
9,2340.2,14,2340.4,12:31:55.526719242
9,2340.2,12,2340.4,12:31:55.526764148
9,2340.2,12,2340.4,12:31:55.526827532
9,2340.2,12,2340.4,12:31:55.526896227
9,2340.2,12,2340.4,12:31:55.528477046
9,2340.2,13,2340.4,12:31:55.528715883
10,2340.2,13,2340.4,12:31:55.528793555
10,2340.2,14,2340.4,12:31:55.528833979
10,2340.2,14,2340.4,12:31:55.532299271
10,2340.2,12,2340.4,12:31:55.532436224
10,2340.2,12,2340.4,12:31:55.534233470
10,2340.2,12,2340.4,12:31:55.534776204
10,2340.2,12,2340.4,12:31:55.534948198
10,2340.2,12,2340.4,12:31:55.544525675
10,2340.2,12,2340.4,12:31:55.544525675
10,2340.2,12,2340.4,12:31:55.544913717
10,2340.2,12,2340.4,12:31:55.544925884
10,2340.2,12,2340.4,12:31:56.537869732
10,2340.2,11,2340.4,12:31:56.657868669
1,2340.3,11,2340.4,12:31:56.657988255
1,2340.3,10,2340.4,12:31:56.658110699
1,2340.3,10,2340.4,12:31:56.658110699
1,2340.3,10,2340.4,12:31:56.658145780
1,2340.3,10,2340.4,12:31:56.658162769
1,2340.3,10,2340.4,12:31:56.658255306
1,2340.3,10,2340.4,12:31:56.658272011
1,2340.3,10,2340.4,12:31:56.658316886
3,2340.3,10,2340.4,12:31:56.658344127
3,2340.3,10,2340.4,12:31:56.658362230
3,2340.3,9,2340.4,12:31:56.658413361
3,2340.3,7,2340.4,12:31:56.658430091
3,2340.3,7,2340.4,12:31:56.658517248
4,2340.3,7,2340.4,12:31:56.658538983
5,2340.3,7,2340.4,12:31:56.658618457
5,2340.3,7,2340.4,12:31:56.658618457
6,2340.3,7,2340.4,12:31:56.658635590
6,2340.3,7,2340.4,12:31:56.658688954
6,2340.3,6,2340.4,12:31:56.658735444
6,2340.3,6,2340.4,12:31:56.658755566
7,2340.3,6,2340.4,12:31:56.658790095
7,2340.3,6,2340.4,12:31:56.658804469
7,2340.3,5,2340.4,12:31:56.658850925
7,2340.3,5,2340.4,12:31:56.665341133
8,2340.3,5,2340.4,12:31:56.665477840
8,2340.3,5,2340.4,12:31:56.666740546
8,2340.3,5,2340.4,12:31:57.162630354
8,2340.3,5,2340.4,12:31:57.216001583
8,2340.3,5,2340.4,12:31:57.216001583
8,2340.3,4,2340.4,12:31:57.595206828
8,2340.3,4,2340.4,12:31:57.595206828
8,2340.3,3,2340.4,12:31:57.597289968
8,2340.3,3,2340.4,12:31:57.597289968
8,2340.3,3,2340.4,12:31:57.645988555
8,2340.3,2,2340.4,12:31:57.646119109
8,2340.3,1,2340.4,12:31:57.646147745
8,2340.3,10,2340.5,12:31:57.646243274
8,2340.3,10,2340.5,12:31:57.646243274
8,2340.3,10,2340.5,12:31:57.646295329
1,2340.4,10,2340.5,12:31:57.646391824
1,2340.4,10,2340.5,12:31:57.646415003
1,2340.4,10,2340.5,12:31:57.646426033
4,2340.4,10,2340.5,12:31:57.646454082
4,2340.4,10,2340.5,12:31:57.646454082
4,2340.4,10,2340.5,12:31:57.646482108
3,2340.4,10,2340.5,12:31:57.646733268
3,2340.4,10,2340.5,12:31:57.646733268
3,2340.4,10,2340.5,12:31:57.646733268
3,2340.4,10,2340.5,12:31:57.646733268
3,2340.4,10,2340.5,12:31:57.646738708
3,2340.4,10,2340.5,12:31:57.646745954
3,2340.4,9,2340.5,12:31:57.646812829
3,2340.4,9,2340.5,12:31:57.646823417
3,2340.4,8,2340.5,12:31:57.646840281
3,2340.4,8,2340.5,12:31:57.646883905
3,2340.4,8,2340.5,12:31:57.646985417
4,2340.4,8,2340.5,12:31:57.647007485
4,2340.4,8,2340.5,12:31:57.647007485
4,2340.4,8,2340.5,12:31:57.647032433
3,2340.4,8,2340.5,12:31:57.647089815
4,2340.4,8,2340.5,12:31:57.647160765
4,2340.4,8,2340.5,12:31:57.647174646
5,2340.4,8,2340.5,12:31:57.647296179
2,2340.4,8,2340.5,12:31:57.647377288
2,2340.4,8,2340.5,12:31:57.647427203
2,2340.4,8,2340.5,12:31:57.647427203
3,2340.4,8,2340.5,12:31:57.647504365
3,2340.4,8,2340.5,12:31:57.647517850
3,2340.4,8,2340.5,12:31:57.647557256
3,2340.4,8,2340.5,12:31:57.647641411
3,2340.4,8,2340.5,12:31:57.647655338
3,2340.4,9,2340.5,12:31:57.657991364
3,2340.4,8,2340.5,12:31:57.658141517
3,2340.4,7,2340.5,12:31:57.680788754
4,2340.4,7,2340.5,12:31:57.680991786
4,2340.4,6,2340.5,12:31:57.681169422
4,2340.4,6,2340.5,12:31:57.681169422
4,2340.4,6,2340.5,12:31:57.681504772
4,2340.4,6,2340.5,12:31:57.698473451
4,2340.4,6,2340.5,12:31:57.698473451
4,2340.4,6,2340.5,12:31:57.703088785
4,2340.4,7,2340.5,12:31:57.723412554
4,2340.4,7,2340.5,12:31:57.723412554
4,2340.4,6,2340.5,12:31:57.819833646
4,2340.4,7,2340.5,12:31:58.183235225
9,2340.3,7,2340.5,12:31:58.183518702
9,2340.3,7,2340.5,12:31:58.183518702
9,2340.3,8,2340.5,12:31:58.183684405
9,2340.3,9,2340.5,12:31:58.183700031
9,2340.3,10,2340.5,12:31:58.183881068
8,2340.3,10,2340.5,12:31:58.184002878
8,2340.3,9,2340.5,12:31:58.184031788
8,2340.3,9,2340.5,12:31:58.184048207
9,2340.3,9,2340.5,12:31:58.562517453
9,2340.3,8,2340.5,12:31:58.562674243
10,2340.3,8,2340.5,12:31:58.593604175
9,2340.3,8,2340.5,12:31:58.776643982
9,2340.3,1,2340.4,12:31:58.776768372
8,2340.3,1,2340.4,12:31:58.776906666
8,2340.3,1,2340.4,12:31:58.776924266
7,2340.3,1,2340.4,12:31:58.777038810
7,2340.3,9,2340.5,12:31:58.974838547
7,2340.3,9,2340.5,12:31:58.974838547
8,2340.3,9,2340.5,12:31:58.975040049
9,2340.3,9,2340.5,12:31:59.168455931
9,2340.3,8,2340.5,12:31:59.168565021
9,2340.3,7,2340.5,12:31:59.168594241
1,2340.4,7,2340.5,12:32:00.120825992
1,2340.4,7,2340.5,12:32:00.120954628
1,2340.4,7,2340.5,12:32:00.121467134
1,2340.4,7,2340.5,12:32:00.121494783
3,2340.4,7,2340.5,12:32:00.121539721
3,2340.4,6,2340.5,12:32:00.121643650
4,2340.4,6,2340.5,12:32:00.121670464
4,2340.4,6,2340.5,12:32:00.121700739
4,2340.4,5,2340.5,12:32:00.121780341
5,2340.4,5,2340.5,12:32:00.122020052
5,2340.4,6,2340.5,12:32:00.122103622
6,2340.4,6,2340.5,12:32:00.122142473
6,2340.4,4,2340.5,12:32:00.122199076
6,2340.4,3,2340.5,12:32:00.123453677
6,2340.4,3,2340.5,12:32:00.123453677
6,2340.4,4,2340.5,12:32:00.123685957
6,2340.4,4,2340.5,12:32:00.123685957
6,2340.4,3,2340.5,12:32:00.145550388
6,2340.4,3,2340.5,12:32:00.145550388
6,2340.4,2,2340.5,12:32:00.145691921
6,2340.4,2,2340.5,12:32:00.224571328
6,2340.4,2,2340.5,12:32:00.231104080
6,2340.4,3,2340.5,12:32:00.237572347
6,2340.4,3,2340.5,12:32:00.237572347
5,2340.4,3,2340.5,12:32:00.245037286
5,2340.4,3,2340.5,12:32:00.318134723
5,2340.4,4,2340.5,12:32:00.419540498
5,2340.4,5,2340.5,12:32:00.419956295
4,2340.4,5,2340.5,12:32:00.491847249
3,2340.4,5,2340.5,12:32:00.507245080
2,2340.4,5,2340.5,12:32:00.508041735
2,2340.4,5,2340.5,12:32:00.869766926
2,2340.4,5,2340.5,12:32:00.869766926
2,2340.4,4,2340.5,12:32:00.968589093
2,2340.4,4,2340.5,12:32:00.968589093
1,2340.4,4,2340.5,12:32:00.981027484
2,2340.4,4,2340.5,12:32:00.981048928
2,2340.4,6,2340.5,12:32:00.984143771
1,2340.4,6,2340.5,12:32:00.984271015
1,2340.4,4,2340.5,12:32:00.985880830
3,2340.4,4,2340.5,12:32:00.990319265
4,2340.4,4,2340.5,12:32:00.990616878
4,2340.4,5,2340.5,12:32:01.091890083
4,2340.4,5,2340.5,12:32:01.091890083
3,2340.4,5,2340.5,12:32:01.092034217
3,2340.4,4,2340.5,12:32:01.092496595
3,2340.4,3,2340.5,12:32:01.123574706
3,2340.4,3,2340.5,12:32:01.123574706
3,2340.4,4,2340.5,12:32:01.124025451
3,2340.4,4,2340.5,12:32:01.124025451
3,2340.4,3,2340.5,12:32:01.124657534
3,2340.4,3,2340.5,12:32:01.124657534
3,2340.4,4,2340.5,12:32:01.125229517
3,2340.4,4,2340.5,12:32:01.125229517
3,2340.4,3,2340.5,12:32:01.125928619
3,2340.4,3,2340.5,12:32:01.125928619
3,2340.4,3,2340.5,12:32:01.143472275
3,2340.4,3,2340.5,12:32:01.143486041
3,2340.4,3,2340.5,12:32:01.286593057
3,2340.4,3,2340.5,12:32:01.286593057
3,2340.4,2,2340.5,12:32:02.012878558
4,2340.4,2,2340.5,12:32:02.013026501
3,2340.4,2,2340.5,12:32:02.154773868
3,2340.4,3,2340.5,12:32:02.154933635
3,2340.4,4,2340.5,12:32:02.154955663
3,2340.4,4,2340.5,12:32:02.154955663
3,2340.4,5,2340.5,12:32:02.155116764
2,2340.4,5,2340.5,12:32:02.189259254
2,2340.4,5,2340.5,12:32:02.222567176
2,2340.4,4,2340.5,12:32:02.547804984
2,2340.4,4,2340.5,12:32:02.547804984
2,2340.4,5,2340.5,12:32:02.547935781
2,2340.4,5,2340.5,12:32:02.547935781
2,2340.4,5,2340.5,12:32:02.702071937
2,2340.4,4,2340.5,12:32:02.997593501
2,2340.4,4,2340.5,12:32:02.997593501
2,2340.4,3,2340.5,12:32:02.997750192
3,2340.4,3,2340.5,12:32:02.997807783
3,2340.4,4,2340.5,12:32:03.546043602
3,2340.4,4,2340.5,12:32:03.546043602
2,2340.4,4,2340.5,12:32:03.546209188
2,2340.4,3,2340.5,12:32:03.546449319
2,2340.4,3,2340.5,12:32:03.546449319
2,2340.4,4,2340.5,12:32:03.546567065
2,2340.4,5,2340.5,12:32:03.604051873
2,2340.4,5,2340.5,12:32:03.604051873
2,2340.4,4,2340.5,12:32:03.605669993
2,2340.4,4,2340.5,12:32:03.605669993
2,2340.4,3,2340.5,12:32:03.706477604
3,2340.4,3,2340.5,12:32:03.706751120
3,2340.4,4,2340.5,12:32:03.731831821
3,2340.4,4,2340.5,12:32:03.731831821
2,2340.4,4,2340.5,12:32:03.732088345
2,2340.4,3,2340.5,12:32:03.835083642
2,2340.4,3,2340.5,12:32:03.835083642
2,2340.4,4,2340.5,12:32:03.835200240
3,2340.4,4,2340.5,12:32:03.835239636
3,2340.4,3,2340.5,12:32:03.909943243
3,2340.4,3,2340.5,12:32:03.933480442
3,2340.4,3,2340.5,12:32:03.933480442
3,2340.4,4,2340.5,12:32:04.243398579
3,2340.4,4,2340.5,12:32:04.243398579
2,2340.4,4,2340.5,12:32:04.243655913
2,2340.4,4,2340.5,12:32:04.394109362
2,2340.4,3,2340.5,12:32:04.448177315
2,2340.4,3,2340.5,12:32:04.448177315
3,2340.4,3,2340.5,12:32:04.448442311
3,2340.4,4,2340.5,12:32:04.616775310
3,2340.4,4,2340.5,12:32:04.616775310
2,2340.4,4,2340.5,12:32:04.617039908
2,2340.4,3,2340.5,12:32:04.702605489
2,2340.4,3,2340.5,12:32:04.702605489
3,2340.4,3,2340.5,12:32:04.806343938
5,2340.4,3,2340.5,12:32:05.857615986
5,2340.4,2,2340.5,12:32:05.858928192
6,2340.4,2,2340.5,12:32:05.859064143
7,2340.4,2,2340.5,12:32:05.859099392
7,2340.4,3,2340.5,12:32:06.006368072
7,2340.4,3,2340.5,12:32:06.006368072
6,2340.4,3,2340.5,12:32:06.006491847
5,2340.4,3,2340.5,12:32:06.006584592
5,2340.4,3,2340.5,12:32:07.591601289
5,2340.4,3,2340.5,12:32:08.973404846
5,2340.4,3,2340.5,12:32:09.143346939
5,2340.4,2,2340.5,12:32:09.939514093
5,2340.4,2,2340.5,12:32:09.939514093
6,2340.4,2,2340.5,12:32:09.947921126
5,2340.4,2,2340.5,12:32:11.082473508
6,2340.4,2,2340.5,12:32:11.082651966
6,2340.4,3,2340.5,12:32:11.084936360
6,2340.4,3,2340.5,12:32:11.084936360
5,2340.4,3,2340.5,12:32:12.086997719
5,2340.4,4,2340.5,12:32:12.087222815
5,2340.4,5,2340.5,12:32:12.087287613
5,2340.4,5,2340.5,12:32:12.087287613
5,2340.4,6,2340.5,12:32:12.087303905
5,2340.4,5,2340.5,12:32:12.108762826
5,2340.4,4,2340.5,12:32:12.109049478
5,2340.4,3,2340.5,12:32:12.109085930
5,2340.4,3,2340.5,12:32:12.109085930
5,2340.4,3,2340.5,12:32:12.137133014
5,2340.4,1,2340.5,12:32:13.469471009
6,2340.4,1,2340.5,12:32:13.469580617
6,2340.4,10,2340.6,12:32:13.470053651
6,2340.4,10,2340.6,12:32:13.470053651
7,2340.4,10,2340.6,12:32:13.470074951
7,2340.4,10,2340.6,12:32:13.470074951
7,2340.4,9,2340.6,12:32:13.470163544
8,2340.4,9,2340.6,12:32:13.470180351
8,2340.4,9,2340.6,12:32:13.470237661
9,2340.4,9,2340.6,12:32:13.470256937
11,2340.4,9,2340.6,12:32:13.470270204
11,2340.4,9,2340.6,12:32:13.470303005
11,2340.4,9,2340.6,12:32:13.470353806
11,2340.4,9,2340.6,12:32:13.478696529
11,2340.4,9,2340.6,12:32:13.480228912
11,2340.4,9,2340.6,12:32:13.480241952
11,2340.4,9,2340.6,12:32:13.485357251
1,2340.5,9,2340.6,12:32:13.485503026
1,2340.5,9,2340.6,12:32:13.485644179
1,2340.5,9,2340.6,12:32:13.485660710
1,2340.5,7,2340.6,12:32:13.485757007
2,2340.5,7,2340.6,12:32:13.485874730
3,2340.5,7,2340.6,12:32:13.486203134
3,2340.5,6,2340.6,12:32:13.486371583
3,2340.5,6,2340.6,12:32:13.486385688
3,2340.5,6,2340.6,12:32:13.486401595
3,2340.5,6,2340.6,12:32:13.486418674
3,2340.5,5,2340.6,12:32:13.486487421
3,2340.5,4,2340.6,12:32:13.486513579
4,2340.5,4,2340.6,12:32:13.493441383
4,2340.5,3,2340.6,12:32:13.498459546
4,2340.5,3,2340.6,12:32:13.588426380
4,2340.5,3,2340.6,12:32:13.680423705
3,2340.5,3,2340.6,12:32:13.759507506
2,2340.5,3,2340.6,12:32:13.759654520
3,2340.5,3,2340.6,12:32:13.759936558
3,2340.5,3,2340.6,12:32:13.759936558
4,2340.5,3,2340.6,12:32:14.505397010
3,2340.5,3,2340.6,12:32:14.568956177
3,2340.5,4,2340.6,12:32:14.569232238
10,2340.4,4,2340.6,12:32:15.191727195
10,2340.4,4,2340.6,12:32:15.191727195
10,2340.4,5,2340.6,12:32:15.191841431
10,2340.4,6,2340.6,12:32:15.191967376
9,2340.4,6,2340.6,12:32:15.192004067
9,2340.4,7,2340.6,12:32:15.192059253
9,2340.4,7,2340.6,12:32:15.192140032
10,2340.4,7,2340.6,12:32:15.193104221
10,2340.4,9,2340.6,12:32:15.194513175
10,2340.4,7,2340.6,12:32:15.196180594
10,2340.4,6,2340.6,12:32:15.196299130
10,2340.4,6,2340.6,12:32:15.198530225
11,2340.4,6,2340.6,12:32:15.295740022
11,2340.4,6,2340.6,12:32:15.585835005
12,2340.4,6,2340.6,12:32:15.586005821
12,2340.4,5,2340.6,12:32:15.987651354
12,2340.4,5,2340.6,12:32:15.987651354
12,2340.4,4,2340.6,12:32:15.987793969
12,2340.4,4,2340.6,12:32:16.717525145
12,2340.4,5,2340.6,12:32:17.812884935
12,2340.4,6,2340.6,12:32:17.813040189
11,2340.4,6,2340.6,12:32:17.858984506
11,2340.4,5,2340.6,12:32:17.883389443
11,2340.4,5,2340.6,12:32:19.787055435
1,2340.5,5,2340.6,12:32:20.372733413
1,2340.5,4,2340.6,12:32:20.373020033
1,2340.5,4,2340.6,12:32:20.373033973
11,2340.4,4,2340.6,12:32:20.373095206
11,2340.4,4,2340.6,12:32:20.373095206
11,2340.4,5,2340.6,12:32:20.373520670
1,2340.5,5,2340.6,12:32:20.373819521
1,2340.5,5,2340.6,12:32:20.373842795
1,2340.5,7,2340.6,12:32:20.373899194
1,2340.5,9,2340.6,12:32:20.378019801
10,2340.4,9,2340.6,12:32:20.378254793
10,2340.4,9,2340.6,12:32:20.378254793
9,2340.4,9,2340.6,12:32:20.378355593
8,2340.4,9,2340.6,12:32:20.378469730
8,2340.4,9,2340.6,12:32:20.378729966
8,2340.4,9,2340.6,12:32:20.378729966
8,2340.4,9,2340.6,12:32:20.475028688
8,2340.4,10,2340.6,12:32:20.475156557
9,2340.4,10,2340.6,12:32:20.556089437
9,2340.4,11,2340.6,12:32:20.976481802
9,2340.4,11,2340.6,12:32:20.976481802
9,2340.4,12,2340.6,12:32:20.976610522
9,2340.4,11,2340.6,12:32:21.014852229
9,2340.4,11,2340.6,12:32:21.014852229
9,2340.4,12,2340.6,12:32:21.422004388
9,2340.4,12,2340.6,12:32:21.422004388
9,2340.4,11,2340.6,12:32:21.423510262
9,2340.4,11,2340.6,12:32:21.423510262
9,2340.4,11,2340.6,12:32:22.476209018
10,2340.4,11,2340.6,12:32:24.466647648
10,2340.4,10,2340.6,12:32:24.466818653
10,2340.4,8,2340.6,12:32:24.469416821
10,2340.4,8,2340.6,12:32:24.494871997
10,2340.4,8,2340.6,12:32:24.494871997
10,2340.4,7,2340.6,12:32:24.734057357
11,2340.4,7,2340.6,12:32:24.783325489
1,2340.5,7,2340.6,12:32:25.079171936
2,2340.5,7,2340.6,12:32:25.079311808
2,2340.5,6,2340.6,12:32:25.079352216
2,2340.5,4,2340.6,12:32:25.079396472
3,2340.5,4,2340.6,12:32:25.079436332
3,2340.5,3,2340.6,12:32:25.079527041
4,2340.5,3,2340.6,12:32:25.079547634
4,2340.5,3,2340.6,12:32:25.079561874
4,2340.5,3,2340.6,12:32:25.079601311
5,2340.5,3,2340.6,12:32:25.079620979
5,2340.5,2,2340.6,12:32:25.079656232
5,2340.5,2,2340.6,12:32:25.079781830
6,2340.5,2,2340.6,12:32:25.080158850
6,2340.5,2,2340.6,12:32:25.080171387
6,2340.5,2,2340.6,12:32:25.089498916
6,2340.5,2,2340.6,12:32:25.190812426
7,2340.5,2,2340.6,12:32:25.190959825
7,2340.5,9,2340.7,12:32:25.191233625
7,2340.5,9,2340.7,12:32:25.191233625
7,2340.5,9,2340.7,12:32:25.191351333
8,2340.5,9,2340.7,12:32:25.191721786
8,2340.5,9,2340.7,12:32:25.191738496
8,2340.5,8,2340.7,12:32:25.191810046
8,2340.5,8,2340.7,12:32:25.191879449
8,2340.5,8,2340.7,12:32:25.191913843
8,2340.5,7,2340.7,12:32:25.191951348
8,2340.5,6,2340.7,12:32:25.191972495
8,2340.5,6,2340.7,12:32:25.191972495
8,2340.5,6,2340.7,12:32:25.192014486
8,2340.5,6,2340.7,12:32:25.192047082
8,2340.5,6,2340.7,12:32:25.192047082
1,2340.6,6,2340.7,12:32:25.192321298
1,2340.6,6,2340.7,12:32:25.192597714
1,2340.6,6,2340.7,12:32:25.192643980
1,2340.6,6,2340.7,12:32:25.192643980
2,2340.6,6,2340.7,12:32:25.192838844
2,2340.6,6,2340.7,12:32:25.192856257
2,2340.6,6,2340.7,12:32:25.192885085
2,2340.6,6,2340.7,12:32:25.192901419
2,2340.6,5,2340.7,12:32:25.192939394
2,2340.6,4,2340.7,12:32:25.193013120
2,2340.6,4,2340.7,12:32:25.193063454
3,2340.6,4,2340.7,12:32:25.193184285
3,2340.6,4,2340.7,12:32:25.193218830
3,2340.6,4,2340.7,12:32:25.193564235
2,2340.6,4,2340.7,12:32:25.205803068
1,2340.6,4,2340.7,12:32:25.205960584
8,2340.5,4,2340.7,12:32:25.206116844
8,2340.5,4,2340.7,12:32:25.206116844
8,2340.5,5,2340.7,12:32:25.206162019
2,2340.6,5,2340.7,12:32:25.206186166
2,2340.6,5,2340.7,12:32:25.206247000
2,2340.6,5,2340.7,12:32:25.206247000
1,2340.6,5,2340.7,12:32:25.206356595
1,2340.6,6,2340.7,12:32:25.206423881
1,2340.6,6,2340.7,12:32:25.206438062
1,2340.6,5,2340.7,12:32:25.206472156
1,2340.6,4,2340.7,12:32:25.206505267
1,2340.6,5,2340.7,12:32:25.206524509
1,2340.6,5,2340.7,12:32:25.211500389
1,2340.6,5,2340.7,12:32:25.212356051
1,2340.6,5,2340.7,12:32:25.214648462
1,2340.6,4,2340.7,12:32:25.215129806
10,2340.5,4,2340.7,12:32:25.313096611
9,2340.5,4,2340.7,12:32:25.313096611
9,2340.5,4,2340.7,12:32:25.313096611
9,2340.5,5,2340.7,12:32:25.313221914
9,2340.5,6,2340.7,12:32:25.313315465
9,2340.5,7,2340.7,12:32:25.313381028
9,2340.5,8,2340.7,12:32:25.313432664
9,2340.5,7,2340.7,12:32:25.313669718
8,2340.5,7,2340.7,12:32:25.313689645
8,2340.5,7,2340.7,12:32:25.313689645
9,2340.5,7,2340.7,12:32:25.313836755
9,2340.5,6,2340.7,12:32:25.314040196
9,2340.5,5,2340.7,12:32:25.314113052
10,2340.5,5,2340.7,12:32:25.314426098
1,2340.6,5,2340.7,12:32:25.322933537
10,2340.5,5,2340.7,12:32:25.323186531
10,2340.5,5,2340.7,12:32:25.323186531
10,2340.5,5,2340.7,12:32:25.323205545
10,2340.5,5,2340.7,12:32:25.323205545
10,2340.5,4,2340.7,12:32:25.323226275
1,2340.6,4,2340.7,12:32:25.323251444
2,2340.6,4,2340.7,12:32:25.323283018
2,2340.6,4,2340.7,12:32:25.323528375
2,2340.6,4,2340.7,12:32:25.323540698
1,2340.6,4,2340.7,12:32:25.323570394
9,2340.5,4,2340.7,12:32:25.323724407
9,2340.5,4,2340.7,12:32:25.323724407
1,2340.6,4,2340.7,12:32:25.323798037
1,2340.6,5,2340.7,12:32:25.323839769
9,2340.5,5,2340.7,12:32:25.323981523
9,2340.5,5,2340.7,12:32:25.323981523
9,2340.5,5,2340.7,12:32:25.324112648
10,2340.5,5,2340.7,12:32:25.324189524
10,2340.5,6,2340.7,12:32:25.520445585
10,2340.5,7,2340.7,12:32:25.520699837
10,2340.5,8,2340.7,12:32:25.807317700
9,2340.5,8,2340.7,12:32:25.807438800
9,2340.5,10,2340.7,12:32:25.810269130
9,2340.5,1,2340.6,12:32:25.810438282
9,2340.5,3,2340.6,12:32:25.810563389
8,2340.5,3,2340.6,12:32:25.810577561
8,2340.5,3,2340.6,12:32:25.810608953
8,2340.5,4,2340.6,12:32:25.810633633
7,2340.5,4,2340.6,12:32:25.810647080
6,2340.5,4,2340.6,12:32:25.810699772
5,2340.5,4,2340.6,12:32:25.810750196
5,2340.5,4,2340.6,12:32:25.810865026
4,2340.5,4,2340.6,12:32:25.810903049
3,2340.5,4,2340.6,12:32:25.810922698
3,2340.5,5,2340.6,12:32:25.812056878
3,2340.5,5,2340.6,12:32:25.812218903
3,2340.5,7,2340.6,12:32:25.816554646
11,2340.4,7,2340.6,12:32:25.816913635
11,2340.4,7,2340.6,12:32:25.816913635
11,2340.4,8,2340.6,12:32:25.817059485
11,2340.4,1,2340.5,12:32:25.817104272
10,2340.4,1,2340.5,12:32:25.817133374
9,2340.4,1,2340.5,12:32:25.817200923
9,2340.4,1,2340.5,12:32:25.817272596
9,2340.4,1,2340.5,12:32:25.817317679
9,2340.4,1,2340.5,12:32:25.817363823
9,2340.4,1,2340.5,12:32:25.817458017
9,2340.4,1,2340.5,12:32:25.817471457
9,2340.4,1,2340.5,12:32:25.817484623
9,2340.4,2,2340.5,12:32:25.817515583
9,2340.4,2,2340.5,12:32:25.817515583
9,2340.4,2,2340.5,12:32:25.817523305
8,2340.4,2,2340.5,12:32:25.817597364
7,2340.4,2,2340.5,12:32:25.817616523
7,2340.4,2,2340.5,12:32:25.817616523
7,2340.4,2,2340.5,12:32:25.817663771
7,2340.4,1,2340.5,12:32:25.817705907
6,2340.4,1,2340.5,12:32:25.817781329
6,2340.4,1,2340.5,12:32:25.828219996
6,2340.4,1,2340.5,12:32:25.861940386
6,2340.4,1,2340.5,12:32:25.970161969
6,2340.4,2,2340.5,12:32:26.061592359
6,2340.4,3,2340.5,12:32:26.061842787
5,2340.4,3,2340.5,12:32:26.120712926
6,2340.4,3,2340.5,12:32:26.242738913
6,2340.4,2,2340.5,12:32:26.242871284
6,2340.4,2,2340.5,12:32:26.657656870
6,2340.4,2,2340.5,12:32:26.657656870
6,2340.4,2,2340.5,12:32:27.188585330
6,2340.4,2,2340.5,12:32:27.401691945
13,2340.3,2,2340.5,12:32:27.749091481
9,2340.3,2,2340.5,12:32:27.749091481
9,2340.3,2,2340.5,12:32:27.749091481
9,2340.3,3,2340.5,12:32:27.749372542
9,2340.3,4,2340.5,12:32:27.749442682
9,2340.3,5,2340.5,12:32:27.749464887
9,2340.3,6,2340.5,12:32:27.749646478
9,2340.3,7,2340.5,12:32:27.749761815
9,2340.3,8,2340.5,12:32:27.749779095
9,2340.3,9,2340.5,12:32:27.749810705
8,2340.3,9,2340.5,12:32:27.749941181
8,2340.3,11,2340.5,12:32:27.750120997
8,2340.3,13,2340.5,12:32:27.750160690
8,2340.3,11,2340.5,12:32:27.750177449
7,2340.3,11,2340.5,12:32:27.750196893
7,2340.3,11,2340.5,12:32:27.750196893
6,2340.3,11,2340.5,12:32:27.750215490
6,2340.3,11,2340.5,12:32:27.750242941
6,2340.3,11,2340.5,12:32:27.750256689
6,2340.3,11,2340.5,12:32:27.750274141
6,2340.3,10,2340.5,12:32:27.750370320
6,2340.3,11,2340.5,12:32:27.750451397
8,2340.3,11,2340.5,12:32:27.750473644
8,2340.3,10,2340.5,12:32:27.750573825
8,2340.3,9,2340.5,12:32:27.750607723
9,2340.3,9,2340.5,12:32:27.750732692
9,2340.3,10,2340.5,12:32:27.750792818
9,2340.3,9,2340.5,12:32:27.750869808
9,2340.3,11,2340.5,12:32:27.752014552
8,2340.3,11,2340.5,12:32:27.752145805
8,2340.3,9,2340.5,12:32:27.755482151
8,2340.3,8,2340.5,12:32:27.755599871
8,2340.3,8,2340.5,12:32:27.757303010
8,2340.3,7,2340.5,12:32:27.781481243
8,2340.3,7,2340.5,12:32:27.781596381
8,2340.3,7,2340.5,12:32:27.781610049
9,2340.3,7,2340.5,12:32:27.781732887
10,2340.3,7,2340.5,12:32:27.795888745
10,2340.3,6,2340.5,12:32:28.570911680
10,2340.3,5,2340.5,12:32:28.571064083
11,2340.3,5,2340.5,12:32:28.571081715
12,2340.3,5,2340.5,12:32:28.571101367
12,2340.3,5,2340.5,12:32:28.571252679
1,2340.4,5,2340.5,12:32:28.582772402
2,2340.4,5,2340.5,12:32:28.582907313
2,2340.4,5,2340.5,12:32:28.582940744
2,2340.4,3,2340.5,12:32:28.582963715
2,2340.4,2,2340.5,12:32:28.583022484
3,2340.4,2,2340.5,12:32:28.583209393
3,2340.4,1,2340.5,12:32:28.583272022
4,2340.4,1,2340.5,12:32:28.583290595
4,2340.4,1,2340.5,12:32:28.583524503
5,2340.4,1,2340.5,12:32:28.583557042
5,2340.4,1,2340.5,12:32:28.583661431
5,2340.4,8,2340.6,12:32:28.948894428
1,2340.5,8,2340.6,12:32:28.948894428
1,2340.5,8,2340.6,12:32:28.948894428
1,2340.5,8,2340.6,12:32:28.948922774
1,2340.5,8,2340.6,12:32:28.948930880
1,2340.5,8,2340.6,12:32:28.948930880
1,2340.5,7,2340.6,12:32:28.949061039
1,2340.5,7,2340.6,12:32:28.949123510
2,2340.5,7,2340.6,12:32:28.949153082
2,2340.5,6,2340.6,12:32:28.949174404
2,2340.5,5,2340.6,12:32:28.949237852
2,2340.5,3,2340.6,12:32:28.949369269
2,2340.5,3,2340.6,12:32:28.949374025
2,2340.5,10,2340.7,12:32:28.949492964
2,2340.5,10,2340.7,12:32:28.949492964
1,2340.6,10,2340.7,12:32:28.949628655
1,2340.6,10,2340.7,12:32:28.949694117
1,2340.6,10,2340.7,12:32:28.949725961
1,2340.6,10,2340.7,12:32:28.949725961
1,2340.6,9,2340.7,12:32:28.949743984
1,2340.6,9,2340.7,12:32:28.949764259
1,2340.6,9,2340.7,12:32:28.949871775
1,2340.6,9,2340.7,12:32:28.950019605
1,2340.6,8,2340.7,12:32:28.950088240
1,2340.6,8,2340.7,12:32:28.950185906
1,2340.6,8,2340.7,12:32:28.950288823
1,2340.6,7,2340.7,12:32:28.950400787
2,2340.6,7,2340.7,12:32:28.950430138
2,2340.6,8,2340.7,12:32:28.950449460
2,2340.6,8,2340.7,12:32:28.950449460
2,2340.6,7,2340.7,12:32:28.950465233
