bidVolume,bidPrice,askVolume,askPrice,timestamp
6,110.54,152,110.55,09:30:00.507003494
7,110.54,152,110.55,09:30:00.507033154
8,110.54,152,110.55,09:30:00.507418287
16,110.54,152,110.55,09:30:00.507537442
20,110.54,152,110.55,09:30:00.507537442
16,110.54,152,110.55,09:30:00.511179411
19,110.54,152,110.55,09:30:00.513229121
16,110.54,152,110.55,09:30:00.514200989
15,110.54,152,110.55,09:30:00.515490194
7,110.54,152,110.55,09:30:00.529185495
6,110.54,152,110.55,09:30:00.531601298
9,110.54,152,110.55,09:30:00.599645652
10,110.54,152,110.55,09:30:00.599884762
4,110.54,152,110.55,09:30:00.613516645
2,110.54,152,110.55,09:30:00.613606962
1,110.54,152,110.55,09:30:00.613606962
117,110.53,152,110.55,09:30:00.614012667
117,110.53,3,110.54,09:30:00.614012667
117,110.53,4,110.54,09:30:00.614130584
125,110.53,4,110.54,09:30:00.614241019
125,110.53,1,110.54,09:30:00.614648209
125,110.53,152,110.55,09:30:00.614648209
125,110.53,154,110.55,09:30:00.614943998
117,110.53,154,110.55,09:30:00.615028961
117,110.53,152,110.55,09:30:00.616241209
117,110.53,1,110.54,09:30:00.621201829
117,110.53,2,110.54,09:30:00.621603858
117,110.53,3,110.54,09:30:00.621620149
117,110.53,4,110.54,09:30:00.621620149
117,110.53,5,110.54,09:30:00.622448952
117,110.53,6,110.54,09:30:00.625281980
117,110.53,7,110.54,09:30:00.625965717
117,110.53,6,110.54,09:30:00.626112411
117,110.53,7,110.54,09:30:00.627127700
117,110.53,8,110.54,09:30:00.628763401
117,110.53,7,110.54,09:30:00.628856886
117,110.53,6,110.54,09:30:00.650965111
117,110.53,5,110.54,09:30:00.651090250
117,110.53,4,110.54,09:30:00.651224976
117,110.53,3,110.54,09:30:00.651394618
117,110.53,2,110.54,09:30:00.651992627
117,110.53,1,110.54,09:30:00.652086796
117,110.53,154,110.55,09:30:00.652324616
117,110.53,152,110.55,09:30:00.652691579
117,110.53,1,110.54,09:30:00.693320369
117,110.53,2,110.54,09:30:00.693699011
117,110.53,3,110.54,09:30:00.693699011
117,110.53,2,110.54,09:30:00.705775066
117,110.53,3,110.54,09:30:00.733368218
117,110.53,2,110.54,09:30:00.735477912
117,110.53,1,110.54,09:30:00.735985707
117,110.53,3,110.54,09:30:00.744608001
117,110.53,1,110.54,09:30:00.753838316
117,110.53,3,110.54,09:30:00.791265572
117,110.53,6,110.54,09:30:00.792620460
117,110.53,8,110.54,09:30:00.792729752
117,110.53,9,110.54,09:30:00.795587895
117,110.53,10,110.54,09:30:00.796935922
117,110.53,12,110.54,09:30:00.800990142
117,110.53,14,110.54,09:30:00.807548704
117,110.53,46,110.54,09:30:00.864783766
99,110.53,46,110.54,09:30:00.867340261
117,110.53,46,110.54,09:30:00.876270039
117,110.53,14,110.54,09:30:00.876462109
117,110.53,12,110.54,09:30:00.876724310
117,110.53,10,110.54,09:30:00.878737243
117,110.53,7,110.54,09:30:00.884182762
117,110.53,5,110.54,09:30:00.884260692
117,110.53,4,110.54,09:30:00.884491095
117,110.53,3,110.54,09:30:00.884491095
117,110.53,1,110.54,09:30:00.894757733
117,110.53,2,110.54,09:30:00.927175751
117,110.53,3,110.54,09:30:00.927444653
117,110.53,5,110.54,09:30:00.927614554
117,110.53,7,110.54,09:30:00.938593517
117,110.53,8,110.54,09:30:00.938830160
117,110.53,7,110.54,09:30:00.969034955
117,110.53,8,110.54,09:30:00.971024803
117,110.53,7,110.54,09:30:00.973716698
117,110.53,8,110.54,09:30:00.981831418
117,110.53,7,110.54,09:30:00.982696761
117,110.53,8,110.54,09:30:00.992563607
117,110.53,9,110.54,09:30:00.992694692
117,110.53,8,110.54,09:30:01.026596962
117,110.53,7,110.54,09:30:01.026857749
117,110.53,6,110.54,09:30:01.124866033
117,110.53,7,110.54,09:30:02.129069009
117,110.53,6,110.54,09:30:02.134201517
117,110.53,7,110.54,09:30:02.151424244
117,110.53,8,110.54,09:30:02.162446549
117,110.53,7,110.54,09:30:02.169962706
117,110.53,6,110.54,09:30:02.216238083
117,110.53,7,110.54,09:30:02.216238083
117,110.53,6,110.54,09:30:02.252422130
117,110.53,7,110.54,09:30:02.279228276
117,110.53,6,110.54,09:30:02.279657871
117,110.53,7,110.54,09:30:02.279868795
117,110.53,6,110.54,09:30:02.400965393
117,110.53,7,110.54,09:30:02.402380995
117,110.53,6,110.54,09:30:02.404037041
117,110.53,7,110.54,09:30:02.404037041
117,110.53,6,110.54,09:30:02.434769372
117,110.53,4,110.54,09:30:03.014753001
117,110.53,2,110.54,09:30:03.014753001
117,110.53,1,110.54,09:30:03.014753001
117,110.53,160,110.55,09:30:03.014797530
117,110.53,2,110.54,09:30:03.014940342
117,110.53,3,110.54,09:30:03.015385919
117,110.53,4,110.54,09:30:03.199899679
117,110.53,5,110.54,09:30:03.269976247
117,110.53,7,110.54,09:30:03.315070078
117,110.53,5,110.54,09:30:03.780011728
117,110.53,4,110.54,09:30:03.780769430
117,110.53,3,110.54,09:30:03.830674771
117,110.53,2,110.54,09:30:03.845326058
117,110.53,154,110.55,09:30:04.106490761
117,110.53,152,110.55,09:30:04.108031877
117,110.53,1,110.54,09:30:04.326735959
117,110.53,152,110.55,09:30:04.330791534
117,110.53,1,110.54,09:30:04.642084149
117,110.53,2,110.54,09:30:04.642565242
117,110.53,3,110.54,09:30:04.643155303
117,110.53,2,110.54,09:30:04.643593763
117,110.53,3,110.54,09:30:04.645004030
117,110.53,6,110.54,09:30:04.645599810
117,110.53,3,110.54,09:30:04.668155964
117,110.53,2,110.54,09:30:04.668490369
117,110.53,3,110.54,09:30:04.724310498
117,110.53,4,110.54,09:30:04.724562811
117,110.53,6,110.54,09:30:04.790994300
117,110.53,7,110.54,09:30:04.791693871
117,110.53,6,110.54,09:30:04.791989185
117,110.53,7,110.54,09:30:06.136418051
117,110.53,8,110.54,09:30:06.136781394
117,110.53,9,110.54,09:30:06.410535421
117,110.53,10,110.54,09:30:06.410565743
117,110.53,11,110.54,09:30:06.410737958
117,110.53,10,110.54,09:30:06.425191604
117,110.53,9,110.54,09:30:06.433123872
117,110.53,10,110.54,09:30:06.448814992
117,110.53,9,110.54,09:30:06.462742768
117,110.53,8,110.54,09:30:06.462934760
117,110.53,7,110.54,09:30:06.463005563
117,110.53,6,110.54,09:30:06.463286577
117,110.53,7,110.54,09:30:06.540652903
117,110.53,6,110.54,09:30:06.540951332
117,110.53,7,110.54,09:30:07.429286053
117,110.53,8,110.54,09:30:08.082097066
117,110.53,9,110.54,09:30:08.082558345
117,110.53,8,110.54,09:30:08.509239716
117,110.53,7,110.54,09:30:08.513099350
117,110.53,6,110.54,09:30:08.513245639
117,110.53,4,110.54,09:30:08.599486233
117,110.53,3,110.54,09:30:08.600113413
117,110.53,2,110.54,09:30:08.600238472
117,110.53,1,110.54,09:30:08.600341506
117,110.53,158,110.55,09:30:08.600341506
117,110.53,154,110.55,09:30:08.600785259
117,110.53,152,110.55,09:30:08.601637450
117,110.53,2,110.54,09:30:08.603523250
117,110.53,3,110.54,09:30:11.091948110
117,110.53,4,110.54,09:30:11.812659032
117,110.53,5,110.54,09:30:11.820621499
117,110.53,6,110.54,09:30:11.820743099
117,110.53,7,110.54,09:30:11.820826776
117,110.53,8,110.54,09:30:11.820924935
117,110.53,7,110.54,09:30:11.821182358
117,110.53,8,110.54,09:30:11.825505498
117,110.53,9,110.54,09:30:11.825749168
117,110.53,8,110.54,09:30:11.826031974
117,110.53,9,110.54,09:30:11.826031974
117,110.53,10,110.54,09:30:11.830084586
117,110.53,12,110.54,09:30:11.844098286
117,110.53,13,110.54,09:30:11.844223089
117,110.53,35,110.54,09:30:11.844479421
117,110.53,41,110.54,09:30:11.844479421
117,110.53,59,110.54,09:30:11.844499559
99,110.53,59,110.54,09:30:11.844499559
99,110.53,72,110.54,09:30:11.844575300
99,110.53,66,110.54,09:30:11.845122935
88,110.53,66,110.54,09:30:11.845184726
71,110.53,66,110.54,09:30:11.845241219
65,110.53,66,110.54,09:30:11.845259081
65,110.53,73,110.54,09:30:12.914690503
65,110.53,76,110.54,09:30:12.914759991
59,110.53,76,110.54,09:30:14.141948743
59,110.53,58,110.54,09:30:19.050596393
74,110.53,58,110.54,09:30:19.051024354
74,110.53,36,110.54,09:30:19.051024354
74,110.53,23,110.54,09:30:19.051024354
74,110.53,16,110.54,09:30:19.051024354
74,110.53,13,110.54,09:30:19.051044395
59,110.53,13,110.54,09:30:19.074705678
59,110.53,19,110.54,09:30:19.160624929
59,110.53,27,110.54,09:30:19.216206412
59,110.53,29,110.54,09:30:19.216278108
59,110.53,56,110.54,09:30:19.216401983
59,110.53,64,110.54,09:30:19.217220920
59,110.53,37,110.54,09:30:22.014512805
59,110.53,29,110.54,09:30:22.014582606
59,110.53,21,110.54,09:30:22.781969064
59,110.53,19,110.54,09:30:22.781969064
59,110.53,13,110.54,09:30:22.782551191
59,110.53,18,110.54,09:30:23.343321193
59,110.53,13,110.54,09:30:24.177439573
59,110.53,14,110.54,09:30:24.332310985
59,110.53,16,110.54,09:30:25.321029630
59,110.53,22,110.54,09:30:25.565267437
59,110.53,54,110.54,09:30:25.565577456
59,110.53,63,110.54,09:30:25.682876885
58,110.53,63,110.54,09:30:25.683479589
57,110.53,63,110.54,09:30:25.683683080
55,110.53,63,110.54,09:30:25.683817976
55,110.53,79,110.54,09:30:25.683871866
23,110.53,79,110.54,09:30:25.684711501
15,110.53,79,110.54,09:30:25.684741210
15,110.53,97,110.54,09:30:25.685144043
13,110.53,97,110.54,09:30:25.685278864
11,110.53,97,110.54,09:30:25.685304131
7,110.53,97,110.54,09:30:25.685304131
8,110.53,97,110.54,09:30:25.685678953
7,110.53,97,110.54,09:30:25.685919107
6,110.53,97,110.54,09:30:25.685919107
4,110.53,97,110.54,09:30:25.685934246
3,110.53,97,110.54,09:30:25.686029333
2,110.53,97,110.54,09:30:25.686048383
1,110.53,97,110.54,09:30:25.686048383
4,110.53,97,110.54,09:30:25.687209522
8,110.53,97,110.54,09:30:25.687300641
9,110.53,97,110.54,09:30:25.688034059
10,110.53,97,110.54,09:30:25.688277268
7,110.53,97,110.54,09:30:25.690028745
8,110.53,97,110.54,09:30:25.690773791
9,110.53,97,110.54,09:30:25.690847154
8,110.53,97,110.54,09:30:25.691195621
7,110.53,97,110.54,09:30:25.691288226
6,110.53,97,110.54,09:30:25.732170876
5,110.53,97,110.54,09:30:25.732323007
1,110.53,97,110.54,09:30:25.805873350
108,110.52,97,110.54,09:30:25.806761004
111,110.52,97,110.54,09:30:25.806968335
111,110.52,3,110.53,09:30:27.361208463
111,110.52,5,110.53,09:30:27.361503340
111,110.52,6,110.53,09:30:27.361680872
111,110.52,8,110.53,09:30:27.361697970
111,110.52,9,110.53,09:30:27.361780891
111,110.52,10,110.53,09:30:27.362319911
111,110.52,11,110.53,09:30:27.363108455
111,110.52,12,110.53,09:30:27.363256705
111,110.52,13,110.53,09:30:27.363370375
111,110.52,14,110.53,09:30:27.363820359
111,110.52,15,110.53,09:30:27.364021152
111,110.52,14,110.53,09:30:27.364654224
111,110.52,13,110.53,09:30:27.365501407
111,110.52,14,110.53,09:30:27.367174302
111,110.52,13,110.53,09:30:27.367440986
111,110.52,11,110.53,09:30:27.367929978
111,110.52,14,110.53,09:30:27.373023423
111,110.52,11,110.53,09:30:27.373910987
111,110.52,10,110.53,09:30:27.377947223
111,110.52,9,110.53,09:30:27.377947223
111,110.52,8,110.53,09:30:27.378510304
111,110.52,7,110.53,09:30:27.378533351
111,110.52,6,110.53,09:30:27.378901073
111,110.52,3,110.53,09:30:27.380075529
111,110.52,9,110.53,09:30:27.382514680
111,110.52,7,110.53,09:30:27.382610586
111,110.52,6,110.53,09:30:27.382758231
111,110.52,103,110.54,09:30:27.385699442
111,110.52,97,110.54,09:30:27.386409075
124,110.52,97,110.54,09:30:30.012701892
124,110.52,110,110.54,09:30:30.012767767
1,110.53,110,110.54,09:30:31.144471264
3,110.53,110,110.54,09:30:31.144835356
4,110.53,110,110.54,09:30:31.146364315
5,110.53,110,110.54,09:30:31.146867146
6,110.53,110,110.54,09:30:31.147085373
7,110.53,110,110.54,09:30:31.222287670
6,110.53,110,110.54,09:30:31.223470600
7,110.53,110,110.54,09:30:31.254208104
8,110.53,110,110.54,09:30:31.282001608
7,110.53,110,110.54,09:30:31.322969916
6,110.53,110,110.54,09:30:31.356585869
7,110.53,110,110.54,09:30:31.419691673
8,110.53,110,110.54,09:30:31.434550045
7,110.53,110,110.54,09:30:31.444541659
6,110.53,110,110.54,09:30:31.444703249
19,110.53,110,110.54,09:30:33.138740048
41,110.53,110,110.54,09:30:34.098589428
54,110.53,110,110.54,09:30:34.099066694
56,110.53,110,110.54,09:30:34.099177766
57,110.53,110,110.54,09:30:34.099574092
58,110.53,110,110.54,09:30:34.099593033
59,110.53,110,110.54,09:30:34.099593033
59,110.53,94,110.54,09:30:34.099709759
59,110.53,81,110.54,09:30:34.100003061
65,110.53,81,110.54,09:30:34.100026453
65,110.53,63,110.54,09:30:34.100422069
65,110.53,76,110.54,09:30:34.100601663
66,110.53,76,110.54,09:30:34.100601663
66,110.53,74,110.54,09:30:34.100742194
84,110.53,74,110.54,09:30:34.100813506
84,110.53,65,110.54,09:30:34.100953781
84,110.53,64,110.54,09:30:34.100953781
83,110.53,64,110.54,09:30:34.799687411
81,110.53,64,110.54,09:30:34.799687411
80,110.53,64,110.54,09:30:34.799771088
79,110.53,64,110.54,09:30:34.799797546
78,110.53,64,110.54,09:30:34.799797546
65,110.53,64,110.54,09:30:34.799797546
43,110.53,64,110.54,09:30:34.799797546
34,110.53,64,110.54,09:30:34.799797546
33,110.53,64,110.54,09:30:34.800182492
27,110.53,64,110.54,09:30:34.800204147
23,110.53,64,110.54,09:30:34.800204147
23,110.53,70,110.54,09:30:34.800204147
21,110.53,70,110.54,09:30:34.800314893
21,110.53,74,110.54,09:30:34.800314893
3,110.53,74,110.54,09:30:34.800495238
8,110.53,74,110.54,09:30:34.800670975
7,110.53,74,110.54,09:30:34.800697996
9,110.53,74,110.54,09:30:34.800757106
10,110.53,74,110.54,09:30:34.801071548
11,110.53,74,110.54,09:30:34.801071548
13,110.53,74,110.54,09:30:34.921259100
26,110.53,74,110.54,09:30:34.921430335
32,110.53,74,110.54,09:30:34.921556962
55,110.53,74,110.54,09:30:34.921767496
67,110.53,74,110.54,09:30:34.921911314
67,110.53,70,110.54,09:30:35.102553750
67,110.53,64,110.54,09:30:35.102615644
54,110.53,64,110.54,09:30:37.479461952
56,110.53,64,110.54,09:30:41.362995848
55,110.53,64,110.54,09:30:52.017549990
54,110.53,64,110.54,09:30:52.017549990
49,110.53,64,110.54,09:30:52.017707199
47,110.53,64,110.54,09:30:52.017737561
46,110.53,64,110.54,09:30:52.017737561
45,110.53,64,110.54,09:30:52.017737561
43,110.53,64,110.54,09:30:52.017737561
37,110.53,64,110.54,09:30:52.017737561
14,110.53,64,110.54,09:30:52.017737561
6,110.53,64,110.54,09:30:52.017737561
6,110.53,74,110.54,09:30:52.017846179
4,110.53,74,110.54,09:30:52.017846179
154,110.52,74,110.54,09:30:52.018009148
138,110.52,74,110.54,09:30:52.018150463
138,110.52,92,110.54,09:30:52.018439858
126,110.52,92,110.54,09:30:52.018940238
124,110.52,92,110.54,09:30:52.019597172
124,110.52,110,110.54,09:30:53.818208307
124,110.52,114,110.54,09:30:53.819335848
124,110.52,110,110.54,09:30:53.820140849
124,110.52,13,110.53,09:30:53.821971943
124,110.52,16,110.53,09:30:53.822288695
124,110.52,18,110.53,09:30:53.826157526
124,110.52,19,110.53,09:30:53.826634877
124,110.52,20,110.53,09:30:53.826874793
124,110.52,21,110.53,09:30:53.830536675
124,110.52,22,110.53,09:30:53.830551740
124,110.52,23,110.53,09:30:53.830631315
124,110.52,24,110.53,09:30:53.830631315
124,110.52,23,110.53,09:30:53.831283458
124,110.52,24,110.53,09:30:53.831356780
124,110.52,25,110.53,09:30:53.831498761
124,110.52,26,110.53,09:30:53.832438827
124,110.52,25,110.53,09:30:53.832999223
124,110.52,24,110.53,09:30:53.833142862
126,110.52,24,110.53,09:30:53.833280401
126,110.52,25,110.53,09:30:53.833352909
128,110.52,25,110.53,09:30:53.833448419
128,110.52,24,110.53,09:30:53.833890650
128,110.52,25,110.53,09:30:53.834125379
128,110.52,24,110.53,09:30:53.834324803
128,110.52,25,110.53,09:30:53.834535292
128,110.52,26,110.53,09:30:53.834609286
128,110.52,27,110.53,09:30:53.834609286
128,110.52,28,110.53,09:30:53.835835375
115,110.52,28,110.53,09:30:53.837828864
115,110.52,29,110.53,09:30:53.838131014
115,110.52,28,110.53,09:30:53.838546323
115,110.52,29,110.53,09:30:53.839508530
128,110.52,29,110.53,09:30:53.847448696
128,110.52,28,110.53,09:30:53.847603659
128,110.52,29,110.53,09:30:53.850771849
115,110.52,29,110.53,09:30:53.851054632
115,110.52,28,110.53,09:30:53.851643569
128,110.52,28,110.53,09:30:53.851824350
129,110.52,28,110.53,09:30:53.862420031
130,110.52,28,110.53,09:30:53.862794798
130,110.52,29,110.53,09:30:53.864730790
117,110.52,29,110.53,09:30:53.864730790
117,110.52,28,110.53,09:30:53.867168619
130,110.52,28,110.53,09:30:53.867864423
117,110.52,28,110.53,09:30:53.878230606
117,110.52,29,110.53,09:30:53.878230606
117,110.52,56,110.53,09:30:53.879307722
117,110.52,64,110.53,09:30:53.880485371
117,110.52,63,110.53,09:30:53.883164180
117,110.52,60,110.53,09:30:53.883437990
117,110.52,61,110.53,09:30:53.885419726
107,110.52,61,110.53,09:30:53.886298996
100,110.52,61,110.53,09:30:53.886400961
100,110.52,60,110.53,09:30:53.886400961
100,110.52,61,110.53,09:30:53.888122665
100,110.52,60,110.53,09:30:53.888933989
100,110.52,33,110.53,09:30:53.889427415
100,110.52,25,110.53,09:30:53.889427415
113,110.52,25,110.53,09:30:53.889449543
113,110.52,26,110.53,09:30:53.892963352
100,110.52,26,110.53,09:30:53.895261488
100,110.52,32,110.53,09:30:53.897437528
100,110.52,26,110.53,09:30:53.900589468
100,110.52,25,110.53,09:30:53.900758449
113,110.52,25,110.53,09:30:53.900973410
113,110.52,26,110.53,09:30:53.901198392
100,110.52,26,110.53,09:30:53.904033550
100,110.52,25,110.53,09:30:53.905075439
100,110.52,24,110.53,09:30:53.905075439
113,110.52,24,110.53,09:30:53.905093198
113,110.52,23,110.53,09:30:53.905093198
113,110.52,22,110.53,09:30:53.916724734
113,110.52,23,110.53,09:30:53.918086042
113,110.52,22,110.53,09:30:53.919425934
113,110.52,21,110.53,09:30:53.925089156
113,110.52,20,110.53,09:30:53.925589469
113,110.52,22,110.53,09:30:53.927282681
113,110.52,23,110.53,09:30:53.933557389
113,110.52,24,110.53,09:30:53.933656794
113,110.52,23,110.53,09:30:53.937486237
113,110.52,21,110.53,09:30:53.941810704
113,110.52,20,110.53,09:30:53.942142129
113,110.52,21,110.53,09:30:53.944814919
113,110.52,22,110.53,09:30:53.945054483
113,110.52,24,110.53,09:30:53.959143854
113,110.52,25,110.53,09:30:53.959223712
113,110.52,26,110.53,09:30:54.203225616
100,110.52,26,110.53,09:30:54.203493023
100,110.52,53,110.53,09:30:54.203493023
100,110.52,61,110.53,09:30:54.203509072
94,110.52,61,110.53,09:30:54.203980120
82,110.52,61,110.53,09:30:54.204049864
88,110.52,61,110.53,09:30:54.265014876
90,110.52,61,110.53,09:30:54.265885609
101,110.52,61,110.53,09:30:54.267664321
101,110.52,34,110.53,09:30:54.304257129
101,110.52,26,110.53,09:30:54.304257129
90,110.52,26,110.53,09:30:54.304521800
90,110.52,15,110.53,09:30:54.304521800
88,110.52,15,110.53,09:30:54.304593646
88,110.52,13,110.53,09:30:54.304593646
82,110.52,13,110.53,09:30:54.304715919
82,110.52,11,110.53,09:30:54.304736411
82,110.52,10,110.53,09:30:54.304736411
82,110.52,9,110.53,09:30:54.304736411
82,110.52,8,110.53,09:30:54.304736411
82,110.52,7,110.53,09:30:54.304736411
82,110.52,6,110.53,09:30:54.305190017
95,110.52,6,110.53,09:30:54.305190017
95,110.52,5,110.53,09:30:54.305190017
95,110.52,4,110.53,09:30:54.305190017
105,110.52,4,110.53,09:30:54.305256142
105,110.52,5,110.53,09:30:54.305287928
105,110.52,6,110.53,09:30:54.305287928
113,110.52,6,110.53,09:30:54.305287928
113,110.52,10,110.53,09:30:54.305482456
113,110.52,8,110.53,09:30:54.306113046
113,110.52,7,110.53,09:30:54.306682512
113,110.52,6,110.53,09:30:54.307130707
113,110.52,2,110.53,09:30:54.309631899
119,110.52,2,110.53,09:30:54.309808695
123,110.52,2,110.53,09:30:54.309925837
122,110.52,2,110.53,09:30:54.315824021
120,110.52,2,110.53,09:30:54.315922607
119,110.52,2,110.53,09:30:54.315922607
117,110.52,2,110.53,09:30:54.315991848
117,110.52,3,110.53,09:30:54.498207761
117,110.52,5,110.53,09:30:54.498331357
117,110.52,7,110.53,09:30:54.498630124
117,110.52,8,110.53,09:30:54.499423023
117,110.52,6,110.53,09:30:54.566864637
117,110.52,7,110.53,09:30:54.572287055
117,110.52,8,110.53,09:30:54.572921374
117,110.52,9,110.53,09:30:54.572939956
117,110.52,10,110.53,09:30:54.573439751
117,110.52,11,110.53,09:30:54.573439751
117,110.52,13,110.53,09:30:54.573439751
117,110.52,26,110.53,09:30:54.573439751
117,110.52,25,110.53,09:30:54.573804320
117,110.52,12,110.53,09:30:54.573820887
117,110.52,11,110.53,09:30:54.574052337
117,110.52,10,110.53,09:30:54.574052337
117,110.52,9,110.53,09:30:54.574174108
117,110.52,8,110.53,09:30:54.574486073
117,110.52,21,110.53,09:30:54.575002204
117,110.52,22,110.53,09:30:54.575124076
117,110.52,23,110.53,09:30:54.575268137
117,110.52,24,110.53,09:30:54.575371698
117,110.52,23,110.53,09:30:54.575371698
117,110.52,22,110.53,09:30:54.575555519
117,110.52,21,110.53,09:30:54.576311708
117,110.52,22,110.53,09:30:54.576588834
117,110.52,21,110.53,09:30:54.577193544
117,110.52,22,110.53,09:30:54.578981638
117,110.52,21,110.53,09:30:54.579353439
117,110.52,22,110.53,09:30:54.583209529
117,110.52,20,110.53,09:30:54.583571714
117,110.52,19,110.53,09:30:54.583695823
117,110.52,6,110.53,09:30:54.584093921
117,110.52,8,110.53,09:30:54.584112516
117,110.52,21,110.53,09:30:54.584112516
117,110.52,22,110.53,09:30:54.631195457
117,110.52,23,110.53,09:30:54.631381837
117,110.52,24,110.53,09:30:54.631465443
117,110.52,25,110.53,09:30:54.631465443
117,110.52,26,110.53,09:30:54.631610419
117,110.52,25,110.53,09:30:54.644213081
117,110.52,24,110.53,09:30:54.648960526
117,110.52,23,110.53,09:30:54.649175425
117,110.52,22,110.53,09:30:54.649175425
117,110.52,21,110.53,09:30:54.654982172
117,110.52,22,110.53,09:30:54.655354153
117,110.52,23,110.53,09:30:54.686306002
117,110.52,22,110.53,09:30:54.686457240
117,110.52,23,110.53,09:30:54.703212017
117,110.52,22,110.53,09:30:54.703372122
117,110.52,23,110.53,09:30:54.704263724
117,110.52,22,110.53,09:30:54.704525676
117,110.52,23,110.53,09:30:54.721288418
117,110.52,25,110.53,09:30:54.731781209
117,110.52,26,110.53,09:30:54.732034536
117,110.52,25,110.53,09:30:55.205174321
117,110.52,23,110.53,09:30:55.260129677
117,110.52,22,110.53,09:30:55.262268539
117,110.52,21,110.53,09:30:55.262395870
117,110.52,22,110.53,09:30:55.266787309
117,110.52,23,110.53,09:30:55.266942726
117,110.52,24,110.53,09:30:55.267097431
117,110.52,25,110.53,09:30:55.269609179
117,110.52,26,110.53,09:30:55.269834158
117,110.52,25,110.53,09:30:55.269900394
117,110.52,24,110.53,09:30:55.270029060
117,110.52,23,110.53,09:30:55.270172356
117,110.52,22,110.53,09:30:55.273190904
117,110.52,24,110.53,09:30:55.302134252
117,110.52,25,110.53,09:30:55.302365702
117,110.52,26,110.53,09:30:55.302365702
117,110.52,25,110.53,09:30:55.439433126
117,110.52,24,110.53,09:30:55.439536965
117,110.52,22,110.53,09:30:55.467787988
117,110.52,23,110.53,09:30:55.491503613
117,110.52,24,110.53,09:30:55.491719164
117,110.52,25,110.53,09:30:55.491801407
117,110.52,26,110.53,09:30:55.491814841
117,110.52,25,110.53,09:30:55.501873981
117,110.52,24,110.53,09:30:55.501987565
117,110.52,23,110.53,09:30:55.502057644
117,110.52,22,110.53,09:30:55.502173424
117,110.52,21,110.53,09:30:55.626833187
117,110.52,23,110.53,09:30:55.695017292
117,110.52,24,110.53,09:30:55.695192895
117,110.52,25,110.53,09:30:55.695330431
117,110.52,24,110.53,09:30:55.716194256
117,110.52,25,110.53,09:30:55.721090332
117,110.52,24,110.53,09:30:55.847942326
117,110.52,23,110.53,09:30:55.848221254
117,110.52,21,110.53,09:30:55.848413209
117,110.52,22,110.53,09:30:55.864648757
117,110.52,23,110.53,09:30:55.864790253
117,110.52,24,110.53,09:30:55.864931678
117,110.52,25,110.53,09:30:55.866944265
117,110.52,26,110.53,09:30:56.024894422
117,110.52,25,110.53,09:30:56.032900140
117,110.52,26,110.53,09:30:56.045314350
117,110.52,25,110.53,09:30:56.193958218
117,110.52,24,110.53,09:30:56.198793462
117,110.52,23,110.53,09:30:56.198898517
117,110.52,22,110.53,09:30:56.199051666
117,110.52,24,110.53,09:30:56.378456781
117,110.52,25,110.53,09:30:56.378634742
117,110.52,26,110.53,09:30:56.378705196
117,110.52,25,110.53,09:30:56.752496318
117,110.52,23,110.53,09:30:56.752604772
117,110.52,22,110.53,09:30:56.752736827
117,110.52,9,110.53,09:30:56.963983215
117,110.52,10,110.53,09:30:56.965327486
117,110.52,13,110.53,09:30:56.965475292
113,110.52,13,110.53,09:30:56.965614020
105,110.52,13,110.53,09:30:56.965614020
99,110.52,13,110.53,09:30:56.965639787
99,110.52,19,110.53,09:30:56.965639787
99,110.52,32,110.53,09:30:56.965639787
89,110.52,32,110.53,09:30:56.965994779
89,110.52,50,110.53,09:30:56.966022545
89,110.52,80,110.53,09:30:56.966040874
89,110.52,90,110.53,09:30:56.966040874
85,110.52,90,110.53,09:30:56.966229965
67,110.52,90,110.53,09:30:56.966229965
54,110.52,90,110.53,09:30:56.966229965
54,110.52,91,110.53,09:30:56.966298177
54,110.52,81,110.53,09:30:56.966401632
67,110.52,81,110.53,09:30:56.966419322
67,110.52,51,110.53,09:30:56.966419322
67,110.52,33,110.53,09:30:56.966738842
67,110.52,63,110.53,09:30:57.133546599
67,110.52,33,110.53,09:30:57.186538842
67,110.52,63,110.53,09:30:57.386402198
67,110.52,81,110.53,09:30:57.448764971
67,110.52,91,110.53,09:30:57.448846563
67,110.52,106,110.53,09:30:57.463493424
54,110.52,106,110.53,09:30:57.464685714
42,110.52,106,110.53,09:30:57.464978040
20,110.52,106,110.53,09:30:57.464978040
19,110.52,106,110.53,09:30:57.464993483
18,110.52,106,110.53,09:30:57.464993483
12,110.52,106,110.53,09:30:57.465242251
10,110.52,106,110.53,09:30:57.465435022
23,110.52,106,110.53,09:30:57.467758702
22,110.52,106,110.53,09:30:57.467882889
20,110.52,106,110.53,09:30:57.468236261
19,110.52,106,110.53,09:30:57.468236261
23,110.52,106,110.53,09:30:57.495121150
24,110.52,106,110.53,09:30:57.497303614
23,110.52,106,110.53,09:30:57.665980530
19,110.52,106,110.53,09:30:57.727399829
17,110.52,106,110.53,09:30:57.766915873
18,110.52,106,110.53,09:30:57.822894544
19,110.52,106,110.53,09:30:57.839120143
20,110.52,106,110.53,09:30:58.532635664
19,110.52,106,110.53,09:30:58.890584243
18,110.52,106,110.53,09:30:58.890678174
17,110.52,106,110.53,09:30:58.890694279
14,110.52,106,110.53,09:30:58.890768758
13,110.52,106,110.53,09:30:58.890849606
10,110.52,106,110.53,09:30:59.747360726
118,110.51,106,110.53,09:30:59.747892370
131,110.51,106,110.53,09:30:59.747938604
131,110.51,3,110.52,09:30:59.748238396
131,110.51,4,110.52,09:30:59.748384850
134,110.51,4,110.52,09:30:59.748467855
134,110.51,1,110.52,09:30:59.749055002
130,110.51,1,110.52,09:30:59.749177330
130,110.51,108,110.53,09:30:59.749841904
128,110.51,108,110.53,09:30:59.751630626
128,110.51,106,110.53,09:30:59.752357900
128,110.51,112,110.53,09:31:00.055531200
128,110.51,118,110.53,09:31:00.056035599
128,110.51,110,110.53,09:31:00.915383663
1,110.52,110,110.53,09:31:00.915596536
1,110.52,106,110.53,09:31:00.916070161
2,110.52,106,110.53,09:31:00.916090056
1,110.52,106,110.53,09:31:00.916815751
128,110.51,106,110.53,09:31:01.031454396
128,110.51,109,110.53,09:31:02.849286131
128,110.51,121,110.53,09:31:02.849432182
128,110.51,144,110.53,09:31:02.860915913
122,110.51,144,110.53,09:31:04.567366975
110,110.51,144,110.53,09:31:04.567366975
109,110.51,144,110.53,09:31:04.567383627
109,110.51,31,110.52,09:31:04.567400997
109,110.51,32,110.52,09:31:04.567415496
109,110.51,33,110.52,09:31:04.567415496
109,110.51,37,110.52,09:31:04.567435649
109,110.51,50,110.52,09:31:04.567831045
109,110.51,51,110.52,09:31:04.567848363
109,110.51,49,110.52,09:31:04.567848363
91,110.51,49,110.52,09:31:04.568528945
91,110.51,36,110.52,09:31:04.568546641
91,110.51,37,110.52,09:31:04.568916282
107,110.51,37,110.52,09:31:04.668178416
108,110.51,37,110.52,09:31:04.738647972
108,110.51,36,110.52,09:31:04.907608813
108,110.51,35,110.52,09:31:04.907731623
108,110.51,31,110.52,09:31:04.909390822
108,110.51,2,110.52,09:31:04.909713967
108,110.51,3,110.52,09:31:04.910249956
108,110.51,2,110.52,09:31:04.910825019
108,110.51,3,110.52,09:31:04.912395440
108,110.51,2,110.52,09:31:04.914600923
108,110.51,1,110.52,09:31:04.914600923
108,110.51,143,110.53,09:31:04.916812140
126,110.51,143,110.53,09:31:04.917122341
126,110.51,131,110.53,09:31:04.920212601
126,110.51,129,110.53,09:31:04.920739458
126,110.51,139,110.53,09:31:04.922090564
128,110.51,139,110.53,09:31:04.923000295
128,110.51,129,110.53,09:31:04.923029121
126,110.51,129,110.53,09:31:04.924235967
126,110.51,106,110.53,09:31:04.932792681
126,110.51,108,110.53,09:31:04.943875603
126,110.51,106,110.53,09:31:04.944605132
2,110.52,106,110.53,09:31:04.996305436
15,110.52,106,110.53,09:31:04.996574862
19,110.52,106,110.53,09:31:04.996574862
19,110.52,96,110.53,09:31:04.997569412
15,110.52,96,110.53,09:31:04.997840365
2,110.52,96,110.53,09:31:05.194563188
134,110.51,96,110.53,09:31:05.194563188
128,110.51,96,110.53,09:31:05.194967513
128,110.51,107,110.53,09:31:05.195169206
126,110.51,107,110.53,09:31:05.195828367
128,110.51,107,110.53,09:31:05.205248273
2,110.52,107,110.53,09:31:05.206091620
7,110.52,107,110.53,09:31:05.206469814
20,110.52,107,110.53,09:31:05.206488899
21,110.52,107,110.53,09:31:05.206488899
21,110.52,92,110.53,09:31:05.245703409
22,110.52,92,110.53,09:31:05.314353868
23,110.52,92,110.53,09:31:05.342401039
24,110.52,92,110.53,09:31:05.342686382
25,110.52,92,110.53,09:31:05.342788955
24,110.52,92,110.53,09:31:05.380520396
23,110.52,92,110.53,09:31:05.380806006
24,110.52,92,110.53,09:31:05.441961579
25,110.52,92,110.53,09:31:05.442139188
24,110.52,92,110.53,09:31:05.521664790
23,110.52,92,110.53,09:31:05.522009612
22,110.52,92,110.53,09:31:05.522248549
21,110.52,92,110.53,09:31:05.537386684
22,110.52,92,110.53,09:31:05.644432574
23,110.52,92,110.53,09:31:05.644629930
24,110.52,92,110.53,09:31:05.644804173
25,110.52,92,110.53,09:31:05.648042040
24,110.52,92,110.53,09:31:06.647054152
23,110.52,92,110.53,09:31:06.647179617
22,110.52,92,110.53,09:31:06.648083316
21,110.52,92,110.53,09:31:06.648520804
22,110.52,92,110.53,09:31:06.651503454
21,110.52,92,110.53,09:31:06.653162723
16,110.52,92,110.53,09:31:06.654310725
3,110.52,92,110.53,09:31:06.654763265
1,110.52,92,110.53,09:31:06.654763265
1,110.52,102,110.53,09:31:06.654780651
136,110.51,102,110.53,09:31:06.654780651
136,110.51,110,110.53,09:31:06.654780651
126,110.51,110,110.53,09:31:06.655445694
126,110.51,1,110.52,09:31:06.761552145
126,110.51,133,110.53,09:31:07.324074569
126,110.51,110,110.53,09:31:07.383856686
126,110.51,133,110.53,09:31:07.406352987
126,110.51,1,110.52,09:31:08.736638915
126,110.51,2,110.52,09:31:08.736827459
126,110.51,3,110.52,09:31:08.738229784
126,110.51,5,110.52,09:31:08.739763616
126,110.51,6,110.52,09:31:08.739976816
126,110.51,7,110.52,09:31:08.740580220
126,110.51,8,110.52,09:31:08.740823512
108,110.51,8,110.52,09:31:08.740922250
108,110.51,10,110.52,09:31:08.741332933
108,110.51,11,110.52,09:31:08.743469156
108,110.51,9,110.52,09:31:08.753719166
108,110.51,8,110.52,09:31:08.753909643
108,110.51,7,110.52,09:31:08.754049873
108,110.51,8,110.52,09:31:08.802728207
108,110.51,9,110.52,09:31:08.818606687
108,110.51,8,110.52,09:31:08.922868299
108,110.51,7,110.52,09:31:08.923082676
108,110.51,8,110.52,09:31:09.379547574
108,110.51,9,110.52,09:31:09.379842907
108,110.51,10,110.52,09:31:09.379990325
108,110.51,11,110.52,09:31:09.380069426
92,110.51,11,110.52,09:31:09.702125320
92,110.51,42,110.52,09:31:10.092788900
92,110.51,55,110.52,09:31:10.092966692
92,110.51,42,110.52,09:31:10.093370150
92,110.51,44,110.52,09:31:10.103969216
92,110.51,57,110.52,09:31:10.104317920
92,110.51,66,110.52,09:31:10.104871964
86,110.51,66,110.52,09:31:10.105593919
80,110.51,66,110.52,09:31:10.105729276
77,110.51,66,110.52,09:31:10.105729276
73,110.51,66,110.52,09:31:10.105729276
65,110.51,66,110.52,09:31:10.105729276
64,110.51,66,110.52,09:31:10.134769627
65,110.51,66,110.52,09:31:10.151064118
64,110.51,66,110.52,09:31:10.182313360
65,110.51,66,110.52,09:31:10.950851238
65,110.51,53,110.52,09:31:10.951089666
65,110.51,44,110.52,09:31:10.951362696
65,110.51,13,110.52,09:31:10.951546577
83,110.51,13,110.52,09:31:10.951563045
101,110.51,13,110.52,09:31:10.951563045
101,110.51,26,110.52,09:31:10.952011243
101,110.51,13,110.52,09:31:10.953647961
101,110.51,26,110.52,09:31:10.954721374
101,110.51,13,110.52,09:31:10.955634071
101,110.51,26,110.52,09:31:11.021986209
83,110.51,26,110.52,09:31:11.022243997
65,110.51,26,110.52,09:31:11.022596564
65,110.51,57,110.52,09:31:11.562730109
64,110.51,57,110.52,09:31:12.402350155
64,110.51,75,110.52,09:31:12.407412384
64,110.51,85,110.52,09:31:12.407412384
61,110.51,85,110.52,09:31:12.417437499
60,110.51,85,110.52,09:31:12.417451691
47,110.51,85,110.52,09:31:12.417778817
48,110.51,85,110.52,09:31:12.418011755
49,110.51,85,110.52,09:31:12.418029080
50,110.51,85,110.52,09:31:12.418826239
49,110.51,85,110.52,09:31:12.418842914
48,110.51,85,110.52,09:31:12.418922391
49,110.51,85,110.52,09:31:12.419394355
50,110.51,85,110.52,09:31:12.419464604
49,110.51,85,110.52,09:31:12.422611594
48,110.51,85,110.52,09:31:12.429315592
46,110.51,85,110.52,09:31:12.429315592
45,110.51,85,110.52,09:31:12.429392097
46,110.51,85,110.52,09:31:12.429651370
47,110.51,85,110.52,09:31:12.429651370
46,110.51,85,110.52,09:31:12.431752063
45,110.51,85,110.52,09:31:12.431752063
44,110.51,85,110.52,09:31:12.431858524
45,110.51,85,110.52,09:31:12.434398106
46,110.51,85,110.52,09:31:12.434632192
47,110.51,85,110.52,09:31:12.435011591
46,110.51,85,110.52,09:31:12.436416709
47,110.51,85,110.52,09:31:12.437486241
46,110.51,85,110.52,09:31:12.441494948
45,110.51,85,110.52,09:31:12.441494948
44,110.51,85,110.52,09:31:12.441651229
44,110.51,88,110.52,09:31:12.458271519
44,110.51,85,110.52,09:31:12.458867794
44,110.51,88,110.52,09:31:12.459915281
17,110.51,88,110.52,09:31:12.466149754
9,110.51,88,110.52,09:31:12.466149754
8,110.51,88,110.52,09:31:12.466993289
7,110.51,88,110.52,09:31:12.468749163
2,110.51,88,110.52,09:31:12.468837678
2,110.51,106,110.52,09:31:12.468983063
15,110.51,106,110.52,09:31:12.479273010
16,110.51,106,110.52,09:31:12.515922819
3,110.51,106,110.52,09:31:12.576111295
16,110.51,106,110.52,09:31:12.599311090
17,110.51,106,110.52,09:31:12.643322136
18,110.51,106,110.52,09:31:12.644001780
17,110.51,106,110.52,09:31:12.678850202
18,110.51,106,110.52,09:31:13.049423148
19,110.51,106,110.52,09:31:13.049582114
20,110.51,106,110.52,09:31:13.154215250
21,110.51,106,110.52,09:31:13.154348642
22,110.51,106,110.52,09:31:13.154764312
23,110.51,106,110.52,09:31:13.321348130
24,110.51,106,110.52,09:31:13.410043337
24,110.51,103,110.52,09:31:13.506862969
24,110.51,106,110.52,09:31:13.663199176
23,110.51,106,110.52,09:31:13.721623447
24,110.51,106,110.52,09:31:13.834907543
23,110.51,106,110.52,09:31:13.872254641
22,110.51,106,110.52,09:31:13.923027844
21,110.51,106,110.52,09:31:13.923107526
22,110.51,106,110.52,09:31:14.016476688
23,110.51,106,110.52,09:31:14.023483316
24,110.51,106,110.52,09:31:14.041255813
23,110.51,106,110.52,09:31:14.290956340
22,110.51,106,110.52,09:31:14.291064023
21,110.51,106,110.52,09:31:14.291202148
8,110.51,106,110.52,09:31:14.498506281
9,110.51,106,110.52,09:31:14.592771231
22,110.51,106,110.52,09:31:14.592771231
24,110.51,106,110.52,09:31:14.592915269
22,110.51,106,110.52,09:31:14.594218563
23,110.51,106,110.52,09:31:15.214397085
22,110.51,106,110.52,09:31:15.360944089
9,110.51,106,110.52,09:31:15.517842417
8,110.51,106,110.52,09:31:15.518010784
9,110.51,106,110.52,09:31:15.852502364
8,110.51,106,110.52,09:31:15.910293101
21,110.51,106,110.52,09:31:16.485987576
22,110.51,106,110.52,09:31:17.420218453
21,110.51,106,110.52,09:31:17.420477978
22,110.51,106,110.52,09:31:17.423214997
24,110.51,106,110.52,09:31:17.423214997
25,110.51,106,110.52,09:31:17.423356457
24,110.51,106,110.52,09:31:17.424021323
22,110.51,106,110.52,09:31:17.424021323
22,110.51,103,110.52,09:31:17.425045066
23,110.51,103,110.52,09:31:17.425190774
24,110.51,103,110.52,09:31:17.426457120
25,110.51,103,110.52,09:31:17.426666274
24,110.51,103,110.52,09:31:17.428122651
23,110.51,103,110.52,09:31:17.428299275
25,110.51,103,110.52,09:31:17.430431251
23,110.51,103,110.52,09:31:17.435148213
22,110.51,103,110.52,09:31:17.444001412
23,110.51,103,110.52,09:31:17.499374231
22,110.51,103,110.52,09:31:17.499889296
21,110.51,103,110.52,09:31:17.500079414
20,110.51,103,110.52,09:31:17.500079414
7,110.51,103,110.52,09:31:17.500079414
6,110.51,103,110.52,09:31:17.500097945
5,110.51,103,110.52,09:31:17.500097945
4,110.51,103,110.52,09:31:17.500097945
3,110.51,103,110.52,09:31:17.500220864
3,110.51,126,110.52,09:31:17.514985446
3,110.51,129,110.52,09:31:17.528408092
2,110.51,129,110.52,09:31:17.720349429
1,110.51,129,110.52,09:31:17.720514894
128,110.5,129,110.52,09:31:17.720799344
127,110.5,129,110.52,09:31:17.721187287
126,110.5,129,110.52,09:31:17.721187287
129,110.5,129,110.52,09:31:17.721280935
129,110.5,135,110.52,09:31:17.721280935
1,110.51,135,110.52,09:31:17.721280935
143,110.5,135,110.52,09:31:19.122426208
143,110.5,1,110.51,09:31:19.122426208
129,110.5,1,110.51,09:31:19.122495120
125,110.5,1,110.51,09:31:19.122495120
125,110.5,4,110.51,09:31:19.122662784
125,110.5,5,110.51,09:31:19.122662784
125,110.5,7,110.51,09:31:19.122841331
125,110.5,12,110.51,09:31:19.123023120
125,110.5,11,110.51,09:31:19.123172570
125,110.5,8,110.51,09:31:19.123172570
125,110.5,11,110.51,09:31:19.123637215
125,110.5,8,110.51,09:31:19.125984544
125,110.5,3,110.51,09:31:19.126184612
125,110.5,4,110.51,09:31:19.126263565
125,110.5,6,110.51,09:31:19.126371229
125,110.5,4,110.51,09:31:19.128783323
125,110.5,3,110.51,09:31:19.128942373
125,110.5,2,110.51,09:31:19.129144158
139,110.5,2,110.51,09:31:19.225409690
143,110.5,2,110.51,09:31:19.225481767
143,110.5,137,110.52,09:31:19.450821532
143,110.5,135,110.52,09:31:19.451539131
124,110.5,135,110.52,09:31:20.948569398
124,110.5,1,110.51,09:31:21.202189460
124,110.5,2,110.51,09:31:21.372507852
124,110.5,1,110.51,09:31:21.372865839
124,110.5,3,110.51,09:31:21.373406808
124,110.5,5,110.51,09:31:21.374844500
124,110.5,6,110.51,09:31:21.375528656
124,110.5,7,110.51,09:31:21.376695186
124,110.5,8,110.51,09:31:21.377001950
124,110.5,9,110.51,09:31:21.377041503
124,110.5,10,110.51,09:31:21.382371712
124,110.5,9,110.51,09:31:21.386107239
124,110.5,10,110.51,09:31:21.390277005
110,110.5,10,110.51,09:31:21.390932710
106,110.5,10,110.51,09:31:21.391040035
106,110.5,16,110.51,09:31:21.391058483
106,110.5,17,110.51,09:31:21.391324719
105,110.5,17,110.51,09:31:21.391324719
102,110.5,17,110.51,09:31:21.391823250
102,110.5,11,110.51,09:31:21.394584851
102,110.5,17,110.51,09:31:21.403326831
102,110.5,18,110.51,09:31:21.404997181
102,110.5,19,110.51,09:31:21.408230987
92,110.5,19,110.51,09:31:21.416235242
84,110.5,19,110.51,09:31:21.416235242
84,110.5,32,110.51,09:31:21.416454701
84,110.5,19,110.51,09:31:21.419831134
84,110.5,13,110.51,09:31:21.422820446
84,110.5,12,110.51,09:31:21.454165898
84,110.5,11,110.51,09:31:21.455117705
84,110.5,10,110.51,09:31:21.455218586
84,110.5,9,110.51,09:31:21.462541090
84,110.5,10,110.51,09:31:21.465984902
84,110.5,9,110.51,09:31:21.484895315
99,110.5,9,110.51,09:31:21.490870122
99,110.5,7,110.51,09:31:21.490981949
99,110.5,5,110.51,09:31:21.491755936
99,110.5,4,110.51,09:31:21.491846448
99,110.5,3,110.51,09:31:21.491862393
99,110.5,2,110.51,09:31:21.491862393
99,110.5,1,110.51,09:31:21.491948233
108,110.5,1,110.51,09:31:21.522199054
108,110.5,135,110.52,09:31:21.534875492
108,110.5,1,110.51,09:31:21.547286329
108,110.5,135,110.52,09:31:21.551451103
108,110.5,1,110.51,09:31:21.552760507
108,110.5,135,110.52,09:31:21.556720005
108,110.5,1,110.51,09:31:21.557988234
108,110.5,135,110.52,09:31:21.638545051
108,110.5,1,110.51,09:31:21.639299620
108,110.5,135,110.52,09:31:21.674354556
108,110.5,1,110.51,09:31:21.707620931
108,110.5,135,110.52,09:31:21.710277072
108,110.5,136,110.52,09:31:21.717492609
108,110.5,1,110.51,09:31:22.184446783
108,110.5,2,110.51,09:31:22.184710991
108,110.5,1,110.51,09:31:22.196633230
108,110.5,135,110.52,09:31:23.806624047
1,110.51,135,110.52,09:31:23.807042898
3,110.51,135,110.52,09:31:23.807042898
1,110.51,135,110.52,09:31:23.898079759
108,110.5,135,110.52,09:31:23.912743317
93,110.5,135,110.52,09:31:25.138435837
93,110.5,4,110.51,09:31:25.138542449
93,110.5,5,110.51,09:31:25.138926170
93,110.5,8,110.51,09:31:25.139277030
93,110.5,35,110.51,09:31:25.139277030
93,110.5,8,110.51,09:31:25.139881708
93,110.5,5,110.51,09:31:25.140371058
109,110.5,5,110.51,09:31:25.242841176
109,110.5,4,110.51,09:31:25.343444767
109,110.5,147,110.52,09:31:25.371804880
109,110.5,143,110.52,09:31:25.372466707
109,110.5,1,110.51,09:31:25.801286927
109,110.5,2,110.51,09:31:25.801358722
109,110.5,1,110.51,09:31:25.804613877
109,110.5,143,110.52,09:31:26.042234379
115,110.5,143,110.52,09:31:26.054405193
115,110.5,4,110.51,09:31:26.097134341
115,110.5,147,110.52,09:31:26.099227517
115,110.5,143,110.52,09:31:26.099908397
1,110.51,143,110.52,09:31:26.824181746
2,110.51,143,110.52,09:31:26.824368210
7,110.51,143,110.52,09:31:26.824699275
9,110.51,143,110.52,09:31:26.824699275
22,110.51,143,110.52,09:31:26.825115452
21,110.51,143,110.52,09:31:26.825182587
23,110.51,143,110.52,09:31:26.825254472
24,110.51,143,110.52,09:31:26.825269445
11,110.51,143,110.52,09:31:26.825944801
10,110.51,143,110.52,09:31:26.826603776
10,110.51,120,110.52,09:31:26.837892921
8,110.51,120,110.52,09:31:26.849896868
3,110.51,120,110.52,09:31:26.971859017
2,110.51,120,110.52,09:31:26.972317532
2,110.51,143,110.52,09:31:27.013409971
117,110.5,143,110.52,09:31:27.896827260
115,110.5,143,110.52,09:31:27.897475358
1,110.51,143,110.52,09:31:30.259723196
2,110.51,143,110.52,09:31:30.259783461
3,110.51,143,110.52,09:31:30.259990828
4,110.51,143,110.52,09:31:30.260637902
7,110.51,143,110.52,09:31:30.261826556
9,110.51,143,110.52,09:31:30.261826556
12,110.51,143,110.52,09:31:30.261964992
25,110.51,143,110.52,09:31:30.261964992
12,110.51,143,110.52,09:31:30.262607209
12,110.51,125,110.52,09:31:30.263000050
25,110.51,125,110.52,09:31:30.263000050
26,110.51,125,110.52,09:31:30.263307055
26,110.51,102,110.52,09:31:30.276089261
26,110.51,99,110.52,09:31:30.349738327
26,110.51,81,110.52,09:31:30.349977596
57,110.51,81,110.52,09:31:30.515258044
58,110.51,81,110.52,09:31:30.515554392
57,110.51,81,110.52,09:31:30.515721557
58,110.51,81,110.52,09:31:30.524448226
57,110.51,81,110.52,09:31:30.524874132
58,110.51,81,110.52,09:31:30.535384779
57,110.51,81,110.52,09:31:32.541694724
58,110.51,81,110.52,09:31:32.561475211
57,110.51,81,110.52,09:31:32.662859312
58,110.51,81,110.52,09:31:32.918879399
58,110.51,75,110.52,09:31:32.924802567
58,110.51,44,110.52,09:31:32.926542259
58,110.51,36,110.52,09:31:32.926622963
58,110.51,34,110.52,09:31:32.929478266
58,110.51,33,110.52,09:31:32.933725462
75,110.51,33,110.52,09:31:32.976849676
86,110.51,33,110.52,09:31:32.978479758
86,110.51,23,110.52,09:31:32.978499177
86,110.51,22,110.52,09:31:32.978615297
86,110.51,21,110.52,09:31:32.978644420
86,110.51,20,110.52,09:31:32.978644420
86,110.51,19,110.52,09:31:32.978644420
104,110.51,19,110.52,09:31:32.978644420
104,110.51,6,110.52,09:31:32.978644420
104,110.51,5,110.52,09:31:32.979041635
104,110.51,3,110.52,09:31:32.979041635
104,110.51,2,110.52,09:31:32.980033837
104,110.51,3,110.52,09:31:32.987742218
104,110.51,4,110.52,09:31:32.987845837
104,110.51,6,110.52,09:31:32.987915350
104,110.51,7,110.52,09:31:32.987991750
104,110.51,5,110.52,09:31:32.990134107
104,110.51,4,110.52,09:31:32.990367723
104,110.51,7,110.52,09:31:33.003102986
104,110.51,9,110.52,09:31:33.003185238
86,110.51,9,110.52,09:31:33.003425796
86,110.51,38,110.52,09:31:33.072685014
104,110.51,38,110.52,09:31:33.271684111
104,110.51,9,110.52,09:31:33.271758946
104,110.51,6,110.52,09:31:33.272232849
104,110.51,8,110.52,09:31:33.535254510
104,110.51,9,110.52,09:31:33.535399095
104,110.51,39,110.52,09:31:33.538437885
86,110.51,39,110.52,09:31:33.538561886
86,110.51,9,110.52,09:31:33.553800926
86,110.51,22,110.52,09:31:33.558406676
69,110.51,22,110.52,09:31:33.560074620
69,110.51,23,110.52,09:31:33.560232828
69,110.51,22,110.52,09:31:33.560503794
69,110.51,23,110.52,09:31:33.561396337
69,110.51,29,110.52,09:31:33.561503687
58,110.51,29,110.52,09:31:33.561833687
58,110.51,23,110.52,09:31:33.580380251
58,110.51,22,110.52,09:31:33.645660288
76,110.51,22,110.52,09:31:33.648364123
76,110.51,9,110.52,09:31:33.648565646
76,110.51,8,110.52,09:31:33.652659463
76,110.51,9,110.52,09:31:33.656172126
94,110.51,9,110.52,09:31:33.662113330
105,110.51,9,110.52,09:31:33.662291775
105,110.51,8,110.52,09:31:33.669690572
105,110.51,6,110.52,09:31:33.685754555
105,110.51,4,110.52,09:31:33.935708546
105,110.51,3,110.52,09:31:33.936225563
105,110.51,2,110.52,09:31:33.937139757
105,110.51,1,110.52,09:31:35.852482160
105,110.51,156,110.53,09:31:35.852560788
1,110.52,156,110.53,09:31:35.852560788
105,110.51,156,110.53,09:31:35.852849753
111,110.51,156,110.53,09:31:35.852943386
111,110.51,152,110.53,09:31:35.853501957
111,110.51,149,110.53,09:31:36.652109109
111,110.51,6,110.52,09:31:36.830202013
93,110.51,6,110.52,09:31:36.830293114
93,110.51,19,110.52,09:31:36.830769795
93,110.51,20,110.52,09:31:36.830896205
93,110.51,54,110.52,09:31:36.831180774
75,110.51,54,110.52,09:31:36.831338047
75,110.51,41,110.52,09:31:36.831338047
75,110.51,43,110.52,09:31:36.831486678
75,110.51,42,110.52,09:31:36.831486678
75,110.51,43,110.52,09:31:36.834225789
75,110.51,44,110.52,09:31:36.867790481
75,110.51,43,110.52,09:31:37.235853093
75,110.51,9,110.52,09:31:38.579313854
75,110.51,8,110.52,09:31:38.579337553
85,110.51,8,110.52,09:31:38.579847053
93,110.51,8,110.52,09:31:38.579847053
93,110.51,9,110.52,09:31:38.579847053
111,110.51,9,110.52,09:31:38.580345152
111,110.51,8,110.52,09:31:38.580892515
111,110.51,6,110.52,09:31:38.581359568
111,110.51,158,110.53,09:31:38.954840326
111,110.51,3,110.52,09:31:38.955198668
111,110.51,154,110.53,09:31:38.958345689
111,110.51,1,110.52,09:31:38.958776943
111,110.51,149,110.53,09:31:38.970454966
111,110.51,1,110.52,09:31:38.979707003
111,110.51,2,110.52,09:31:39.198376370
111,110.51,3,110.52,09:31:39.199191297
111,110.51,5,110.52,09:31:39.203948064
93,110.51,5,110.52,09:31:39.204205882
93,110.51,6,110.52,09:31:39.569794016
93,110.51,5,110.52,09:31:41.361139343
93,110.51,3,110.52,09:31:41.361367734
93,110.51,2,110.52,09:31:41.361562810
93,110.51,1,110.52,09:31:41.857596146
93,110.51,151,110.53,09:31:41.857937051
111,110.51,151,110.53,09:31:41.858352026
111,110.51,149,110.53,09:31:41.858463492
1,110.52,149,110.53,09:31:41.865875029
2,110.52,149,110.53,09:31:41.866359645
2,110.52,126,110.53,09:31:41.866942160
3,110.52,126,110.53,09:31:41.869697668
2,110.52,126,110.53,09:31:41.871709859
3,110.52,126,110.53,09:31:41.872030533
2,110.52,126,110.53,09:31:41.872998705
1,110.52,126,110.53,09:31:41.875203372
113,110.51,126,110.53,09:31:41.875471532
111,110.51,126,110.53,09:31:41.875871023
111,110.51,1,110.52,09:31:41.884277134
111,110.51,2,110.52,09:31:41.895538712
111,110.51,3,110.52,09:31:41.898764616
111,110.51,4,110.52,09:31:41.907288782
111,110.51,5,110.52,09:31:41.952203363
111,110.51,6,110.52,09:31:41.952646874
111,110.51,7,110.52,09:31:41.953181738
111,110.51,8,110.52,09:31:41.958972764
111,110.51,9,110.52,09:31:41.959401869
111,110.51,8,110.52,09:31:41.959734656
111,110.51,7,110.52,09:31:41.960301731
111,110.51,8,110.52,09:31:41.969371800
111,110.51,9,110.52,09:31:41.969548882
111,110.51,10,110.52,09:31:41.971433194
111,110.51,29,110.52,09:31:42.042001082
111,110.51,42,110.52,09:31:42.042262829
111,110.51,57,110.52,09:31:42.042262829
103,110.51,57,110.52,09:31:42.042795257
85,110.51,57,110.52,09:31:42.042795257
85,110.51,44,110.52,09:31:42.042795257
75,110.51,44,110.52,09:31:42.042795257
75,110.51,45,110.52,09:31:42.044266952
75,110.51,44,110.52,09:31:42.044675835
75,110.51,43,110.52,09:31:42.292171181
75,110.51,42,110.52,09:31:42.292196732
75,110.51,23,110.52,09:31:42.292282902
75,110.51,22,110.52,09:31:42.292300108
75,110.51,7,110.52,09:31:42.292300108
90,110.51,7,110.52,09:31:42.292781545
90,110.51,8,110.52,09:31:42.293769434
90,110.51,10,110.52,09:31:42.293869473
90,110.51,8,110.52,09:31:42.308937534
90,110.51,7,110.52,09:31:42.309217800
90,110.51,8,110.52,09:31:42.311968895
90,110.51,9,110.52,09:31:42.316274667
90,110.51,8,110.52,09:31:42.336382695
90,110.51,7,110.52,09:31:42.337340668
90,110.51,8,110.52,09:31:42.369743161
90,110.51,7,110.52,09:31:42.515630691
90,110.51,6,110.52,09:31:42.515630691
90,110.51,5,110.52,09:31:42.516113497
90,110.51,7,110.52,09:31:42.517056639
90,110.51,6,110.52,09:31:42.518820840
90,110.51,4,110.52,09:31:42.520030781
90,110.51,5,110.52,09:31:42.520932662
90,110.51,4,110.52,09:31:42.523372806
90,110.51,5,110.52,09:31:42.526819341
90,110.51,4,110.52,09:31:42.533109234
90,110.51,5,110.52,09:31:42.626943686
90,110.51,6,110.52,09:31:42.627131615
90,110.51,8,110.52,09:31:42.660919534
90,110.51,9,110.52,09:31:42.662703200
90,110.51,10,110.52,09:31:42.821524659
90,110.51,9,110.52,09:31:42.821663110
90,110.51,10,110.52,09:31:42.822048159
90,110.51,29,110.52,09:31:42.830207701
90,110.51,44,110.52,09:31:42.830278711
75,110.51,44,110.52,09:31:42.868879265
69,110.51,44,110.52,09:31:42.892440249
38,110.51,44,110.52,09:31:42.892683353
27,110.51,44,110.52,09:31:42.893040860
27,110.51,45,110.52,09:31:42.893040860
27,110.51,58,110.52,09:31:42.893040860
27,110.51,68,110.52,09:31:42.893577141
27,110.51,76,110.52,09:31:42.893669778
27,110.51,68,110.52,09:31:42.995750546
27,110.51,58,110.52,09:31:42.995812322
27,110.51,57,110.52,09:31:43.840976728
27,110.51,44,110.52,09:31:45.517792006
59,110.51,44,110.52,09:31:45.518112136
59,110.51,45,110.52,09:31:45.518876203
59,110.51,44,110.52,09:31:45.519056539
59,110.51,29,110.52,09:31:48.313609823
59,110.51,10,110.52,09:31:48.313686053
59,110.51,9,110.52,09:31:48.337481645
59,110.51,10,110.52,09:31:48.337762666
77,110.51,10,110.52,09:31:48.353463737
77,110.51,9,110.52,09:31:48.353464925
77,110.51,8,110.52,09:31:48.353509311
88,110.51,8,110.52,09:31:48.353509311
88,110.51,9,110.52,09:31:48.353956070
88,110.51,8,110.52,09:31:48.804916892
88,110.51,9,110.52,09:31:48.935717911
88,110.51,32,110.52,09:31:49.347554235
88,110.51,43,110.52,09:31:49.347685531
56,110.51,43,110.52,09:31:49.348628461
56,110.51,44,110.52,09:31:49.348628461
38,110.51,44,110.52,09:31:49.348718772
38,110.51,43,110.52,09:31:49.348938576
38,110.51,44,110.52,09:31:49.349310812
38,110.51,43,110.52,09:31:49.349582179
38,110.51,44,110.52,09:31:49.351873857
27,110.51,44,110.52,09:31:49.414755237
27,110.51,45,110.52,09:31:49.414843503
27,110.51,58,110.52,09:31:49.414862165
27,110.51,57,110.52,09:31:49.932062917
27,110.51,44,110.52,09:31:49.982777255
62,110.51,44,110.52,09:31:49.983069476
62,110.51,43,110.52,09:31:49.988884994
62,110.51,44,110.52,09:31:49.999809734
62,110.51,21,110.52,09:31:50.028707380
62,110.51,10,110.52,09:31:50.028768030
62,110.51,23,110.52,09:31:50.038605740
62,110.51,29,110.52,09:31:50.038809292
62,110.51,54,110.52,09:31:50.149817833
62,110.51,63,110.52,09:31:50.149983897
62,110.51,54,110.52,09:31:50.313097781
62,110.51,29,110.52,09:31:50.313177320
62,110.51,23,110.52,09:31:50.315920136
62,110.51,25,110.52,09:31:50.345917970
62,110.51,31,110.52,09:31:50.346142677
62,110.51,32,110.52,09:31:50.350340431
62,110.51,31,110.52,09:31:50.350477801
62,110.51,56,110.52,09:31:50.423859409
62,110.51,65,110.52,09:31:50.423985029
62,110.51,66,110.52,09:31:51.289921954
62,110.51,65,110.52,09:31:51.290058277
27,110.51,65,110.52,09:31:53.272232628
27,110.51,66,110.52,09:31:53.315004743
27,110.51,67,110.52,09:31:54.274299808
27,110.51,66,110.52,09:31:54.884822909
27,110.51,67,110.52,09:31:55.442381641
27,110.51,66,110.52,09:31:55.511213138
27,110.51,67,110.52,09:31:55.826557152
27,110.51,66,110.52,09:31:56.585761476
52,110.51,66,110.52,09:31:56.968803669
62,110.51,66,110.52,09:31:56.968817633
80,110.51,66,110.52,09:31:57.357714662
80,110.51,53,110.52,09:31:57.357714662
62,110.51,53,110.52,09:31:57.399828845
80,110.51,53,110.52,09:31:57.407550665
62,110.51,53,110.52,09:31:57.418743560
80,110.51,53,110.52,09:31:57.473754782
62,110.51,53,110.52,09:31:57.492536193
80,110.51,53,110.52,09:31:57.532543852
62,110.51,53,110.52,09:31:57.555360654
62,110.51,44,110.52,09:31:57.596308367
62,110.51,19,110.52,09:31:57.596308367
74,110.51,19,110.52,09:31:57.596429372
80,110.51,19,110.52,09:31:57.596644537
80,110.51,18,110.52,09:31:57.596644537
80,110.51,31,110.52,09:31:57.596838596
80,110.51,25,110.52,09:31:57.596838596
87,110.51,25,110.52,09:31:57.597125796
91,110.51,25,110.52,09:31:57.597125796
85,110.51,25,110.52,09:31:57.607229989
73,110.51,25,110.52,09:31:57.607247778
74,110.51,25,110.52,09:31:57.614303519
74,110.51,31,110.52,09:31:57.620614897
73,110.51,31,110.52,09:31:57.633145603
74,110.51,31,110.52,09:31:57.652508005
73,110.51,31,110.52,09:31:57.664434763
73,110.51,60,110.52,09:31:57.696783684
66,110.51,60,110.52,09:31:57.696963536
62,110.51,60,110.52,09:31:57.697028861
37,110.51,60,110.52,09:31:58.727325939
27,110.51,60,110.52,09:31:58.727325939
27,110.51,61,110.52,09:31:58.727622320
27,110.51,62,110.52,09:31:58.727683741
27,110.51,61,110.52,09:31:58.802424683
27,110.51,60,110.52,09:31:58.802511873
27,110.51,61,110.52,09:31:58.802678478
45,110.51,61,110.52,09:31:58.803024775
45,110.51,60,110.52,09:31:58.803327053
45,110.51,61,110.52,09:31:58.813137208
45,110.51,32,110.52,09:31:58.824256252
45,110.51,31,110.52,09:31:58.824256252
45,110.51,32,110.52,09:31:58.824490066
68,110.51,32,110.52,09:31:58.829047211
80,110.51,32,110.52,09:31:58.829187141
80,110.51,31,110.52,09:31:58.829327931
80,110.51,32,110.52,09:31:58.833983709
80,110.51,31,110.52,09:31:58.835094735
80,110.51,25,110.52,09:31:58.946405321
80,110.51,55,110.52,09:31:59.008597706
57,110.51,55,110.52,09:31:59.487231646
45,110.51,55,110.52,09:31:59.487231646
45,110.51,56,110.52,09:31:59.487525732
45,110.51,57,110.52,09:31:59.487958132
27,110.51,57,110.52,09:31:59.487975933
27,110.51,56,110.52,09:31:59.508969887
45,110.51,56,110.52,09:31:59.509259822
45,110.51,55,110.52,09:31:59.519796470
45,110.51,25,110.52,09:31:59.530418928
45,110.51,26,110.52,09:31:59.530685372
45,110.51,27,110.52,09:31:59.531002616
45,110.51,26,110.52,09:31:59.541434403
45,110.51,27,110.52,09:31:59.541988489
45,110.51,26,110.52,09:31:59.552669360
45,110.51,27,110.52,09:31:59.554223650
45,110.51,26,110.52,09:31:59.573976020
69,110.51,26,110.52,09:31:59.595769279
80,110.51,26,110.52,09:31:59.595784619
80,110.51,25,110.52,09:31:59.596046267
80,110.51,31,110.52,09:31:59.606462591
80,110.51,32,110.52,09:31:59.617815826
80,110.51,31,110.52,09:31:59.628275001
80,110.51,25,110.52,09:31:59.628711250
80,110.51,26,110.52,09:31:59.628711250
80,110.51,25,110.52,09:31:59.629133763
80,110.51,31,110.52,09:31:59.629853420
80,110.51,62,110.52,09:31:59.630453387
80,110.51,63,110.52,09:31:59.674338956
80,110.51,64,110.52,09:31:59.674359193
56,110.51,64,110.52,09:31:59.674703560
45,110.51,64,110.52,09:31:59.674703560
45,110.51,63,110.52,09:31:59.674813558
27,110.51,63,110.52,09:31:59.675142172
51,110.51,63,110.52,09:31:59.806609087
62,110.51,63,110.52,09:31:59.806678617
62,110.51,62,110.52,09:31:59.806901649
62,110.51,63,110.52,09:32:00.014777236
38,110.51,63,110.52,09:32:00.025309810
27,110.51,63,110.52,09:32:00.025385554
27,110.51,64,110.52,09:32:00.025718043
27,110.51,80,110.52,09:32:00.085636281
26,110.51,80,110.52,09:32:00.092678317
27,110.51,80,110.52,09:32:00.092999168
26,110.51,80,110.52,09:32:00.093397337
27,110.51,80,110.52,09:32:00.095101572
26,110.51,80,110.52,09:32:00.096234595
27,110.51,80,110.52,09:32:00.099280509
51,110.51,80,110.52,09:32:00.201212158
51,110.51,64,110.52,09:32:00.201265195
62,110.51,64,110.52,09:32:00.201333780
62,110.51,63,110.52,09:32:00.215516059
62,110.51,64,110.52,09:32:00.227236069
62,110.51,63,110.52,09:32:00.359202568
62,110.51,64,110.52,09:32:00.368918656
62,110.51,63,110.52,09:32:00.612597156
62,110.51,64,110.52,09:32:00.691955694
62,110.51,63,110.52,09:32:01.583560733
62,110.51,64,110.52,09:32:01.658314584
51,110.51,64,110.52,09:32:01.658885284
27,110.51,64,110.52,09:32:01.658885284
27,110.51,63,110.52,09:32:02.474976630
53,110.51,63,110.52,09:32:03.013971538
53,110.51,62,110.52,09:32:03.014353918
62,110.51,62,110.52,09:32:03.014353918
62,110.51,63,110.52,09:32:03.014540405
62,110.51,32,110.52,09:32:03.014627688
62,110.51,66,110.52,09:32:03.115879987
36,110.51,66,110.52,09:32:03.677536838
27,110.51,66,110.52,09:32:03.677612336
27,110.51,67,110.52,09:32:03.677710397
27,110.51,66,110.52,09:32:03.720901607
55,110.51,66,110.52,09:32:04.878299337
62,110.51,66,110.52,09:32:04.878450802
80,110.51,66,110.52,09:32:04.878732815
80,110.51,67,110.52,09:32:04.891945908
80,110.51,66,110.52,09:32:04.916139973
80,110.51,32,110.52,09:32:04.916363890
80,110.51,33,110.52,09:32:04.916508389
80,110.51,32,110.52,09:32:04.926968217
80,110.51,31,110.52,09:32:04.940275192
80,110.51,32,110.52,09:32:04.948272052
80,110.51,31,110.52,09:32:04.969607475
80,110.51,25,110.52,09:32:04.981066325
94,110.51,25,110.52,09:32:04.981174377
98,110.51,25,110.52,09:32:04.981282191
98,110.51,26,110.52,09:32:04.981491589
84,110.51,26,110.52,09:32:04.981990818
80,110.51,26,110.52,09:32:04.981990818
80,110.51,32,110.52,09:32:04.982290939
62,110.51,32,110.52,09:32:04.982659636
62,110.51,26,110.52,09:32:04.989461365
80,110.51,26,110.52,09:32:04.993041947
80,110.51,25,110.52,09:32:05.003592899
80,110.51,26,110.52,09:32:05.014756384
80,110.51,60,110.52,09:32:05.016600331
80,110.51,26,110.52,09:32:05.060751273
62,110.51,26,110.52,09:32:05.060865391
71,110.51,26,110.52,09:32:05.071964709
62,110.51,26,110.52,09:32:05.073044943
62,110.51,25,110.52,09:32:05.104805214
62,110.51,26,110.52,09:32:05.105118470
62,110.51,60,110.52,09:32:05.187857512
62,110.51,59,110.52,09:32:05.709056204
62,110.51,60,110.52,09:32:06.352447830
55,110.51,60,110.52,09:32:06.353069798
27,110.51,60,110.52,09:32:06.353069798
27,110.51,61,110.52,09:32:06.353306229
27,110.51,60,110.52,09:32:06.353674978
27,110.51,59,110.52,09:32:06.355439895
27,110.51,60,110.52,09:32:06.355609367
27,110.51,59,110.52,09:32:06.537142964
27,110.51,60,110.52,09:32:06.538350299
55,110.51,60,110.52,09:32:06.538560652
62,110.51,60,110.52,09:32:06.538646195
62,110.51,59,110.52,09:32:06.538646195
62,110.51,60,110.52,09:32:07.099997920
62,110.51,61,110.52,09:32:07.779055990
62,110.51,60,110.52,09:32:08.029735133
62,110.51,61,110.52,09:32:08.293937462
62,110.51,60,110.52,09:32:08.294062069
62,110.51,59,110.52,09:32:10.513046591
61,110.51,59,110.52,09:32:11.415030621
60,110.51,59,110.52,09:32:11.415030621
59,110.51,59,110.52,09:32:11.415324173
58,110.51,59,110.52,09:32:11.415339485
55,110.51,59,110.52,09:32:11.415339485
53,110.51,59,110.52,09:32:11.415339485
50,110.51,59,110.52,09:32:11.415352957
37,110.51,59,110.52,09:32:11.415352957
36,110.51,59,110.52,09:32:11.415374416
35,110.51,59,110.52,09:32:11.415374416
7,110.51,59,110.52,09:32:11.415374416
123,110.5,59,110.52,09:32:11.415374416
123,110.5,60,110.52,09:32:11.415458138
123,110.5,61,110.52,09:32:11.415471472
1,110.51,61,110.52,09:32:11.415753738
1,110.51,67,110.52,09:32:11.415883526
1,110.51,68,110.52,09:32:11.415906835
1,110.51,80,110.52,09:32:11.416247088
7,110.51,80,110.52,09:32:11.416247088
14,110.51,80,110.52,09:32:11.416362982
14,110.51,87,110.52,09:32:11.416383123
14,110.51,93,110.52,09:32:11.416383123
14,110.51,111,110.52,09:32:11.416383123
14,110.51,114,110.52,09:32:11.416476921
37,110.51,114,110.52,09:32:11.417522562
37,110.51,96,110.52,09:32:11.417997362
37,110.51,84,110.52,09:32:11.418158842
37,110.51,78,110.52,09:32:11.418247501
38,110.51,78,110.52,09:32:12.014420126
39,110.51,78,110.52,09:32:12.174921831
40,110.51,78,110.52,09:32:12.182574374
41,110.51,78,110.52,09:32:12.182734534
40,110.51,78,110.52,09:32:12.385993684
41,110.51,78,110.52,09:32:12.395799871
40,110.51,78,110.52,09:32:12.805243094
39,110.51,78,110.52,09:32:12.808759187
40,110.51,78,110.52,09:32:12.829856926
41,110.51,78,110.52,09:32:12.829919223
59,110.51,78,110.52,09:32:15.011009411
59,110.51,71,110.52,09:32:15.011309366
59,110.51,68,110.52,09:32:15.011412991
60,110.51,68,110.52,09:32:15.011746933
61,110.51,68,110.52,09:32:15.011746933
96,110.51,68,110.52,09:32:15.011856402
95,110.51,68,110.52,09:32:16.483772768
96,110.51,68,110.52,09:32:17.069131278
95,110.51,68,110.52,09:32:17.095513928
96,110.51,68,110.52,09:32:17.169300096
95,110.51,68,110.52,09:32:17.321566892
95,110.51,34,110.52,09:32:17.513214309
95,110.51,33,110.52,09:32:17.513403881
96,110.51,33,110.52,09:32:17.513444175
96,110.51,27,110.52,09:32:17.514011733
96,110.51,28,110.52,09:32:17.514587460
96,110.51,27,110.52,09:32:17.661457467
96,110.51,28,110.52,09:32:17.687559371
95,110.51,28,110.52,09:32:17.789477736
96,110.51,28,110.52,09:32:17.791681644
96,110.51,54,110.52,09:32:17.794054384
96,110.51,60,110.52,09:32:17.794072151
96,110.51,68,110.52,09:32:17.794072151
95,110.51,68,110.52,09:32:17.794462803
96,110.51,68,110.52,09:32:18.465782044
95,110.51,68,110.52,09:32:18.473487990
94,110.51,68,110.52,09:32:19.572989239
93,110.51,68,110.52,09:32:19.573065339
58,110.51,68,110.52,09:32:19.576838158
35,110.51,68,110.52,09:32:19.577505534
36,110.51,68,110.52,09:32:19.679882686
37,110.51,68,110.52,09:32:19.680051204
38,110.51,68,110.52,09:32:19.680204871
37,110.51,68,110.52,09:32:19.818339538
58,110.51,68,110.52,09:32:20.343270451
72,110.51,68,110.52,09:32:20.343381315
73,110.51,68,110.52,09:32:20.343436585
72,110.51,68,110.52,09:32:20.343618173
73,110.51,68,110.52,09:32:22.015053280
72,110.51,68,110.52,09:32:22.735651404
73,110.51,68,110.52,09:32:23.078100401
72,110.51,68,110.52,09:32:23.543146722
73,110.51,68,110.52,09:32:23.566388747
59,110.51,68,110.52,09:32:23.697672933
38,110.51,68,110.52,09:32:23.697672933
37,110.51,68,110.52,09:32:23.697687782
36,110.51,68,110.52,09:32:23.697687782
35,110.51,68,110.52,09:32:23.697888239
36,110.51,68,110.52,09:32:23.698175652
36,110.51,84,110.52,09:32:23.698231339
38,110.51,84,110.52,09:32:23.698436468
37,110.51,84,110.52,09:32:23.698590430
35,110.51,84,110.52,09:32:23.699033140
36,110.51,84,110.52,09:32:23.729549022
37,110.51,84,110.52,09:32:23.729704407
36,110.51,84,110.52,09:32:23.747680878
35,110.51,84,110.52,09:32:23.747815393
36,110.51,84,110.52,09:32:23.839050142
37,110.51,84,110.52,09:32:23.839662881
37,110.51,68,110.52,09:32:23.839874612
38,110.51,68,110.52,09:32:23.845407650
37,110.51,68,110.52,09:32:23.846689259
36,110.51,68,110.52,09:32:24.128804211
35,110.51,68,110.52,09:32:24.519776676
36,110.51,68,110.52,09:32:24.667243709
37,110.51,68,110.52,09:32:24.673215982
36,110.51,68,110.52,09:32:25.192329338
35,110.51,68,110.52,09:32:25.193043372
36,110.51,68,110.52,09:32:25.309880559
35,110.51,68,110.52,09:32:25.424068065
34,110.51,68,110.52,09:32:26.010554499
28,110.51,68,110.52,09:32:26.010656329
21,110.51,68,110.52,09:32:26.010681974
20,110.51,68,110.52,09:32:26.010681974
19,110.51,68,110.52,09:32:26.010681974
1,110.51,68,110.52,09:32:26.010681974
149,110.5,68,110.52,09:32:26.010681974
149,110.5,85,110.52,09:32:26.011143749
149,110.5,1,110.51,09:32:26.011143749
149,110.5,2,110.51,09:32:26.011143749
149,110.5,3,110.51,09:32:26.011360376
141,110.5,3,110.51,09:32:26.011461599
121,110.5,3,110.51,09:32:26.012460430
121,110.5,2,110.51,09:32:26.015065996
121,110.5,1,110.51,09:32:26.015144111
121,110.5,115,110.52,09:32:26.015144111
121,110.5,113,110.52,09:32:26.015679210
119,110.5,113,110.52,09:32:26.015838894
122,110.5,113,110.52,09:32:26.022264588
125,110.5,113,110.52,09:32:26.022264588
126,110.5,113,110.52,09:32:26.033139433
127,110.5,113,110.52,09:32:26.033196445
127,110.5,5,110.51,09:32:29.400343884
127,110.5,18,110.51,09:32:29.400376549
127,110.5,5,110.51,09:32:29.401657150
127,110.5,18,110.51,09:32:29.402191207
127,110.5,19,110.51,09:32:29.402267107
127,110.5,20,110.51,09:32:29.405933431
127,110.5,22,110.51,09:32:29.408936862
127,110.5,20,110.51,09:32:29.409837101
127,110.5,21,110.51,09:32:29.411664523
127,110.5,22,110.51,09:32:29.411910539
127,110.5,23,110.51,09:32:29.412001224
127,110.5,24,110.51,09:32:29.413239982
127,110.5,23,110.51,09:32:29.413610215
127,110.5,24,110.51,09:32:29.465103609
127,110.5,26,110.51,09:32:29.994124477
127,110.5,54,110.51,09:32:30.325846241
127,110.5,61,110.51,09:32:30.325909128
127,110.5,33,110.51,09:32:30.335973788
127,110.5,26,110.51,09:32:30.336064102
127,110.5,25,110.51,09:32:30.445833139
127,110.5,26,110.51,09:32:30.483060721
127,110.5,25,110.51,09:32:30.526713329
127,110.5,26,110.51,09:32:30.527371736
127,110.5,25,110.51,09:32:30.608783950
127,110.5,24,110.51,09:32:30.608927079
127,110.5,23,110.51,09:32:30.657564805
127,110.5,24,110.51,09:32:30.675207808
127,110.5,25,110.51,09:32:30.675405776
127,110.5,27,110.51,09:32:30.675528515
127,110.5,25,110.51,09:32:30.787844943
127,110.5,24,110.51,09:32:30.787922767
127,110.5,23,110.51,09:32:30.788019762
127,110.5,22,110.51,09:32:30.788140134
127,110.5,21,110.51,09:32:30.788222194
127,110.5,8,110.51,09:32:30.788774287
127,110.5,9,110.51,09:32:30.790995805
127,110.5,8,110.51,09:32:30.791627100
127,110.5,3,110.51,09:32:30.791956089
126,110.5,3,110.51,09:32:30.802266515
125,110.5,3,110.51,09:32:30.802337252
124,110.5,3,110.51,09:32:30.802410838
123,110.5,3,110.51,09:32:30.802491170
123,110.5,4,110.51,09:32:30.810215315
123,110.5,6,110.51,09:32:30.811090169
123,110.5,19,110.51,09:32:30.811090169
123,110.5,17,110.51,09:32:30.871830864
123,110.5,15,110.51,09:32:30.871830864
123,110.5,14,110.51,09:32:30.871908653
123,110.5,1,110.51,09:32:30.871925456
123,110.5,136,110.52,09:32:30.872126246
123,110.5,119,110.52,09:32:30.872243334
123,110.5,1,110.51,09:32:30.883056013
123,110.5,14,110.51,09:32:31.183385408
123,110.5,19,110.51,09:32:31.183783261
122,110.5,19,110.51,09:32:31.184281462
122,110.5,20,110.51,09:32:31.184516223
122,110.5,21,110.51,09:32:31.184810627
122,110.5,22,110.51,09:32:31.185157903
122,110.5,26,110.51,09:32:31.198126248
122,110.5,27,110.51,09:32:31.337384977
122,110.5,28,110.51,09:32:31.338265623
122,110.5,29,110.51,09:32:31.338399888
109,110.5,29,110.51,09:32:31.344720018
109,110.5,31,110.51,09:32:31.496723577
109,110.5,61,110.51,09:32:31.521457041
107,110.5,61,110.51,09:32:31.532715729
105,110.5,61,110.51,09:32:31.532783671
105,110.5,31,110.51,09:32:31.975033563
89,110.5,31,110.51,09:32:32.333891771
80,110.5,31,110.51,09:32:32.602502461
71,110.5,31,110.51,09:32:32.602502461
71,110.5,61,110.51,09:32:32.736643366
68,110.5,61,110.51,09:32:32.952576971
62,110.5,61,110.51,09:32:32.952576971
61,110.5,61,110.51,09:32:32.952685458
60,110.5,61,110.51,09:32:32.952685458
60,110.5,71,110.51,09:32:32.953190573
42,110.5,71,110.51,09:32:32.953301799
43,110.5,71,110.51,09:32:32.953758977
37,110.5,71,110.51,09:32:32.953758977
38,110.5,71,110.51,09:32:32.953986189
38,110.5,87,110.51,09:32:32.953986189
13,110.5,87,110.51,09:32:32.954162132
3,110.5,87,110.51,09:32:32.954162132
7,110.5,87,110.51,09:32:32.954180093
8,110.5,87,110.51,09:32:32.954268084
8,110.5,83,110.51,09:32:32.954457289
7,110.5,83,110.51,09:32:32.954476541
6,110.5,83,110.51,09:32:32.954476541
5,110.5,83,110.51,09:32:32.954476541
4,110.5,83,110.51,09:32:32.954476541
17,110.5,83,110.51,09:32:32.954590160
16,110.5,83,110.51,09:32:32.954962925
17,110.5,83,110.51,09:32:32.954962925
17,110.5,67,110.51,09:32:33.100232650
18,110.5,67,110.51,09:32:33.100319091
36,110.5,67,110.51,09:32:33.100319091
36,110.5,57,110.51,09:32:33.100413094
36,110.5,27,110.51,09:32:33.100849811
61,110.5,27,110.51,09:32:33.100871103
71,110.5,27,110.51,09:32:33.100871103
71,110.5,33,110.51,09:32:33.101084435
72,110.5,33,110.51,09:32:33.698303750
74,110.5,33,110.51,09:32:33.922911565
74,110.5,27,110.51,09:32:33.922911565
75,110.5,27,110.51,09:32:33.923100850
93,110.5,27,110.51,09:32:33.923223980
75,110.5,27,110.51,09:32:34.019534769
93,110.5,27,110.51,09:32:34.119451951
93,110.5,26,110.51,09:32:34.132327634
93,110.5,25,110.51,09:32:34.132857319
93,110.5,24,110.51,09:32:34.133144785
112,110.5,24,110.51,09:32:34.136207566
112,110.5,25,110.51,09:32:34.144841322
112,110.5,26,110.51,09:32:34.145035364
112,110.5,27,110.51,09:32:34.145186752
112,110.5,26,110.51,09:32:34.169054663
112,110.5,25,110.51,09:32:34.171583844
112,110.5,24,110.51,09:32:34.172425207
112,110.5,23,110.51,09:32:34.172577991
112,110.5,22,110.51,09:32:34.179299720
112,110.5,20,110.51,09:32:34.183214715
112,110.5,7,110.51,09:32:34.183214715
114,110.5,7,110.51,09:32:34.184253421
114,110.5,6,110.51,09:32:34.271023570
114,110.5,5,110.51,09:32:34.358702288
114,110.5,3,110.51,09:32:34.358773129
117,110.5,3,110.51,09:32:34.358955562
127,110.5,3,110.51,09:32:34.358955562
127,110.5,109,110.52,09:32:34.358955562
133,110.5,109,110.52,09:32:34.359216464
133,110.5,105,110.52,09:32:34.359295529
133,110.5,103,110.52,09:32:34.359841560
133,110.5,13,110.51,09:32:34.397340973
133,110.5,14,110.51,09:32:34.397773375
131,110.5,14,110.51,09:32:34.398863115
112,110.5,14,110.51,09:32:34.514830755
131,110.5,14,110.51,09:32:35.016922775
112,110.5,14,110.51,09:32:35.265150450
109,110.5,14,110.51,09:32:35.762762908
96,110.5,14,110.51,09:32:35.762762908
95,110.5,14,110.51,09:32:35.762762908
94,110.5,14,110.51,09:32:35.762762908
76,110.5,14,110.51,09:32:35.762762908
62,110.5,14,110.51,09:32:35.762762908
62,110.5,46,110.51,09:32:35.763162203
60,110.5,46,110.51,09:32:35.763389086
60,110.5,52,110.51,09:32:35.763414148
60,110.5,53,110.51,09:32:35.763414148
60,110.5,56,110.51,09:32:35.763414148
60,110.5,57,110.51,09:32:35.763414148
60,110.5,63,110.51,09:32:35.763414148
61,110.5,63,110.51,09:32:35.763414148
61,110.5,65,110.51,09:32:35.763414148
62,110.5,65,110.51,09:32:35.763528126
61,110.5,65,110.51,09:32:35.763528126
70,110.5,65,110.51,09:32:35.763564343
70,110.5,66,110.51,09:32:35.763564343
70,110.5,60,110.51,09:32:35.763868167
69,110.5,60,110.51,09:32:35.763868167
69,110.5,59,110.51,09:32:35.763868167
59,110.5,59,110.51,09:32:35.764001690
53,110.5,59,110.51,09:32:35.764001690
55,110.5,59,110.51,09:32:35.764222496
56,110.5,59,110.51,09:32:35.764317226
69,110.5,59,110.51,09:32:35.764317226
70,110.5,59,110.51,09:32:35.764317226
52,110.5,59,110.51,09:32:35.764317226
43,110.5,59,110.51,09:32:35.764330993
57,110.5,59,110.51,09:32:35.925821185
71,110.5,59,110.51,09:32:35.925998944
89,110.5,59,110.51,09:32:35.926185207
90,110.5,59,110.51,09:32:35.926185207
94,110.5,59,110.51,09:32:35.926185207
95,110.5,59,110.51,09:32:35.926543574
95,110.5,58,110.51,09:32:35.926647769
95,110.5,59,110.51,09:32:36.208031990
94,110.5,59,110.51,09:32:36.250166547
81,110.5,59,110.51,09:32:36.250192524
63,110.5,59,110.51,09:32:36.250192524
62,110.5,59,110.51,09:32:36.250192524
61,110.5,59,110.51,09:32:36.250209785
47,110.5,59,110.51,09:32:36.250356492
43,110.5,59,110.51,09:32:36.250356492
42,110.5,59,110.51,09:32:36.250373609
31,110.5,59,110.51,09:32:36.250690674
21,110.5,59,110.51,09:32:36.250705467
7,110.5,59,110.51,09:32:36.250705467
8,110.5,59,110.51,09:32:36.251086437
21,110.5,59,110.51,09:32:36.251168828
22,110.5,59,110.51,09:32:36.251168828
23,110.5,59,110.51,09:32:36.251473624
22,110.5,59,110.51,09:32:36.251882513
21,110.5,59,110.51,09:32:36.320069525
18,110.5,59,110.51,09:32:36.320181608
17,110.5,59,110.51,09:32:36.320217087
15,110.5,59,110.51,09:32:36.320217087
14,110.5,59,110.51,09:32:36.320217087
1,110.5,59,110.51,09:32:36.320217087
124,110.49,59,110.51,09:32:36.320217087
124,110.49,28,110.5,09:32:36.320217087
140,110.49,28,110.5,09:32:36.320613489
140,110.49,26,110.5,09:32:36.320786881
140,110.49,18,110.5,09:32:36.320786881
140,110.49,6,110.5,09:32:36.321108187
141,110.49,6,110.5,09:32:36.321108187
144,110.49,6,110.5,09:32:36.321235057
145,110.49,6,110.5,09:32:36.321266628
145,110.49,3,110.5,09:32:36.321266628
145,110.49,121,110.51,09:32:36.321430702
137,110.49,121,110.51,09:32:36.321449470
3,110.5,121,110.51,09:32:36.321529556
10,110.5,121,110.51,09:32:36.321556506
11,110.5,121,110.51,09:32:36.321629681
11,110.5,127,110.51,09:32:36.321849175
11,110.5,111,110.51,09:32:36.322080151
8,110.5,111,110.51,09:32:36.322080151
7,110.5,111,110.51,09:32:36.322080151
7,110.5,85,110.51,09:32:36.322260342
7,110.5,83,110.51,09:32:36.323463583
8,110.5,83,110.51,09:32:36.367561854
1,110.5,83,110.51,09:32:36.682623846
135,110.49,83,110.51,09:32:36.682623846
135,110.49,42,110.5,09:32:36.682623846
129,110.49,42,110.5,09:32:36.683450952
121,110.49,42,110.5,09:32:36.684071362
120,110.49,42,110.5,09:32:37.126549738
119,110.49,42,110.5,09:32:37.126574403
118,110.49,42,110.5,09:32:37.126574403
117,110.49,42,110.5,09:32:37.126574403
112,110.49,42,110.5,09:32:37.126574403
110,110.49,42,110.5,09:32:37.126574403
108,110.49,42,110.5,09:32:37.126574403
107,110.49,42,110.5,09:32:37.126595952
106,110.49,42,110.5,09:32:37.126595952
102,110.49,42,110.5,09:32:37.126595952
100,110.49,42,110.5,09:32:37.126595952
82,110.49,42,110.5,09:32:37.126595952
76,110.49,42,110.5,09:32:37.126595952
72,110.49,42,110.5,09:32:37.126595952
71,110.49,42,110.5,09:32:37.126595952
58,110.49,42,110.5,09:32:37.126862630
58,110.49,55,110.5,09:32:37.127130527
59,110.49,55,110.5,09:32:37.127270909
59,110.49,58,110.5,09:32:37.127270909
56,110.49,58,110.5,09:32:37.127270909
56,110.49,60,110.5,09:32:37.127270909
56,110.49,61,110.5,09:32:37.127270909
56,110.49,67,110.5,09:32:37.127373008
56,110.49,68,110.5,09:32:37.127389852
56,110.49,69,110.5,09:32:37.127389852
69,110.49,69,110.5,09:32:37.127529923
68,110.49,69,110.5,09:32:37.127529923
52,110.49,69,110.5,09:32:37.127951718
53,110.49,69,110.5,09:32:37.128372741
63,110.49,69,110.5,09:32:37.128828962
65,110.49,69,110.5,09:32:37.130994499
84,110.49,69,110.5,09:32:37.136835688
92,110.49,69,110.5,09:32:37.137932928
92,110.49,68,110.5,09:32:37.168592371
92,110.49,69,110.5,09:32:37.171433463
109,110.49,69,110.5,09:32:37.265826170
110,110.49,69,110.5,09:32:37.499165702
110,110.49,56,110.5,09:32:37.499266550
111,110.49,56,110.5,09:32:37.499399699
111,110.49,55,110.5,09:32:37.499577778
107,110.49,55,110.5,09:32:37.538703198
106,110.49,55,110.5,09:32:37.538849066
98,110.49,55,110.5,09:32:37.538878679
95,110.49,55,110.5,09:32:37.538878679
87,110.49,55,110.5,09:32:37.538878679
81,110.49,55,110.5,09:32:37.538878679
80,110.49,55,110.5,09:32:37.538878679
79,110.49,55,110.5,09:32:37.538878679
76,110.49,55,110.5,09:32:37.538878679
73,110.49,55,110.5,09:32:37.538878679
72,110.49,55,110.5,09:32:37.538878679
61,110.49,55,110.5,09:32:37.538878679
60,110.49,55,110.5,09:32:37.539014602
60,110.49,56,110.5,09:32:37.539014602
59,110.49,56,110.5,09:32:37.539014602
58,110.49,56,110.5,09:32:37.539027757
50,110.49,56,110.5,09:32:37.539105274
50,110.49,62,110.5,09:32:37.539119898
50,110.49,75,110.5,09:32:37.539209596
51,110.49,75,110.5,09:32:37.539230720
32,110.49,75,110.5,09:32:37.539230720
15,110.49,75,110.5,09:32:37.539553302
5,110.49,75,110.5,09:32:37.539572362
11,110.49,75,110.5,09:32:37.539764160
18,110.49,75,110.5,09:32:37.539922531
36,110.49,75,110.5,09:32:37.540238681
37,110.49,75,110.5,09:32:37.548568472
69,110.49,75,110.5,09:32:37.548825912
79,110.49,75,110.5,09:32:37.549065906
97,110.49,75,110.5,09:32:37.549065906
100,110.49,75,110.5,09:32:37.550241302
103,110.49,75,110.5,09:32:37.550241302
102,110.49,75,110.5,09:32:37.561227328
101,110.49,75,110.5,09:32:37.561227328
118,110.49,75,110.5,09:32:37.668656715
118,110.49,69,110.5,09:32:38.174223196
119,110.49,69,110.5,09:32:38.241518728
118,110.49,69,110.5,09:32:38.713081528
119,110.49,69,110.5,09:32:38.916658622
120,110.49,69,110.5,09:32:38.917161991
119,110.49,69,110.5,09:32:39.905326867
118,110.49,69,110.5,09:32:39.905347801
101,110.49,69,110.5,09:32:39.905737016
100,110.49,69,110.5,09:32:39.905754261
68,110.49,69,110.5,09:32:39.905785996
68,110.49,99,110.5,09:32:39.905803804
50,110.49,99,110.5,09:32:39.905923614
40,110.49,99,110.5,09:32:39.906402069
40,110.49,69,110.5,09:32:40.034075896
41,110.49,69,110.5,09:32:40.034244985
76,110.49,69,110.5,09:32:40.055066808
86,110.49,69,110.5,09:32:40.162960287
104,110.49,69,110.5,09:32:40.163437730
105,110.49,69,110.5,09:32:41.132104951
105,110.49,68,110.5,09:32:41.358676696
105,110.49,67,110.5,09:32:41.358869812
106,110.49,67,110.5,09:32:41.405608647
106,110.49,54,110.5,09:32:42.050628320
107,110.49,54,110.5,09:32:42.062682825
107,110.49,55,110.5,09:32:42.397077620
107,110.49,54,110.5,09:32:42.641259524
107,110.49,52,110.5,09:32:42.642099796
107,110.49,46,110.5,09:32:42.646561542
107,110.49,43,110.5,09:32:42.650308169
107,110.49,44,110.5,09:32:42.650507341
107,110.49,46,110.5,09:32:42.650668982
107,110.49,44,110.5,09:32:42.655609144
108,110.49,44,110.5,09:32:42.655737893
108,110.49,3,110.5,09:32:42.656746525
108,110.49,2,110.5,09:32:42.657031773
108,110.49,1,110.5,09:32:42.657256576
108,110.49,137,110.51,09:32:42.657515532
114,110.49,137,110.51,09:32:42.657541485
119,110.49,137,110.51,09:32:42.657541485
119,110.49,109,110.51,09:32:42.657740975
137,110.49,109,110.51,09:32:42.657865250
137,110.49,93,110.51,09:32:42.658137302
3,110.5,93,110.51,09:32:42.658154025
3,110.5,91,110.51,09:32:42.658315768
6,110.5,91,110.51,09:32:42.658400494
3,110.5,91,110.51,09:32:42.659438946
143,110.49,91,110.51,09:32:42.851973348
23,110.5,91,110.51,09:32:42.853913125
23,110.5,73,110.51,09:32:43.276849534
159,110.49,73,110.51,09:32:43.926510165
159,110.49,91,110.51,09:32:43.926930791
137,110.49,91,110.51,09:32:43.927236496
131,110.49,91,110.51,09:32:43.927682329
131,110.49,1,110.5,09:32:46.614050346
131,110.49,2,110.5,09:32:46.614616739
131,110.49,5,110.5,09:32:46.614616739
131,110.49,7,110.5,09:32:46.615185958
131,110.49,8,110.5,09:32:46.618521325
131,110.49,9,110.5,09:32:46.806017531
130,110.49,9,110.5,09:32:46.806212114
130,110.49,22,110.5,09:32:46.806290507
130,110.49,23,110.5,09:32:46.806290507
128,110.49,23,110.5,09:32:46.806961331
128,110.49,24,110.5,09:32:46.808206089
110,110.49,24,110.5,09:32:46.808314783
110,110.49,26,110.5,09:32:46.808331949
110,110.49,27,110.5,09:32:46.808719558
92,110.49,27,110.5,09:32:46.809081595
91,110.49,27,110.5,09:32:47.004826305
91,110.49,33,110.5,09:32:47.005080743
90,110.49,33,110.5,09:32:47.005225590
89,110.49,33,110.5,09:32:47.016342842
88,110.49,33,110.5,09:32:47.016416321
88,110.49,27,110.5,09:32:47.655601198
89,110.49,27,110.5,09:32:47.656199107
101,110.49,27,110.5,09:32:47.656341357
107,110.49,27,110.5,09:32:47.656449901
95,110.49,27,110.5,09:32:47.813945119
89,110.49,27,110.5,09:32:47.814025557
89,110.49,33,110.5,09:32:47.814471864
88,110.49,33,110.5,09:32:47.814471864
87,110.49,33,110.5,09:32:47.814471864
87,110.49,68,110.5,09:32:47.823691498
81,110.49,68,110.5,09:32:47.823846099
76,110.49,68,110.5,09:32:47.823846099
41,110.49,68,110.5,09:32:47.824007094
40,110.49,68,110.5,09:32:47.826622750
34,110.49,68,110.5,09:32:47.826748510
35,110.49,68,110.5,09:32:47.830260187
34,110.49,68,110.5,09:32:47.833702027
34,110.49,33,110.5,09:32:47.857226248
35,110.49,33,110.5,09:32:47.857380411
34,110.49,33,110.5,09:32:47.879100079
35,110.49,33,110.5,09:32:48.044990215
34,110.49,33,110.5,09:32:48.057018288
35,110.49,33,110.5,09:32:48.771129716
34,110.49,33,110.5,09:32:49.137465647
35,110.49,33,110.5,09:32:49.377752642
59,110.49,33,110.5,09:32:50.632477718
70,110.49,33,110.5,09:32:50.632545415
71,110.49,33,110.5,09:32:50.683457074
70,110.49,33,110.5,09:32:50.683935678
70,110.49,52,110.5,09:32:50.691400552
46,110.49,52,110.5,09:32:50.691635067
35,110.49,52,110.5,09:32:50.691635067
35,110.49,68,110.5,09:32:50.692492628
34,110.49,68,110.5,09:32:50.710163148
34,110.49,52,110.5,09:32:51.176591911
34,110.49,33,110.5,09:32:51.176658014
35,110.49,33,110.5,09:32:51.176764363
60,110.49,33,110.5,09:32:51.177210045
70,110.49,33,110.5,09:32:51.177278999
45,110.49,33,110.5,09:32:51.470723607
45,110.49,53,110.5,09:32:51.470723607
35,110.49,53,110.5,09:32:51.470743722
35,110.49,68,110.5,09:32:51.470743722
34,110.49,68,110.5,09:32:51.471039212
35,110.49,68,110.5,09:32:52.014775726
34,110.49,68,110.5,09:32:52.015134014
34,110.49,48,110.5,09:32:52.015248170
34,110.49,33,110.5,09:32:52.015325809
64,110.49,33,110.5,09:32:52.015954506
65,110.49,33,110.5,09:32:52.016176445
64,110.49,33,110.5,09:32:52.932291408
65,110.49,33,110.5,09:32:52.998212759
64,110.49,33,110.5,09:32:53.038731287
62,110.49,33,110.5,09:32:53.049989392
60,110.49,33,110.5,09:32:53.050066381
61,110.49,33,110.5,09:32:53.519871517
60,110.49,33,110.5,09:32:54.587545683
61,110.49,33,110.5,09:32:54.593763981
61,110.49,27,110.5,09:32:57.182330793
63,110.49,27,110.5,09:32:57.183160590
61,110.49,27,110.5,09:32:57.204305101
62,110.49,27,110.5,09:32:57.281094274
61,110.49,27,110.5,09:32:57.342277179
62,110.49,27,110.5,09:32:57.348204922
63,110.49,27,110.5,09:32:57.609153205
64,110.49,27,110.5,09:32:57.757917091
63,110.49,27,110.5,09:32:57.837157862
64,110.49,27,110.5,09:32:58.021712367
73,110.49,27,110.5,09:32:58.808221693
72,110.49,27,110.5,09:32:59.642444844
72,110.49,33,110.5,09:32:59.642444844
72,110.49,59,110.5,09:32:59.642592309
71,110.49,59,110.5,09:32:59.642611851
71,110.49,68,110.5,09:32:59.642780312
70,110.49,68,110.5,09:32:59.642800948
61,110.49,68,110.5,09:32:59.643085291
60,110.49,68,110.5,09:32:59.643085291
30,110.49,68,110.5,09:32:59.643347915
31,110.49,68,110.5,09:32:59.643634950
30,110.49,68,110.5,09:32:59.659884490
30,110.49,42,110.5,09:32:59.793451115
30,110.49,33,110.5,09:32:59.793520274
32,110.49,33,110.5,09:32:59.793652494
33,110.49,33,110.5,09:32:59.793723256
33,110.49,59,110.5,09:33:00.080487995
33,110.49,68,110.5,09:33:00.080704600
31,110.49,68,110.5,09:33:00.080791633
30,110.49,68,110.5,09:33:00.080791633
31,110.49,68,110.5,09:33:00.300234337
44,110.49,68,110.5,09:33:00.301597625
44,110.49,42,110.5,09:33:00.301813157
44,110.49,33,110.5,09:33:00.301813157
46,110.49,33,110.5,09:33:00.303747998
53,110.49,33,110.5,09:33:00.305898731
57,110.49,33,110.5,09:33:00.312940005
59,110.49,33,110.5,09:33:00.313057173
60,110.49,33,110.5,09:33:00.429605315
69,110.49,33,110.5,09:33:00.430087983
94,110.49,33,110.5,09:33:00.646326964
104,110.49,33,110.5,09:33:00.646326964
105,110.49,33,110.5,09:33:00.646492605
104,110.49,33,110.5,09:33:00.974175781
95,110.49,33,110.5,09:33:01.257314917
94,110.49,33,110.5,09:33:01.672740397
94,110.49,61,110.5,09:33:01.678284911
94,110.49,68,110.5,09:33:01.678284911
84,110.49,68,110.5,09:33:01.678839265
59,110.49,68,110.5,09:33:01.678928177
54,110.49,68,110.5,09:33:02.301145615
52,110.49,68,110.5,09:33:03.543922327
50,110.49,68,110.5,09:33:03.731217498
50,110.49,61,110.5,09:33:03.851496012
50,110.49,33,110.5,09:33:03.851567206
50,110.49,64,110.5,09:33:06.074036732
52,110.49,64,110.5,09:33:06.322298383
54,110.49,64,110.5,09:33:06.322401777
54,110.49,33,110.5,09:33:06.322748811
52,110.49,33,110.5,09:33:06.322823311
53,110.49,33,110.5,09:33:06.324048935
52,110.49,33,110.5,09:33:06.324189422
53,110.49,33,110.5,09:33:06.329806883
51,110.49,33,110.5,09:33:06.330267705
50,110.49,33,110.5,09:33:06.332275974
52,110.49,33,110.5,09:33:06.338398027
82,110.49,33,110.5,09:33:06.340842774
82,110.49,27,110.5,09:33:06.340924816
83,110.49,27,110.5,09:33:06.341015612
82,110.49,27,110.5,09:33:06.341173469
82,110.49,33,110.5,09:33:06.348782054
83,110.49,33,110.5,09:33:06.383485165
83,110.49,27,110.5,09:33:06.424813436
101,110.49,27,110.5,09:33:06.464871505
101,110.49,25,110.5,09:33:06.464871505
94,110.49,25,110.5,09:33:06.465587354
94,110.49,24,110.5,09:33:06.465622790
94,110.49,23,110.5,09:33:06.465622790
94,110.49,20,110.5,09:33:06.465622790
94,110.49,18,110.5,09:33:06.465622790
90,110.49,18,110.5,09:33:06.465622790
90,110.49,17,110.5,09:33:06.465622790
90,110.49,16,110.5,09:33:06.465622790
90,110.49,14,110.5,09:33:06.465622790
77,110.49,14,110.5,09:33:06.465622790
77,110.49,3,110.5,09:33:06.465622790
77,110.49,2,110.5,09:33:06.465639027
77,110.49,1,110.5,09:33:06.465639027
77,110.49,117,110.51,09:33:06.465895446
4,110.5,117,110.51,09:33:06.465895446
85,110.49,117,110.51,09:33:06.466268201
85,110.49,9,110.5,09:33:06.466268201
85,110.49,12,110.5,09:33:06.466851954
95,110.49,12,110.5,09:33:06.466851954
95,110.49,3,110.5,09:33:06.466880437
95,110.49,131,110.51,09:33:06.466880437
95,110.49,2,110.5,09:33:06.466880437
95,110.49,33,110.5,09:33:06.467234063
95,110.49,36,110.5,09:33:06.467253144
95,110.49,37,110.5,09:33:06.467270027
77,110.49,37,110.5,09:33:06.467289320
78,110.49,37,110.5,09:33:06.467388879
82,110.49,37,110.5,09:33:06.467422027
82,110.49,35,110.5,09:33:06.467422027
82,110.49,36,110.5,09:33:06.467422027
82,110.49,39,110.5,09:33:06.467439533
85,110.49,39,110.5,09:33:06.467439533
85,110.49,41,110.5,09:33:06.467439533
85,110.49,44,110.5,09:33:06.467879755
85,110.49,41,110.5,09:33:06.467879755
85,110.49,42,110.5,09:33:06.467881253
81,110.49,42,110.5,09:33:06.469429504
81,110.49,43,110.5,09:33:06.469510832
81,110.49,44,110.5,09:33:06.469711917
81,110.49,45,110.5,09:33:06.469711917
81,110.49,44,110.5,09:33:06.488207736
81,110.49,43,110.5,09:33:06.506897538
81,110.49,42,110.5,09:33:06.513698444
81,110.49,43,110.5,09:33:06.515817210
81,110.49,44,110.5,09:33:06.527097591
81,110.49,45,110.5,09:33:06.527558804
81,110.49,47,110.5,09:33:07.026293736
81,110.49,46,110.5,09:33:07.133311996
81,110.49,45,110.5,09:33:07.133467715
81,110.49,46,110.5,09:33:07.138647221
81,110.49,45,110.5,09:33:07.152552963
81,110.49,44,110.5,09:33:07.164511347
81,110.49,45,110.5,09:33:07.170449793
81,110.49,46,110.5,09:33:07.170589559
81,110.49,47,110.5,09:33:07.179450711
81,110.49,46,110.5,09:33:07.179450711
81,110.49,45,110.5,09:33:08.191040956
81,110.49,44,110.5,09:33:08.191180383
81,110.49,45,110.5,09:33:08.191420338
81,110.49,46,110.5,09:33:08.191574171
81,110.49,45,110.5,09:33:08.266278083
81,110.49,44,110.5,09:33:08.266384342
81,110.49,43,110.5,09:33:08.267543957
81,110.49,44,110.5,09:33:08.267692696
81,110.49,45,110.5,09:33:08.286661806
81,110.49,46,110.5,09:33:08.288976189
81,110.49,45,110.5,09:33:08.307273911
81,110.49,44,110.5,09:33:08.307373824
81,110.49,43,110.5,09:33:08.307460272
81,110.49,40,110.5,09:33:08.308130240
81,110.49,41,110.5,09:33:08.975333921
81,110.49,42,110.5,09:33:08.975492103
81,110.49,43,110.5,09:33:10.164805207
91,110.49,43,110.5,09:33:10.165179149
91,110.49,44,110.5,09:33:10.165179149
91,110.49,43,110.5,09:33:10.165926131
91,110.49,44,110.5,09:33:10.166719212
91,110.49,45,110.5,09:33:10.184931914
91,110.49,46,110.5,09:33:10.720235867
91,110.49,47,110.5,09:33:10.724526811
91,110.49,48,110.5,09:33:11.694648191
91,110.49,47,110.5,09:33:13.703603175
91,110.49,48,110.5,09:33:14.741795800
91,110.49,47,110.5,09:33:14.809809989
91,110.49,48,110.5,09:33:15.912874630
91,110.49,61,110.5,09:33:15.913009957
90,110.49,61,110.5,09:33:15.913072124
77,110.49,61,110.5,09:33:18.842245956
59,110.49,61,110.5,09:33:18.842509460
72,110.49,61,110.5,09:33:19.196210210
73,110.49,61,110.5,09:33:21.304571846
72,110.49,61,110.5,09:33:22.373623971
73,110.49,61,110.5,09:33:22.425215304
72,110.49,61,110.5,09:33:24.215532952
73,110.49,61,110.5,09:33:24.387812621
73,110.49,60,110.5,09:33:24.387929264
73,110.49,47,110.5,09:33:24.469739304
73,110.49,48,110.5,09:33:25.096581123
73,110.49,47,110.5,09:33:25.904122877
73,110.49,48,110.5,09:33:26.411245338
73,110.49,47,110.5,09:33:26.472608106
72,110.49,47,110.5,09:33:26.919725396
72,110.49,60,110.5,09:33:26.919915969
72,110.49,61,110.5,09:33:26.920186638
72,110.49,60,110.5,09:33:26.942900500
72,110.49,61,110.5,09:33:26.943179095
72,110.49,60,110.5,09:33:27.294714023
73,110.49,60,110.5,09:33:27.294888900
73,110.49,47,110.5,09:33:27.300444745
73,110.49,48,110.5,09:33:27.302216279
73,110.49,61,110.5,09:33:27.302776337
72,110.49,61,110.5,09:33:27.302946615
73,110.49,61,110.5,09:33:27.306989204
73,110.49,60,110.5,09:33:27.346280268
72,110.49,60,110.5,09:33:27.347109740
72,110.49,61,110.5,09:33:27.347210766
72,110.49,60,110.5,09:33:27.351451544
72,110.49,61,110.5,09:33:27.353633914
72,110.49,60,110.5,09:33:27.360264707
72,110.49,61,110.5,09:33:27.606157618
72,110.49,60,110.5,09:33:27.962696750
73,110.49,60,110.5,09:33:27.972407477
72,110.49,60,110.5,09:33:27.973050201
72,110.49,61,110.5,09:33:27.973190860
73,110.49,61,110.5,09:33:28.938537572
73,110.49,60,110.5,09:33:28.945349262
73,110.49,47,110.5,09:33:28.950262353
73,110.49,48,110.5,09:33:28.950625831
72,110.49,48,110.5,09:33:29.032514986
72,110.49,61,110.5,09:33:29.032682157
73,110.49,61,110.5,09:33:29.175461503
73,110.49,60,110.5,09:33:29.362646496
73,110.49,47,110.5,09:33:30.278344014
73,110.49,60,110.5,09:33:30.278408980
91,110.49,60,110.5,09:33:30.909620989
73,110.49,60,110.5,09:33:31.339655190
73,110.49,61,110.5,09:33:31.339797561
72,110.49,61,110.5,09:33:31.339876334
72,110.49,60,110.5,09:33:32.072456650
73,110.49,60,110.5,09:33:32.400203746
73,110.49,61,110.5,09:33:32.400279934
72,110.49,61,110.5,09:33:32.400454917
72,110.49,60,110.5,09:33:32.400651493
72,110.49,61,110.5,09:33:32.404748919
72,110.49,60,110.5,09:33:32.424514593
73,110.49,60,110.5,09:33:32.424669814
73,110.49,47,110.5,09:33:33.828432397
87,110.49,47,110.5,09:33:33.828565037
91,110.49,47,110.5,09:33:33.828721997
91,110.49,46,110.5,09:33:35.424820245
91,110.49,45,110.5,09:33:35.431962662
91,110.49,44,110.5,09:33:35.432026761
91,110.49,45,110.5,09:33:35.433953252
91,110.49,46,110.5,09:33:35.434104388
91,110.49,47,110.5,09:33:35.434325412
77,110.49,47,110.5,09:33:35.536481559
73,110.49,47,110.5,09:33:35.536548983
88,110.49,47,110.5,09:33:35.636550714
88,110.49,46,110.5,09:33:35.636706346
88,110.49,47,110.5,09:33:35.649441487
88,110.49,46,110.5,09:33:35.857932112
88,110.49,47,110.5,09:33:35.866182214
88,110.49,46,110.5,09:33:36.650099895
88,110.49,45,110.5,09:33:36.650265163
88,110.49,44,110.5,09:33:36.650456762
88,110.49,13,110.5,09:33:36.651695830
88,110.49,12,110.5,09:33:36.651739311
88,110.49,10,110.5,09:33:36.651866243
88,110.49,8,110.5,09:33:36.651866243
88,110.49,7,110.5,09:33:36.651986505
88,110.49,6,110.5,09:33:36.651986505
88,110.49,5,110.5,09:33:36.651986505
88,110.49,7,110.5,09:33:36.652485064
88,110.49,6,110.5,09:33:36.652485064
88,110.49,7,110.5,09:33:36.652485064
88,110.49,4,110.5,09:33:36.652633890
88,110.49,7,110.5,09:33:36.652660568
90,110.49,7,110.5,09:33:36.652708942
90,110.49,5,110.5,09:33:36.652830916
90,110.49,6,110.5,09:33:36.652830916
90,110.49,7,110.5,09:33:36.652847848
88,110.49,7,110.5,09:33:36.653723277
88,110.49,6,110.5,09:33:36.659674169
88,110.49,5,110.5,09:33:36.659754639
88,110.49,2,110.5,09:33:36.660461768
88,110.49,1,110.5,09:33:36.660553836
88,110.49,120,110.51,09:33:36.660761307
94,110.49,120,110.51,09:33:36.661277761
112,110.49,120,110.51,09:33:36.661277761
112,110.49,116,110.51,09:33:36.661368756
112,110.49,105,110.51,09:33:36.661524206
112,110.49,99,110.51,09:33:36.661524206
5,110.5,99,110.51,09:33:36.661924708
5,110.5,97,110.51,09:33:36.662195690
119,110.49,97,110.51,09:33:36.663851579
23,110.5,97,110.51,09:33:36.663931321
23,110.5,79,110.51,09:33:36.665405284
25,110.5,79,110.51,09:33:36.666037184
26,110.5,79,110.51,09:33:36.695277084
27,110.5,79,110.51,09:33:36.695585585
28,110.5,79,110.51,09:33:36.695805499
27,110.5,79,110.51,09:33:36.699640456
26,110.5,79,110.51,09:33:36.699805425
25,110.5,79,110.51,09:33:37.080061855
25,110.5,95,110.51,09:33:37.089068977
25,110.5,113,110.51,09:33:37.089304173
24,110.5,113,110.51,09:33:37.107365080
23,110.5,113,110.51,09:33:37.107647613
22,110.5,113,110.51,09:33:37.107795712
21,110.5,113,110.51,09:33:37.107923617
1,110.5,113,110.51,09:33:37.107947498
113,110.49,113,110.51,09:33:37.107947498
113,110.49,4,110.5,09:33:37.107947498
113,110.49,18,110.5,09:33:37.108064942
127,110.49,18,110.5,09:33:37.108064942
127,110.49,19,110.5,09:33:37.108445068
127,110.49,21,110.5,09:33:37.108468103
127,110.49,23,110.5,09:33:37.108468103
127,110.49,28,110.5,09:33:37.108488685
127,110.49,14,110.5,09:33:37.108488685
127,110.49,13,110.5,09:33:37.108782058
134,110.49,13,110.5,09:33:37.109203078
110,110.49,13,110.5,09:33:37.109279583
92,110.49,13,110.5,09:33:37.109445574
92,110.49,14,110.5,09:33:37.159708861
92,110.49,15,110.5,09:33:37.159887974
92,110.49,17,110.5,09:33:37.228622823
92,110.49,15,110.5,09:33:37.229074317
92,110.49,17,110.5,09:33:38.253419444
92,110.49,15,110.5,09:33:38.286001290
92,110.49,16,110.5,09:33:38.296929985
92,110.49,17,110.5,09:33:38.297083098
92,110.49,30,110.5,09:33:38.397255494
92,110.49,17,110.5,09:33:38.698177952
92,110.49,16,110.5,09:33:38.767257851
92,110.49,15,110.5,09:33:38.767407035
92,110.49,28,110.5,09:33:39.536511311
92,110.49,29,110.5,09:33:39.537462382
92,110.49,30,110.5,09:33:39.942321445
92,110.49,50,110.5,09:33:40.844371170
92,110.49,51,110.5,09:33:40.844623217
77,110.49,51,110.5,09:33:40.844623217
77,110.49,53,110.5,09:33:40.844623217
77,110.49,59,110.5,09:33:40.844811906
71,110.49,59,110.5,09:33:40.844811906
71,110.49,77,110.5,09:33:40.844811906
71,110.49,92,110.5,09:33:40.844811906
70,110.49,92,110.5,09:33:40.844955659
70,110.49,74,110.5,09:33:40.856188027
67,110.49,74,110.5,09:33:40.933995259
67,110.49,73,110.5,09:33:43.406071456
67,110.49,53,110.5,09:33:43.561322782
85,110.49,53,110.5,09:33:43.561428400
85,110.49,38,110.5,09:33:43.561448272
86,110.49,38,110.5,09:33:43.561949607
86,110.49,32,110.5,09:33:43.562064991
85,110.49,32,110.5,09:33:43.566498534
67,110.49,32,110.5,09:33:43.574721814
67,110.49,38,110.5,09:33:43.574806454
67,110.49,39,110.5,09:33:43.574913385
68,110.49,39,110.5,09:33:43.574986780
68,110.49,38,110.5,09:33:43.575288575
68,110.49,32,110.5,09:33:43.583106498
67,110.49,32,110.5,09:33:43.588573806
67,110.49,54,110.5,09:33:43.661753131
67,110.49,67,110.5,09:33:43.661823954
67,110.49,68,110.5,09:33:43.855484918
67,110.49,67,110.5,09:33:43.855577491
68,110.49,67,110.5,09:33:44.422400783
68,110.49,45,110.5,09:33:44.422522067
68,110.49,32,110.5,09:33:44.422522067
86,110.49,32,110.5,09:33:44.422753830
68,110.49,32,110.5,09:33:44.516956134
68,110.49,33,110.5,09:33:44.517121010
67,110.49,33,110.5,09:33:44.517205116
67,110.49,32,110.5,09:33:44.619181536
68,110.49,32,110.5,09:33:44.719201740
68,110.49,33,110.5,09:33:44.983785373
67,110.49,33,110.5,09:33:44.983934278
67,110.49,56,110.5,09:33:44.984097235
67,110.49,68,110.5,09:33:44.984205638
77,110.49,68,110.5,09:33:46.216704698
77,110.49,45,110.5,09:33:46.216721572
79,110.49,45,110.5,09:33:46.216735194
80,110.49,45,110.5,09:33:46.216768458
80,110.49,32,110.5,09:33:46.216799146
80,110.49,31,110.5,09:33:46.217008429
88,110.49,31,110.5,09:33:46.217159655
88,110.49,30,110.5,09:33:46.217216647
88,110.49,29,110.5,09:33:46.217216647
88,110.49,17,110.5,09:33:46.217216647
88,110.49,19,110.5,09:33:46.217781161
88,110.49,32,110.5,09:33:46.217860950
88,110.49,38,110.5,09:33:46.228036792
88,110.49,39,110.5,09:33:46.228409968
87,110.49,39,110.5,09:33:46.228457575
87,110.49,38,110.5,09:33:46.228686650
77,110.49,38,110.5,09:33:46.228779873
69,110.49,38,110.5,09:33:46.228779873
70,110.49,38,110.5,09:33:46.244097521
69,110.49,38,110.5,09:33:46.244234785
67,110.49,38,110.5,09:33:46.555816543
67,110.49,63,110.5,09:33:46.731626712
67,110.49,73,110.5,09:33:46.732876122
67,110.49,74,110.5,09:33:46.733839732
67,110.49,73,110.5,09:33:46.744187515
67,110.49,74,110.5,09:33:46.853836534
67,110.49,73,110.5,09:33:46.931952735
67,110.49,74,110.5,09:33:47.119497944
64,110.49,74,110.5,09:33:47.402469614
65,110.49,74,110.5,09:33:48.915437285
65,110.49,73,110.5,09:33:48.915533947
65,110.49,74,110.5,09:33:48.920590090
65,110.49,73,110.5,09:33:48.994784420
66,110.49,73,110.5,09:33:49.318453263
66,110.49,63,110.5,09:33:49.318543593
66,110.49,38,110.5,09:33:49.318562067
67,110.49,38,110.5,09:33:49.318725055
78,110.49,38,110.5,09:33:49.319597003
78,110.49,39,110.5,09:33:49.335548353
67,110.49,39,110.5,09:33:49.335719505
66,110.49,39,110.5,09:33:49.336014609
66,110.49,65,110.5,09:33:49.458202238
66,110.49,74,110.5,09:33:49.458264246
66,110.49,48,110.5,09:33:50.014007371
66,110.49,39,110.5,09:33:50.014081605
66,110.49,38,110.5,09:33:50.039812940
67,110.49,38,110.5,09:33:50.040181637
67,110.49,32,110.5,09:33:50.040283739
82,110.49,32,110.5,09:33:50.040603765
82,110.49,33,110.5,09:33:50.403676173
82,110.49,60,110.5,09:33:50.525692683
82,110.49,68,110.5,09:33:50.525911054
67,110.49,68,110.5,09:33:50.526107547
66,110.49,68,110.5,09:33:50.526195681
66,110.49,60,110.5,09:33:55.928285433
84,110.49,60,110.5,09:33:55.928302140
84,110.49,59,110.5,09:33:55.928360403
84,110.49,32,110.5,09:33:55.928360403
85,110.49,32,110.5,09:33:55.928379266
85,110.49,38,110.5,09:33:55.928867775
84,110.49,38,110.5,09:33:55.929236647
84,110.49,33,110.5,09:33:55.980852156
66,110.49,33,110.5,09:33:56.882708335
66,110.49,34,110.5,09:33:56.882866219
66,110.49,66,110.5,09:33:56.893767998
66,110.49,65,110.5,09:33:58.433483410
66,110.49,33,110.5,09:33:58.445431426
80,110.49,33,110.5,09:33:58.456819090
84,110.49,33,110.5,09:33:58.456902331
84,110.49,27,110.5,09:33:58.457323154
85,110.49,27,110.5,09:33:58.457526027
84,110.49,27,110.5,09:33:59.059799701
85,110.49,27,110.5,09:33:59.071221269
84,110.49,27,110.5,09:33:59.072885111
84,110.49,33,110.5,09:33:59.073027971
84,110.49,34,110.5,09:33:59.073027971
84,110.49,33,110.5,09:33:59.073292612
80,110.49,33,110.5,09:33:59.073383504
66,110.49,33,110.5,09:33:59.073383504
67,110.49,33,110.5,09:33:59.073645657
67,110.49,34,110.5,09:33:59.089185997
66,110.49,34,110.5,09:33:59.089266073
66,110.49,33,110.5,09:33:59.406093600
66,110.49,68,110.5,09:33:59.406422419
66,110.49,33,110.5,09:33:59.450159651
67,110.49,33,110.5,09:34:00.172460310
82,110.49,33,110.5,09:34:00.173931112
82,110.49,27,110.5,09:34:00.174097576
81,110.49,27,110.5,09:34:00.210505741
81,110.49,28,110.5,09:34:00.231967916
81,110.49,27,110.5,09:34:00.232145895
66,110.49,27,110.5,09:34:00.249223626
66,110.49,28,110.5,09:34:00.249576643
66,110.49,27,110.5,09:34:00.251734206
66,110.49,28,110.5,09:34:00.333448030
67,110.49,28,110.5,09:34:00.647827100
67,110.49,27,110.5,09:34:00.647938783
66,110.49,27,110.5,09:34:00.648028219
81,110.49,27,110.5,09:34:00.650247194
82,110.49,27,110.5,09:34:00.651144623
82,110.49,28,110.5,09:34:00.699893114
82,110.49,27,110.5,09:34:00.700053239
82,110.49,14,110.5,09:34:00.896871210
82,110.49,12,110.5,09:34:00.896993152
82,110.49,25,110.5,09:34:00.897014960
82,110.49,27,110.5,09:34:00.897695133
82,110.49,33,110.5,09:34:02.206260567
81,110.49,33,110.5,09:34:02.206632986
81,110.49,61,110.5,09:34:02.218507862
66,110.49,61,110.5,09:34:02.218507862
66,110.49,62,110.5,09:34:02.218611257
66,110.49,69,110.5,09:34:02.218700521
66,110.49,68,110.5,09:34:02.218842656
66,110.49,40,110.5,09:34:02.307027691
66,110.49,33,110.5,09:34:02.307114786
78,110.49,33,110.5,09:34:02.504187822
84,110.49,33,110.5,09:34:02.504358193
84,110.49,27,110.5,09:34:02.544248345
85,110.49,27,110.5,09:34:02.551274144
85,110.49,28,110.5,09:34:03.133729997
85,110.49,34,110.5,09:34:03.133746124
84,110.49,34,110.5,09:34:03.133746124
84,110.49,33,110.5,09:34:03.133982188
72,110.49,33,110.5,09:34:03.134062657
66,110.49,33,110.5,09:34:03.134062657
67,110.49,33,110.5,09:34:03.134336309
67,110.49,27,110.5,09:34:03.134592316
79,110.49,27,110.5,09:34:03.236481880
85,110.49,27,110.5,09:34:03.236549588
85,110.49,25,110.5,09:34:03.925623690
85,110.49,27,110.5,09:34:03.925903312
85,110.49,25,110.5,09:34:03.938222249
85,110.49,23,110.5,09:34:03.938568332
85,110.49,10,110.5,09:34:03.938970216
85,110.49,40,110.5,09:34:03.948858285
85,110.49,42,110.5,09:34:03.949215158
85,110.49,40,110.5,09:34:04.446088588
85,110.49,10,110.5,09:34:04.446385296
85,110.49,12,110.5,09:34:04.446629301
85,110.49,10,110.5,09:34:04.452788267
85,110.49,11,110.5,09:34:04.454091469
85,110.49,12,110.5,09:34:04.454312905
85,110.49,11,110.5,09:34:04.454603116
85,110.49,9,110.5,09:34:04.454691452
85,110.49,8,110.5,09:34:04.454807077
85,110.49,7,110.5,09:34:04.454807077
85,110.49,5,110.5,09:34:04.455256232
85,110.49,4,110.5,09:34:04.455394558
85,110.49,137,110.51,09:34:04.455464456
85,110.49,121,110.51,09:34:04.455711595
91,110.49,121,110.51,09:34:04.455791326
109,110.49,121,110.51,09:34:04.455921550
109,110.49,113,110.51,09:34:04.456114961
109,110.49,112,110.51,09:34:04.497326665
109,110.49,97,110.51,09:34:04.517858145
111,110.49,97,110.51,09:34:04.518340360
1,110.5,97,110.51,09:34:04.518650160
6,110.5,97,110.51,09:34:04.518918119
7,110.5,97,110.51,09:34:04.519124359
8,110.5,97,110.51,09:34:04.519138157
8,110.5,79,110.51,09:34:04.519595795
7,110.5,79,110.51,09:34:04.519595795
8,110.5,79,110.51,09:34:04.522997076
9,110.5,79,110.51,09:34:04.523087421
10,110.5,79,110.51,09:34:04.523254973
12,110.5,79,110.51,09:34:04.524744422
11,110.5,79,110.51,09:34:04.524744422
12,110.5,79,110.51,09:34:04.524906946
25,110.5,79,110.51,09:34:04.525661973
23,110.5,79,110.51,09:34:04.525808283
24,110.5,79,110.51,09:34:04.525888885
23,110.5,79,110.51,09:34:04.526041432
10,110.5,79,110.51,09:34:04.527779811
9,110.5,79,110.51,09:34:04.528498501
8,110.5,79,110.51,09:34:04.528852821
7,110.5,79,110.51,09:34:04.528983586
6,110.5,79,110.51,09:34:04.529278241
5,110.5,79,110.51,09:34:04.529858603
5,110.5,97,110.51,09:34:04.529858603
4,110.5,97,110.51,09:34:04.531343923
2,110.5,97,110.51,09:34:04.551868716
108,110.49,97,110.51,09:34:04.551868716
108,110.49,4,110.5,09:34:04.552279115
108,110.49,5,110.5,09:34:04.552301882
90,110.49,5,110.5,09:34:04.552607249
90,110.49,8,110.5,09:34:04.552607249
90,110.49,9,110.5,09:34:04.552794846
88,110.49,9,110.5,09:34:04.552914946
88,110.49,10,110.5,09:34:04.553067963
95,110.49,10,110.5,09:34:04.553321569
95,110.49,9,110.5,09:34:04.583097490
95,110.49,10,110.5,09:34:04.598920866
95,110.49,11,110.5,09:34:04.617421584
95,110.49,12,110.5,09:34:04.617999129
95,110.49,11,110.5,09:34:05.209173184
95,110.49,10,110.5,09:34:05.209273889
95,110.49,9,110.5,09:34:05.209289780
95,110.49,8,110.5,09:34:05.209364205
95,110.49,7,110.5,09:34:05.209443790
95,110.49,3,110.5,09:34:05.209535927
95,110.49,124,110.51,09:34:05.209535927
113,110.49,124,110.51,09:34:05.210194698
