price,volume,timestamp
110.54,6,09:30:00.613516645
110.54,2,09:30:00.613606962
110.54,1,09:30:00.614012667
110.53,2,09:30:34.799687411
110.53,1,09:30:34.799687411
110.53,1,09:30:34.799771088
110.53,13,09:30:34.799797546
110.53,1,09:30:34.799797546
110.53,9,09:30:34.799797546
110.53,22,09:30:34.799797546
110.53,1,09:30:52.017549990
110.53,5,09:30:52.017707199
110.53,23,09:30:52.017737561
110.53,8,09:30:52.017737561
110.53,6,09:30:52.017737561
110.53,2,09:30:52.017737561
110.53,1,09:30:52.017737561
110.53,11,09:30:54.304521800
110.53,2,09:30:54.304593646
110.53,1,09:30:54.304736411
110.53,2,09:30:54.304736411
110.52,3,09:30:59.747360726
110.52,10,09:30:59.747892370
110.52,3,09:30:59.749055002
110.52,1,09:30:59.749841904
110.52,2,09:31:04.567848363
110.51,1,09:31:17.720349429
110.51,1,09:31:17.720514894
110.51,1,09:31:17.720799344
110.51,1,09:31:19.122426208
110.51,2,09:31:19.450821532
110.51,1,09:31:21.534875492
110.51,1,09:31:21.710277072
110.51,1,09:31:23.806624047
110.51,4,09:31:26.099227517
110.52,1,09:31:35.852482160
110.52,1,09:31:35.852560788
110.52,1,09:31:35.852849753
110.51,1,09:32:11.415030621
110.51,1,09:32:11.415324173
110.51,3,09:32:11.415339485
110.51,2,09:32:11.415339485
110.51,1,09:32:11.415339485
110.51,3,09:32:11.415352957
110.51,13,09:32:11.415352957
110.51,1,09:32:11.415374416
110.51,7,09:32:11.415374416
110.51,28,09:32:11.415374416
110.51,1,09:32:26.010554499
110.51,6,09:32:26.010656329
110.51,7,09:32:26.010681974
110.51,1,09:32:26.010681974
110.51,18,09:32:26.010681974
110.5,1,09:32:32.954476541
110.51,1,09:32:34.358702288
110.51,2,09:32:34.358773129
110.5,13,09:32:35.762762908
110.5,14,09:32:35.762762908
110.5,18,09:32:35.762762908
110.5,1,09:32:35.762762908
110.5,3,09:32:35.762762908
110.5,1,09:32:36.320069525
110.5,3,09:32:36.320181608
110.5,1,09:32:36.320217087
110.5,13,09:32:36.320217087
110.5,2,09:32:36.320217087
110.5,2,09:32:36.320786881
110.5,8,09:32:36.320786881
110.5,12,09:32:36.321108187
110.5,3,09:32:36.321266628
110.5,3,09:32:36.321430702
110.5,1,09:32:36.682623846
110.5,7,09:32:36.682623846
110.49,1,09:32:37.126549738
110.49,1,09:32:37.126574403
110.49,5,09:32:37.126574403
110.49,2,09:32:37.126574403
110.49,1,09:32:37.126595952
110.49,4,09:32:37.126595952
110.49,2,09:32:37.126595952
110.49,18,09:32:37.126595952
110.49,6,09:32:37.126595952
110.49,4,09:32:37.538703198
110.49,1,09:32:37.538849066
110.49,8,09:32:37.538878679
110.49,3,09:32:37.538878679
110.49,1,09:32:37.538878679
110.49,6,09:32:37.538878679
110.49,11,09:32:37.538878679
110.5,41,09:32:42.656746525
110.5,1,09:32:42.657256576
110.5,1,09:32:42.657515532
110.5,2,09:33:06.465622790
110.5,3,09:33:06.465622790
110.5,1,09:33:06.465622790
110.5,11,09:33:06.465622790
110.5,1,09:33:06.465639027
110.5,1,09:33:06.465895446
110.5,4,09:33:06.466268201
110.5,9,09:33:06.466880437
110.5,3,09:33:06.466880437
110.5,1,09:33:36.660761307
110.5,1,09:33:37.107365080
110.5,1,09:33:37.107647613
110.5,1,09:33:37.107795712
110.5,1,09:33:37.107947498
110.5,20,09:33:37.107947498
110.5,2,09:34:04.551868716
110.5,1,09:34:05.346028533
110.5,1,09:34:05.346427765
110.5,2,09:34:05.795035682
110.5,3,09:34:05.795572999
110.5,1,09:34:05.796111473
110.5,1,09:34:06.037171503
110.5,3,09:34:06.037187289
110.51,13,09:34:19.001009927
110.51,1,09:34:19.001106378
110.51,5,09:34:19.001106378
110.5,15,09:35:03.763446202
110.5,1,09:35:03.763446202
110.5,1,09:35:03.763583405
110.5,1,09:35:03.763598087
110.5,1,09:35:03.763620455
110.5,1,09:35:03.763651901
110.5,10,09:35:03.763651901
110.5,1,09:35:56.342684749
110.5,23,09:35:56.342775325
110.5,1,09:35:56.343346770
110.5,12,09:35:56.343346770
110.5,2,09:36:07.696403925
110.5,2,09:36:07.696418341
110.5,2,09:36:07.696514139
110.5,3,09:36:07.696529135
110.5,1,09:36:07.696529135
110.5,4,09:36:07.696529135
110.5,1,09:36:07.696550084
110.5,4,09:36:07.700067381
110.5,1,09:36:19.413607515
110.5,1,09:36:19.413797518
110.5,1,09:36:19.413812737
110.5,2,09:36:19.413812737
110.5,10,09:36:19.413827704
110.5,1,09:36:19.413827704
110.5,1,09:36:19.413859112
110.5,11,09:36:19.413859112
110.5,6,09:36:19.413859112
110.5,1,09:36:19.425212834
110.5,1,09:36:19.425249010
110.5,5,09:36:19.425249010
110.5,10,09:36:19.425249010
110.5,12,09:36:19.425249010
110.5,2,09:36:19.425249010
110.5,2,09:36:19.425680981
110.5,22,09:36:19.425680981
110.5,1,09:36:19.426096468
110.5,5,09:36:19.426096468
110.49,1,09:36:22.281752708
110.49,2,09:36:22.281933313
110.49,10,09:36:22.281947895
110.49,30,09:36:22.281947895
110.49,1,09:36:22.281963053
110.49,3,09:36:22.281963053
110.49,1,09:36:22.281979198
110.49,52,09:36:22.281979198
110.49,4,09:36:22.281979198
110.49,7,09:36:22.281979198
110.49,10,09:36:22.281979198
110.49,1,09:36:22.281992769
110.49,6,09:36:22.282007079
110.49,1,09:36:22.282007079
110.49,17,09:36:22.282026043
110.49,1,09:36:22.283320390
110.49,1,09:36:22.283593580
110.49,2,09:36:26.826516673
110.49,1,09:36:26.826516673
110.49,1,09:36:26.826625298
110.49,1,09:36:26.826648501
110.49,10,09:36:26.826648501
110.49,2,09:36:26.826648501
110.49,29,09:36:26.826662792
110.5,4,09:36:30.830417339
110.5,1,09:36:30.830586936
110.5,6,09:36:30.830613931
110.5,1,09:36:30.830613931
110.5,10,09:36:30.830613931
110.5,3,09:36:30.830613931
110.5,2,09:36:30.830613931
110.5,9,09:36:30.830636735
110.5,1,09:36:30.830636735
110.5,2,09:36:30.830636735
110.5,24,09:36:30.830636735
110.5,1,09:36:30.831385178
110.5,1,09:36:30.831400804
110.5,3,09:36:30.831415130
110.5,18,09:36:36.671464404
110.5,10,09:36:36.671464404
110.49,19,09:36:37.410856931
110.49,1,09:36:37.602869430
110.49,2,09:36:41.217805414
110.49,1,09:36:41.217805414
110.49,2,09:36:41.217885670
110.49,1,09:36:41.217907453
110.49,1,09:36:41.334437703
110.49,1,09:36:41.334702973
110.49,42,09:36:43.313877019
110.49,1,09:36:43.313978688
110.49,4,09:36:43.315276643
110.49,2,09:36:43.316030156
110.5,2,09:37:02.525224143
110.5,1,09:37:02.525237849
110.5,1,09:37:02.525251468
110.5,2,09:37:02.525265148
110.5,1,09:37:02.525278690
110.5,2,09:37:02.525370729
110.5,7,09:37:02.526269285
110.49,1,09:37:43.988020982
110.49,10,09:37:43.988160003
110.49,2,09:37:43.988184893
110.49,1,09:37:43.988184893
110.49,1,09:37:43.988207037
110.49,2,09:37:43.988207037
110.49,6,09:37:43.988207037
110.49,4,09:37:43.988911106
110.49,4,09:37:43.989398940
110.49,3,09:37:43.989418738
110.49,7,09:37:43.989532441
110.49,1,09:37:46.584507656
110.5,1,09:38:08.232628343
110.5,2,09:38:08.232628343
110.5,1,09:38:08.232643952
110.5,1,09:38:11.489676739
110.5,3,09:38:11.489676739
110.5,1,09:38:18.407465208
110.5,2,09:38:19.192543655
110.5,1,09:38:19.192543655
110.5,7,09:38:19.192620492
110.51,2,09:38:41.082561187
110.51,1,09:38:41.082561187
110.51,1,09:38:41.082582937
110.5,7,09:38:45.439299237
110.51,1,09:38:47.653291234
110.51,2,09:38:47.653316709
110.51,1,09:38:47.653316709
110.51,9,09:38:47.653316709
110.51,1,09:39:07.577114228
110.51,1,09:39:07.577285075
110.51,7,09:39:07.577300308
110.51,1,09:39:07.577300308
110.51,1,09:39:07.577316093
110.51,2,09:39:07.577316093
110.51,1,09:39:07.577331559
110.51,32,09:39:07.577331559
110.51,5,09:39:07.706895381
110.51,1,09:39:07.707129022
110.51,8,09:39:07.720956387
110.51,1,09:39:11.348988037
110.51,1,09:39:11.349113315
110.51,1,09:39:11.349192904
110.51,3,09:39:11.349429751
110.51,9,09:39:11.374207782
110.51,1,09:39:11.387666674
110.51,1,09:39:11.387749806
110.52,1,09:39:14.930106700
110.52,1,09:39:14.930193794
110.52,1,09:39:14.930214697
110.52,2,09:39:14.930214697
110.51,9,09:39:16.211294660
110.51,1,09:39:16.211338284
110.51,7,09:39:16.259999367
110.51,2,09:40:16.442514841
110.51,1,09:40:16.443015801
110.51,1,09:40:16.443160035
110.51,2,09:40:16.443160035
110.5,3,09:40:16.582051458
110.5,2,09:40:16.656295863
110.5,1,09:41:04.253359785
110.5,1,09:41:06.749171071
110.51,14,09:41:10.085492446
110.51,21,09:41:10.085492446
110.51,1,09:41:10.085586926
110.51,1,09:41:10.085614824
110.51,9,09:41:10.086399755
110.51,6,09:41:10.086420541
110.5,1,09:41:32.725165452
110.5,1,09:41:34.006962468
110.5,1,09:41:34.269229668
110.5,2,09:41:34.269229668
110.5,1,09:41:34.269345713
110.5,32,09:41:34.269382248
110.5,1,09:41:34.269382248
110.5,10,09:41:34.269382248
110.5,2,09:41:34.270037237
110.5,1,09:41:38.019364849
110.5,2,09:41:38.019460247
110.5,2,09:41:38.019486596
110.5,4,09:41:38.019486596
110.5,11,09:41:38.019879914
110.5,2,09:41:48.252359917
110.5,1,09:41:48.252359917
110.51,1,09:42:58.671074252
110.5,1,09:43:10.491261955
110.5,1,09:43:10.491395980
110.5,1,09:43:10.491413542
110.5,4,09:43:10.491413542
110.5,15,09:43:10.491413542
110.5,10,09:43:10.491445336
110.5,2,09:43:10.492778900
110.5,11,09:43:10.492778900
110.5,1,09:43:10.493322733
110.5,5,09:43:10.493322733
110.5,1,09:44:07.966003500
110.5,4,09:44:07.966446993
110.5,3,09:44:07.966446993
110.5,2,09:44:07.966662141
110.5,6,09:44:21.000830941
110.5,1,09:44:21.000845808
110.51,1,09:44:21.012035012
110.51,2,09:44:30.008324048
110.51,3,09:44:30.008543150
110.51,3,09:44:30.009285593
110.51,3,09:44:30.009303043
110.51,1,09:44:30.009527357
110.52,1,09:44:30.814163076
110.52,1,09:44:30.814247774
110.51,3,09:44:34.811216735
110.51,3,09:44:34.811446101
110.51,1,09:44:34.811446101
110.51,1,09:44:39.467939686
110.51,6,09:44:39.467939686
110.52,2,09:44:48.473366645
110.52,1,09:44:48.474003847
110.51,1,09:44:54.019038439
110.51,1,09:45:00.009616689
110.5,17,09:45:00.009616689
110.5,3,09:45:00.009616689
110.5,1,09:45:00.009616689
110.5,7,09:45:00.009629297
110.5,8,09:45:00.009629297
110.49,1,09:45:00.009829592
110.48,1,09:45:00.009829592
110.49,16,09:45:00.009829592
110.49,2,09:45:00.009829592
110.45,1,09:45:00.010133905
110.46,1,09:45:00.010133905
110.47,5,09:45:00.010133905
110.47,1,09:45:00.010133905
110.44,3,09:45:00.010181495
110.44,2,09:45:00.010181495
110.44,1,09:45:00.010181495
110.44,7,09:45:00.010201124
110.43,1,09:45:00.010896647
110.42,1,09:45:00.011297836
110.44,2,09:45:00.025176075
110.44,2,09:45:00.035587673
110.5,2,09:45:00.038186244
110.49,8,09:45:00.040214363
110.49,1,09:45:00.041212394
110.44,1,09:45:00.047065589
110.42,1,09:45:00.050437702
110.41,1,09:45:00.050827237
110.49,7,09:45:00.055102460
110.48,1,09:45:00.055102460
110.48,9,09:45:00.055102460
110.48,6,09:45:00.055102460
110.49,2,09:45:00.092980125
110.39,7,09:45:00.507443164
110.39,2,09:45:00.515670450
110.39,4,09:45:00.515840402
110.39,1,09:45:00.517805264
110.39,2,09:45:00.517805264
110.39,5,09:45:00.517805264
110.4,1,09:45:00.612753701
110.4,1,09:45:00.955844507
110.39,10,09:45:01.892854941
110.39,12,09:45:01.992922893
110.39,1,09:45:01.993006761
110.39,1,09:45:02.569386949
110.39,1,09:45:02.572490109
110.39,3,09:45:02.577725600
110.38,2,09:45:03.026285247
110.38,1,09:45:03.026948068
110.38,6,09:45:03.026948068
110.37,1,09:45:03.231540665
110.36,1,09:45:04.042571285
110.36,1,09:45:04.042691771
110.36,1,09:45:04.042709381
110.37,1,09:45:04.763162389
110.37,2,09:45:04.763162389
110.37,3,09:45:04.763179730
110.38,2,09:45:05.089207896
110.38,1,09:45:05.089207896
110.38,1,09:45:05.089319301
110.36,1,09:45:06.527954527
110.36,2,09:45:06.527954527
110.36,2,09:45:06.999991278
110.37,2,09:45:08.025818690
110.38,2,09:45:09.052171800
110.38,2,09:45:09.432988283
110.37,1,09:45:10.114567510
110.38,2,09:45:11.005904435
110.39,1,09:45:14.016658676
110.39,2,09:45:14.016658676
110.4,2,09:45:14.027912628
110.4,1,09:45:14.027912628
110.38,50,09:45:17.694359653
110.38,12,09:45:17.694359653
110.38,1,09:45:17.705349791
110.38,3,09:45:17.705463538
110.38,5,09:45:17.705723919
110.38,4,09:45:17.706261743
110.38,4,09:45:17.706278642
110.38,26,09:45:17.706819582
110.38,5,09:45:17.707245127
110.36,3,09:45:18.313796794
110.36,1,09:45:18.313796794
110.37,1,09:45:19.078757829
110.37,4,09:45:19.078757829
110.37,1,09:45:19.078874403
110.37,1,09:45:24.527272615
110.37,1,09:45:26.741791728
110.37,4,09:45:26.741791728
110.37,1,09:45:27.712497311
110.37,6,09:45:29.106377892
110.37,1,09:45:29.106399552
110.37,1,09:45:32.690266993
110.37,1,09:45:32.690806417
110.37,1,09:45:32.690836292
110.37,5,09:45:32.690850257
110.37,2,09:45:32.690865408
110.37,1,09:45:32.690888561
110.37,4,09:45:32.758978270
110.37,2,09:45:32.758978270
110.37,1,09:45:32.759090574
110.37,1,09:45:32.759105867
110.37,1,09:45:32.760949775
110.37,1,09:45:32.761618819
110.37,1,09:45:34.243650885
110.37,1,09:45:34.346636451
110.37,1,09:45:36.374882456
110.37,1,09:45:36.375354453
110.37,1,09:45:36.375653895
110.37,1,09:45:39.217311989
110.37,1,09:45:40.264937133
110.37,1,09:45:40.264959504
110.36,2,09:45:40.264959504
110.36,1,09:45:41.017382595
110.36,1,09:45:42.830936973
110.36,1,09:45:43.222934671
110.37,1,09:45:47.972379091
110.37,4,09:45:47.972394675
110.37,1,09:45:47.972394675
110.37,25,09:45:47.972412310
110.37,1,09:45:47.972412310
110.37,25,09:45:47.972462940
110.37,2,09:45:47.972938280
110.37,2,09:45:47.972976310
110.37,13,09:45:47.972993151
110.37,1,09:45:47.973053516
110.37,5,09:45:47.973068152
110.37,1,09:45:47.973218708
110.37,13,09:45:47.973423400
110.37,1,09:45:47.973452843
110.37,5,09:45:47.973471137
110.37,6,09:45:47.973485979
110.37,1,09:45:47.973629592
110.37,1,09:45:47.973724213
110.37,3,09:45:47.973886354
110.37,1,09:45:47.974294001
110.37,1,09:45:47.974375252
110.37,1,09:45:48.003223609
110.37,3,09:45:48.003348520
110.37,3,09:45:48.003544447
110.37,2,09:45:48.003946898
110.37,3,09:45:48.003946898
110.37,21,09:45:49.870657352
110.37,1,09:45:49.870657352
110.36,1,09:45:51.654565548
110.36,2,09:45:51.654565548
110.36,1,09:45:51.654690655
110.36,1,09:45:51.654784349
110.36,1,09:45:51.654927852
110.36,1,09:45:51.655223468
110.36,2,09:45:51.655237365
110.36,1,09:45:51.655413573
110.36,2,09:45:51.655443017
110.36,1,09:45:51.655443017
110.36,6,09:45:51.655457490
110.36,3,09:45:55.391332014
110.36,1,09:45:55.391332014
110.36,1,09:45:55.391348808
110.36,1,09:45:56.148000184
110.35,11,09:45:57.378637930
110.35,1,09:45:59.318066018
110.35,4,09:45:59.658207010
110.35,1,09:46:01.733056905
110.35,2,09:46:01.733056905
110.35,1,09:46:01.733632527
110.35,1,09:46:01.734255378
110.35,2,09:46:01.734281416
110.35,3,09:46:01.734816840
110.35,1,09:46:01.777731439
110.35,4,09:46:01.777731439
110.34,8,09:46:08.269047199
110.33,1,09:46:08.997964989
110.33,1,09:46:08.999510054
110.33,1,09:46:08.999523481
110.33,1,09:46:08.999538277
110.33,2,09:46:08.999878047
110.33,1,09:46:09.000321240
110.33,2,09:46:09.000321240
110.33,1,09:46:11.324448596
110.33,1,09:46:11.324740413
110.33,9,09:46:11.325007927
110.33,1,09:46:11.325556573
110.33,4,09:46:11.325556573
110.33,5,09:46:13.797854855
110.33,1,09:46:16.252382887
110.33,4,09:46:16.252965542
110.33,2,09:46:16.252965542
110.33,2,09:46:23.120877073
110.33,1,09:46:23.120877073
110.33,1,09:46:23.120890552
110.33,1,09:46:23.121215770
110.33,4,09:46:24.113097556
110.33,1,09:46:24.459354649
110.32,1,09:46:26.441298211
110.32,1,09:46:26.441311817
110.32,1,09:46:26.441348585
110.32,3,09:46:26.441411232
110.32,4,09:46:26.442440990
110.32,4,09:46:26.676520817
110.32,1,09:46:28.537904875
110.32,6,09:46:28.537904875
110.32,8,09:46:28.538589569
110.32,1,09:46:35.996126626
110.32,1,09:46:35.996399529
110.32,1,09:46:36.689390117
110.32,2,09:46:43.054898342
110.32,1,09:46:43.054898342
110.31,2,09:46:43.054925681
110.31,1,09:46:43.054925681
110.31,10,09:46:43.054925681
110.32,1,09:46:43.054925681
110.31,1,09:46:43.055106038
110.31,1,09:46:43.055120089
110.31,17,09:46:43.055134432
110.31,17,09:46:43.055148461
110.31,7,09:46:43.055164176
110.31,2,09:46:43.055178870
110.31,6,09:46:43.055197917
110.31,1,09:46:43.055797897
110.31,10,09:46:43.056221033
110.32,20,09:46:46.258835449
110.32,2,09:46:46.258835449
110.32,1,09:46:46.258965235
110.32,1,09:46:46.653159365
110.32,1,09:46:46.848606657
110.32,2,09:46:46.848719086
110.32,1,09:46:47.990816403
110.32,3,09:46:48.003004541
110.33,1,09:46:57.278714494
110.33,3,09:46:57.281114415
110.33,1,09:46:57.292231913
110.33,2,09:46:57.292854146
110.33,2,09:46:57.794993666
110.33,1,09:47:01.838654974
110.33,2,09:47:01.849480668
110.34,10,09:47:15.915007806
110.34,1,09:47:15.915022132
110.34,3,09:47:15.915150626
110.34,1,09:47:15.915150626
110.34,8,09:47:15.915178543
110.34,1,09:47:15.915178543
110.34,15,09:47:15.915178543
110.34,39,09:47:15.916163275
110.34,1,09:47:15.916484673
110.34,3,09:47:15.916650119
110.34,12,09:47:15.916650119
110.34,1,09:47:15.916650119
110.33,6,09:47:19.152580401
110.33,3,09:47:19.152580401
110.33,3,09:47:19.152737025
110.33,1,09:47:19.152737025
110.33,18,09:47:19.152795284
110.33,1,09:47:19.152795284
110.32,1,09:47:21.903337029
110.32,1,09:47:22.027935625
110.32,15,09:47:23.072415367
110.32,1,09:47:23.534060459
110.32,2,09:47:23.534239679
110.32,10,09:47:23.534239679
110.32,2,09:47:23.534264689
110.33,1,09:47:23.534264689
110.32,1,09:47:23.534264689
110.33,1,09:47:23.534287774
110.33,10,09:47:23.534287774
110.33,2,09:47:23.534287774
110.33,13,09:47:23.534287774
110.32,50,09:47:24.093631200
110.32,4,09:47:29.137436190
110.32,10,09:47:29.137543380
110.32,1,09:47:29.137543380
110.31,2,09:47:31.877221787
110.31,1,09:47:31.877905281
110.31,1,09:47:34.081087703
110.3,3,09:47:36.171112451
110.3,10,09:47:36.171207408
110.3,2,09:47:36.171207408
110.32,7,09:47:42.035314524
110.32,10,09:47:42.035314524
110.32,1,09:47:42.035314524
110.32,14,09:48:10.784319917
110.32,1,09:48:10.784419917
110.32,1,09:48:10.784439542
110.32,1,09:48:10.785083584
110.32,4,09:48:10.785212198
110.32,2,09:48:10.785581618
110.32,1,09:48:10.785581618
110.33,1,09:48:11.953280611
110.33,10,09:48:11.953294771
110.33,6,09:48:11.953315066
110.33,1,09:48:11.953365117
110.32,1,09:48:12.785119352
110.32,5,09:48:12.785136171
110.32,2,09:48:12.785136171
110.32,7,09:48:12.785136171
110.32,8,09:48:12.785702237
110.32,1,09:48:13.506019960
110.32,1,09:48:13.506136496
110.32,3,09:48:13.506201597
110.35,2,09:48:34.568843899
110.35,1,09:48:34.568843899
110.35,2,09:48:34.568899598
110.34,15,09:48:49.752972380
110.34,13,09:48:50.206949245
110.34,1,09:48:50.207032272
110.35,1,09:48:50.990910645
110.35,1,09:48:50.991009477
110.35,2,09:48:50.991009477
110.35,1,09:48:50.991024207
110.35,8,09:48:50.991024207
110.35,1,09:48:54.947273154
110.35,1,09:48:54.947675743
110.35,1,09:48:54.948700580
110.35,1,09:48:54.955963357
110.35,10,09:49:01.198816581
110.35,1,09:49:01.198995259
110.35,1,09:49:01.199009249
110.35,2,09:49:01.199023742
110.35,2,09:49:01.199036661
110.35,1,09:49:01.199051889
110.35,1,09:49:01.199065896
110.35,1,09:49:01.199086065
110.35,10,09:49:01.199106084
110.34,6,09:49:01.199129794
110.35,2,09:49:01.199129794
110.34,1,09:49:01.199146788
110.34,1,09:49:01.199170670
110.34,1,09:49:01.199216100
110.34,2,09:49:01.199231764
110.34,10,09:49:01.199245787
110.34,11,09:49:01.199268036
110.34,18,09:49:01.199289774
110.34,21,09:49:01.199305540
110.34,12,09:49:01.199321486
110.34,26,09:49:01.199339329
110.34,12,09:49:01.199941629
110.34,10,09:49:01.200074855
110.34,6,09:49:01.200151393
110.34,1,09:49:01.200200275
110.34,67,09:49:01.200652787
110.34,24,09:49:01.200798499
110.34,1,09:49:01.200827328
110.34,15,09:49:01.201528624
110.35,6,09:49:01.201961378
110.35,1,09:49:01.201984495
110.35,1,09:49:01.358207034
110.35,1,09:49:01.358223322
110.35,1,09:49:01.358621412
110.35,4,09:49:01.358672298
110.35,3,09:49:01.358672298
110.35,2,09:49:01.359041831
110.35,1,09:49:01.359155542
110.35,2,09:49:01.683440549
110.35,3,09:49:01.683729653
110.34,11,09:49:05.268134312
110.34,2,09:49:05.268157588
110.34,1,09:49:05.268157588
110.34,6,09:49:05.268157588
110.34,1,09:49:05.268972708
110.34,18,09:49:05.268972708
110.34,5,09:49:05.270208919
110.34,1,09:49:05.292740518
110.34,1,09:49:05.292755414
110.34,1,09:49:05.471817197
110.34,1,09:49:05.597148176
110.34,1,09:49:05.714983356
110.34,2,09:49:05.715926152
110.34,1,09:49:05.716484503
110.34,2,09:49:05.716484503
110.34,1,09:49:05.716615140
110.35,1,09:49:06.231268233
110.34,1,09:49:11.197197880
110.34,2,09:49:12.273671267
110.34,10,09:49:12.274262398
110.34,1,09:49:15.214429255
110.34,1,09:49:15.215152298
110.34,1,09:49:15.215217312
110.34,1,09:49:15.215631158
110.34,1,09:49:15.252802170
110.34,1,09:49:15.574659959
110.34,1,09:49:15.575112123
110.34,1,09:49:15.575812635
110.34,2,09:49:21.942437743
110.34,1,09:49:21.942437743
110.34,1,09:49:21.942461832
110.34,2,09:49:21.942461832
110.34,10,09:49:21.942461832
110.34,22,09:49:21.943063497
110.34,6,09:49:21.943256041
110.34,2,09:49:21.943435314
110.34,2,09:49:21.944570059
110.34,1,09:49:21.945284250
110.34,3,09:49:21.945477914
110.35,1,09:49:41.537585072
110.35,1,09:49:41.821326620
110.36,10,09:49:45.415983317
110.36,10,09:49:46.195974537
110.36,8,09:49:46.435210229
110.36,2,09:49:46.435210229
110.36,2,09:49:46.712022664
110.36,1,09:49:46.712022664
110.36,6,09:49:46.712022664
110.37,2,09:49:51.308419911
110.37,2,09:49:51.308433303
110.37,1,09:49:51.308510292
110.37,1,09:49:51.308525307
110.37,15,09:49:51.308540516
110.36,1,09:49:53.072444922
110.36,2,09:49:53.072476733
110.36,4,09:49:53.072476733
110.36,1,09:49:53.072476733
110.36,1,09:49:56.039029433
110.36,10,09:49:56.039156815
110.36,1,09:49:56.039184165
110.36,23,09:49:56.039184165
110.37,3,09:50:00.469270896
110.37,6,09:50:00.469270896
110.37,7,09:50:00.469412772
110.37,2,09:50:00.469445475
110.37,10,09:50:00.469445475
110.37,1,09:50:00.469445475
110.37,11,09:50:00.469445475
110.37,4,09:50:00.469445475
110.37,2,09:50:00.470400659
110.37,2,09:50:00.470589436
110.37,23,09:50:00.470589436
110.37,1,09:50:03.081575966
110.37,5,09:50:03.081575966
110.37,2,09:50:03.081688052
110.37,10,09:50:03.081720757
110.37,17,09:50:03.081720757
110.37,18,09:50:03.081720757
110.37,2,09:50:03.082700739
110.37,1,09:50:03.706626402
110.37,1,09:50:03.706923240
110.37,2,09:50:03.707370759
110.37,1,09:50:03.707788538
110.37,2,09:50:03.707788538
110.37,2,09:50:03.707878122
110.37,24,09:50:03.708143600
110.37,3,09:50:06.664754140
110.37,9,09:50:06.664783206
110.37,1,09:50:06.664783206
110.37,3,09:50:06.664783206
110.37,18,09:50:06.664783206
110.37,27,09:50:06.664783206
110.37,10,09:50:06.665680162
110.37,18,09:50:06.666054824
110.37,10,09:50:06.666071950
110.37,6,09:50:06.666224574
110.37,18,09:50:10.626799294
110.37,4,09:50:10.626799294
110.37,27,09:50:10.626912910
110.37,15,09:50:10.626942197
110.37,2,09:50:10.626942197
110.37,2,09:50:11.134555196
110.37,21,09:50:11.135141765
110.37,9,09:50:11.135256926
110.37,15,09:50:13.909784051
110.37,16,09:50:13.909869157
110.37,12,09:50:13.909898105
110.37,8,09:50:15.433894046
110.37,1,09:50:15.433975240
110.37,38,09:50:15.434444378
110.37,10,09:50:15.434444378
110.37,18,09:50:19.919732664
110.37,6,09:50:19.919732664
110.37,3,09:50:19.919806258
110.37,3,09:50:19.919823705
110.37,18,09:50:29.245881403
110.37,52,09:50:29.245881403
110.36,1,09:50:34.851470762
110.36,1,09:50:34.851485388
110.36,1,09:50:34.851499136
110.36,10,09:50:34.851513005
110.36,18,09:50:34.852185990
110.36,1,09:50:34.852313878
110.36,1,09:50:34.852340204
110.36,25,09:50:34.852340204
110.36,6,09:50:34.852823474
110.36,18,09:50:34.852999192
110.36,1,09:50:34.853013906
110.36,1,09:50:34.853029167
110.36,4,09:50:35.051499410
110.36,5,09:50:35.390937015
110.36,6,09:50:35.391258461
110.36,1,09:50:35.391344423
110.36,1,09:50:35.960407857
110.36,1,09:50:42.892870802
110.35,1,09:50:43.915019896
110.35,2,09:50:44.355562493
110.35,2,09:50:44.355656310
110.35,1,09:50:45.928892890
110.34,1,09:50:54.788251235
110.34,2,09:50:54.788251235
110.34,1,09:50:54.788384461
110.34,10,09:50:59.978574794
110.34,10,09:50:59.978722922
110.34,1,09:50:59.978752739
110.34,1,09:50:59.978775050
110.34,2,09:50:59.979417853
110.35,8,09:51:06.195498688
110.35,2,09:51:06.195498688
110.35,2,09:51:06.195629773
110.35,18,09:51:06.195629773
110.35,10,09:51:06.195665908
110.35,1,09:51:06.195665908
110.35,4,09:51:06.195665908
110.35,27,09:51:06.195665908
110.35,4,09:51:06.196564608
110.35,2,09:51:06.197003327
110.35,2,09:51:06.197019097
110.35,4,09:51:06.197034652
110.35,3,09:51:06.197063935
110.35,9,09:51:06.197094137
110.35,4,09:51:24.623569697
110.35,3,09:51:24.624138662
110.35,1,09:51:24.624138662
110.36,1,09:51:31.659057544
110.36,1,09:51:31.659153906
110.36,8,09:51:31.659153906
110.37,25,09:51:44.595937011
110.37,23,09:51:44.596919960
110.37,4,09:51:44.596952366
110.37,2,09:51:44.596952366
110.37,7,09:51:44.596952366
110.37,6,09:51:44.596969671
110.37,8,09:51:44.597112815
110.37,1,09:51:44.597130940
110.37,2,09:51:44.597419167
110.37,4,09:51:44.597540078
110.37,3,09:51:44.597572521
110.37,1,09:51:44.597836888
110.37,2,09:51:44.598027613
110.37,2,09:51:44.598028048
110.37,4,09:51:44.598150750
110.37,2,09:51:44.598192709
110.37,1,09:51:44.598370612
110.37,2,09:51:44.618137444
110.37,2,09:51:44.638390793
110.37,4,09:51:44.663658794
110.37,4,09:51:44.663970618
110.37,1,09:51:44.664099613
110.37,1,09:51:44.664259563
110.37,1,09:51:44.664367395
110.37,1,09:51:44.664596390
110.37,1,09:51:44.664698198
110.37,1,09:51:44.665024998
110.37,1,09:51:44.690650284
110.37,3,09:51:44.691421443
110.37,1,09:51:44.691577609
110.37,2,09:51:44.691577609
110.37,3,09:51:44.692026702
110.37,2,09:51:44.692155912
110.37,6,09:51:44.692155912
110.37,1,09:51:44.693113873
110.37,1,09:51:44.693225767
110.37,1,09:51:44.693420090
110.36,1,09:51:47.390469309
110.36,2,09:51:47.390591184
110.36,2,09:51:47.390620953
110.36,1,09:51:47.390620953
110.36,1,09:51:54.057000963
110.36,1,09:51:54.057423093
110.37,2,09:52:10.523600283
110.37,1,09:52:10.524058188
110.37,2,09:52:10.524073359
110.37,4,09:52:10.524409941
110.37,1,09:52:10.525216942
110.37,1,09:52:10.700714684
110.37,1,09:52:12.019636727
110.38,2,09:52:23.800339732
110.38,2,09:52:23.800357866
110.38,1,09:52:28.649722975
110.38,1,09:52:28.650451435
110.38,7,09:52:28.830519455
110.38,4,09:52:28.830641570
110.38,2,09:52:28.830912712
110.38,2,09:52:28.831011902
110.38,9,09:52:28.831134280
110.38,18,09:52:34.694407521
110.38,10,09:52:34.694407521
110.38,1,09:52:34.694558141
110.38,1,09:52:34.694586112
110.38,2,09:52:34.695125514
110.38,1,09:52:34.742597582
110.38,4,09:52:39.198111837
110.38,2,09:52:39.198557649
110.38,9,09:52:39.206718608
110.38,1,09:52:39.206799997
110.38,2,09:52:39.207243395
110.38,12,09:52:39.207243395
110.38,17,09:52:39.207363939
110.38,1,09:52:39.207611712
110.38,2,09:52:39.207722015
110.37,1,09:52:40.743689568
110.37,3,09:52:46.068346267
110.37,1,09:52:46.068346267
110.37,1,09:52:54.519282106
110.37,1,09:52:58.590838323
110.37,1,09:52:59.115207108
110.38,1,09:53:07.412539509
110.38,1,09:53:07.498378464
110.38,1,09:53:07.498596037
110.38,1,09:53:17.761359483
110.38,2,09:53:17.761359483
110.38,1,09:53:17.761720139
110.38,2,09:53:17.761809044
110.38,9,09:53:17.761936497
110.37,1,09:53:41.867170270
110.37,3,09:53:41.881611830
110.37,2,09:53:41.884577834
110.37,6,09:53:41.884687942
110.37,26,09:53:41.884687942
110.37,8,09:53:41.884811161
110.37,1,09:53:41.895686871
110.37,5,09:53:41.895686871
110.37,5,09:53:41.896524919
110.37,12,09:53:41.911404612
110.37,1,09:53:41.911461211
110.37,2,09:53:41.911461211
110.37,7,09:53:41.912010849
110.38,1,09:53:50.215646065
110.38,1,09:53:50.216186414
110.38,1,09:53:50.216384698
110.38,1,09:53:50.216398730
110.38,1,09:53:50.216414234
110.38,1,09:53:50.216454692
110.38,1,09:53:58.047840687
110.38,2,09:53:58.048160364
110.38,1,09:53:58.048160364
110.38,1,09:53:58.048343558
110.38,3,09:53:58.048548085
110.38,11,09:53:58.048701179
110.38,1,09:53:58.048701179
110.38,3,09:53:58.048843753
110.38,1,09:53:58.048843753
110.38,1,09:54:13.492246743
110.38,1,09:54:13.492372624
110.38,1,09:54:13.492388186
110.38,3,09:54:13.492388186
110.38,1,09:54:13.492402675
110.38,2,09:54:13.492402675
110.38,1,09:54:23.754647045
110.38,1,09:54:23.754815041
110.38,1,09:54:23.754843156
110.38,1,09:54:23.754867522
110.38,1,09:54:25.809004626
110.38,3,09:54:25.809020725
110.38,1,09:54:25.809036725
110.38,2,09:54:25.809053679
110.38,1,09:54:25.809076047
110.38,1,09:54:25.809090056
110.38,1,09:54:25.809103807
110.38,1,09:54:25.809117807
110.38,1,09:54:25.809131650
110.38,1,09:54:25.809145816
110.38,2,09:54:25.854994138
110.38,2,09:54:25.855062918
110.38,1,09:54:25.855062918
110.38,4,09:54:28.781829667
110.38,1,09:54:34.484524675
110.38,1,09:54:34.484540975
110.38,1,09:54:34.580777873
110.38,4,09:54:34.580777873
110.38,1,09:54:34.580995754
110.38,25,09:54:34.581016228
110.38,2,09:54:34.581016228
110.38,1,09:54:34.581016228
110.38,10,09:54:34.581016228
110.38,1,09:54:34.581154326
110.38,1,09:54:34.581679548
110.38,1,09:54:34.871413587
110.39,2,09:54:53.299832857
110.39,2,09:54:53.302302185
110.4,2,09:54:58.274674027
110.4,1,09:54:58.274760971
110.4,1,09:54:58.274775848
110.4,1,09:54:58.275437892
110.4,2,09:54:58.275466099
110.4,1,09:54:58.275466099
110.4,1,09:54:58.411600514
110.39,2,09:55:02.979919797
110.39,1,09:55:02.979919797
110.39,1,09:55:02.979934504
110.39,3,09:55:02.979934504
110.39,1,09:55:02.979948825
110.39,1,09:55:02.979975800
110.39,4,09:55:14.776187980
110.39,1,09:55:14.776187980
110.39,3,09:55:14.776594114
110.39,1,09:55:14.776947445
110.39,1,09:55:14.776962597
110.39,1,09:55:14.779518233
110.39,3,09:55:14.779518233
110.39,2,09:55:15.182497362
110.4,2,09:55:16.593719722
110.4,1,09:55:16.593734269
110.4,1,09:55:16.593749219
110.4,3,09:55:16.593749219
110.4,1,09:55:16.593763747
110.4,1,09:55:16.593777696
110.4,10,09:55:16.593792150
110.4,1,09:55:16.593807302
110.4,2,09:55:16.593807302
110.4,1,09:55:16.593827523
110.4,1,09:55:16.593885485
110.4,18,09:55:16.593899568
110.4,9,09:55:16.593913945
110.4,30,09:55:16.593927318
110.4,6,09:55:16.593942624
110.4,10,09:55:16.593959654
110.4,8,09:55:16.593973805
110.4,1,09:55:16.595281486
110.4,1,09:55:16.595281896
110.4,2,09:55:16.595468239
110.4,1,09:55:16.595483931
110.4,3,09:55:16.595636280
110.4,4,09:55:16.595660907
110.4,1,09:55:16.716082148
110.4,10,09:55:16.716082148
110.4,14,09:55:16.716082148
110.4,1,09:55:16.716115265
110.4,23,09:55:16.815542683
110.4,1,09:55:16.815562955
110.4,18,09:55:16.815562955
110.4,3,09:55:16.815562955
110.41,1,09:55:17.555716884
110.41,1,09:55:17.556287005
110.41,3,09:55:17.611827383
110.41,1,09:55:17.611827383
110.41,2,09:55:17.611827383
110.41,1,09:55:17.611848859
110.41,2,09:55:17.611848859
110.41,1,09:55:17.612849475
110.41,2,09:55:17.612849475
110.41,2,09:55:17.612870048
110.41,1,09:55:17.612870048
110.41,1,09:55:17.613222576
110.41,2,09:55:17.613356317
110.41,3,09:55:17.613476662
110.41,1,09:55:17.613735187
110.41,1,09:55:21.828861615
110.41,1,09:55:21.966716282
110.41,4,09:55:21.967008624
110.41,2,09:55:21.967107587
110.41,2,09:55:21.967217267
110.41,1,09:55:21.967231731
110.41,1,09:55:21.967535196
110.41,15,09:55:21.967639792
110.41,2,09:55:21.968820747
110.41,1,09:55:21.968838344
110.41,2,09:55:21.968838344
110.41,1,09:55:21.994486946
110.41,1,09:55:21.994588316
110.41,1,09:55:21.994607375
110.41,1,09:55:25.075898802
110.41,2,09:55:25.075976331
110.41,3,09:55:25.075991807
110.42,1,09:55:25.689115621
110.42,4,09:55:25.689115621
110.42,1,09:55:29.160121613
110.41,4,09:55:29.214944549
110.41,6,09:55:29.215050434
110.41,7,09:55:30.834802606
110.41,3,09:55:30.834951453
110.41,1,09:55:30.834975025
110.41,3,09:55:30.834975025
110.41,2,09:55:30.834975025
110.41,14,09:55:30.834975025
110.41,1,09:55:30.834989632
110.41,8,09:55:30.834989632
110.41,1,09:55:30.835615558
110.41,1,09:55:30.835633007
110.41,2,09:55:30.836774134
110.41,1,09:55:30.839151857
110.41,1,09:55:48.016827796
110.42,2,09:55:57.836207484
110.42,4,09:55:57.836289509
110.41,6,09:55:58.347623964
110.42,12,09:56:04.668358493
110.42,2,09:56:04.668850458
110.42,2,09:56:04.669340760
110.42,4,09:56:04.669340760
110.42,1,09:56:04.669545026
110.42,3,09:56:04.669559880
110.42,2,09:56:04.669576600
110.42,8,09:56:04.704721994
110.41,2,09:56:12.093542185
110.41,1,09:56:18.354022239
110.4,1,09:56:19.699765963
110.41,4,09:56:20.224135610
110.41,2,09:56:20.224150812
110.41,1,09:56:20.227049207
110.41,2,09:56:20.259591441
110.41,1,09:56:20.259672513
110.41,1,09:56:20.260348682
110.41,1,09:56:22.462780145
110.41,2,09:56:36.405642191
110.41,3,09:56:36.580693717
110.41,1,09:56:36.580930188
110.41,1,09:56:36.582925909
110.41,1,09:56:36.587376345
110.41,2,09:56:36.587701945
110.41,1,09:56:36.588406367
110.41,2,09:56:36.588663905
110.41,1,09:56:36.588663905
110.41,16,09:56:36.600975034
110.41,2,09:56:36.600996154
110.41,8,09:56:36.654319200
110.41,1,09:56:36.654319200
110.41,4,09:56:39.836725761
110.41,2,09:56:39.836939213
110.41,5,09:56:39.837261549
110.41,2,09:56:46.297294835
110.41,1,09:56:46.297294835
110.41,1,09:57:05.213573569
110.41,1,09:57:05.213587678
110.41,1,09:57:05.213602881
110.41,1,09:57:05.213630411
110.41,1,09:57:05.214308909
110.41,1,09:57:14.413295210
110.41,1,09:57:15.724718096
110.41,2,09:57:20.798688102
110.41,7,09:57:20.799274219
110.41,1,09:57:29.763211099
110.41,2,09:57:29.763345846
110.41,1,09:57:29.765838803
110.41,1,09:57:31.023791660
110.4,100,09:57:34.027313573
110.4,100,09:57:40.410762475
110.4,3,09:57:42.022186617
110.4,2,09:57:42.026200429
110.4,7,09:57:42.026673443
110.4,4,09:57:42.026871030
110.4,2,09:57:42.027179897
110.4,8,09:57:42.029018436
110.4,2,09:57:42.029124593
110.4,89,09:57:42.029543476
110.4,1,09:57:50.324331374
110.4,1,09:57:57.254347334
110.4,1,09:58:24.932556852
110.4,1,09:58:56.609665057
110.4,1,09:58:56.609757376
110.4,6,09:58:56.609782304
110.4,7,09:58:56.609782304
110.4,1,09:58:56.609782304
110.4,45,09:59:17.005720254
110.4,17,09:59:17.005720254
110.4,1,09:59:17.005720254
110.4,7,09:59:17.005720254
110.4,7,09:59:17.006059870
110.4,21,09:59:17.006284388
110.4,2,09:59:21.378470923
110.4,1,09:59:30.063674919
110.4,3,09:59:30.814238160
110.4,3,09:59:30.814371913
110.4,1,09:59:30.814401843
110.4,3,09:59:30.814401843
110.41,1,09:59:43.109778511
110.41,2,09:59:43.109863179
110.41,1,09:59:43.109863179
110.41,1,09:59:48.716949179
110.41,3,09:59:48.716949179
110.41,1,09:59:48.716961937
110.41,1,09:59:48.716976462
110.41,1,09:59:48.716996417
110.41,1,09:59:48.717756330
110.41,1,09:59:48.718147357
110.41,1,10:00:00.020846117
110.41,1,10:00:00.020983474
110.41,7,10:00:00.020983474
110.42,7,10:00:00.052690299
110.42,2,10:00:00.054733987
110.41,1,10:00:00.055190748
110.41,1,10:00:00.055476428
110.41,1,10:00:00.094247260
110.41,1,10:00:00.094333858
110.42,3,10:00:00.094358860
110.41,1,10:00:00.094358860
110.41,1,10:00:01.878441238
110.41,1,10:00:05.399142501
110.41,1,10:00:05.399269679
110.41,1,10:00:05.400093835
110.4,1,10:00:17.966041996
110.4,9,10:00:17.966388044
110.4,1,10:00:17.966879055
110.4,1,10:00:22.221150245
110.4,21,10:00:22.221225234
110.4,6,10:00:22.221244230
110.4,21,10:00:22.221879678
110.4,32,10:00:32.050936931
110.4,1,10:00:32.051020227
110.4,6,10:00:32.051037523
110.4,1,10:00:32.051037523
110.4,1,10:00:40.424135811
110.41,1,10:00:46.672953526
110.41,1,10:00:46.673050115
110.41,1,10:00:46.673337538
110.41,1,10:00:46.673354870
110.41,1,10:00:46.673670741
110.41,1,10:00:57.200959629
110.41,1,10:01:00.026987614
110.41,1,10:01:01.214406916
110.41,1,10:01:01.214787853
110.41,2,10:01:01.214804570
110.41,3,10:01:01.215304442
110.41,1,10:01:03.835261258
110.4,1,10:01:11.638302147
110.4,1,10:01:17.303337863
110.4,1,10:01:17.579815217
110.4,1,10:01:17.580530090
110.4,1,10:01:19.226913685
110.41,2,10:01:37.999805028
110.41,1,10:01:38.000220775
110.41,3,10:01:38.000233856
110.41,1,10:01:38.000252215
110.41,1,10:01:38.000266163
110.41,2,10:01:38.000402259
110.41,1,10:01:38.000566465
110.41,1,10:01:38.017248239
110.41,1,10:01:38.017261903
110.41,1,10:01:38.017289422
110.41,1,10:01:38.017303071
110.41,1,10:01:38.017316130
110.41,1,10:01:38.017339701
110.41,3,10:01:38.017867274
110.41,2,10:01:38.017891175
110.41,1,10:01:38.017913623
110.41,2,10:01:38.017949390
110.41,3,10:01:38.018093399
110.41,2,10:01:38.018124945
110.41,2,10:01:38.018414408
110.41,1,10:01:38.018428113
110.41,8,10:01:38.018590750
110.4,1,10:01:48.669797178
110.4,1,10:01:48.669899072
110.4,1,10:01:53.601797017
110.4,1,10:01:59.144842916
110.4,1,10:02:00.125281462
110.4,1,10:02:02.096608866
110.4,1,10:02:24.963930557
110.4,1,10:02:24.964037372
110.41,2,10:02:30.961244247
110.41,3,10:02:30.962113018
110.41,1,10:02:30.962648447
110.41,1,10:02:34.434126563
110.41,3,10:02:34.434126563
110.42,11,10:02:40.679813277
110.42,1,10:02:40.679916426
110.42,1,10:02:40.680338271
110.42,1,10:02:55.693778696
110.42,2,10:03:01.602506654
110.42,2,10:03:05.364939990
110.42,21,10:03:19.063633572
110.42,17,10:03:19.074440388
110.42,1,10:03:19.074440388
110.42,1,10:03:23.902818278
110.42,1,10:03:23.903306265
110.42,5,10:03:23.903645663
110.42,25,10:03:23.914078326
110.41,1,10:03:35.111451860
110.41,2,10:03:35.111451860
110.41,1,10:03:35.111815383
110.41,1,10:03:35.111832334
110.41,2,10:03:35.111832334
110.41,6,10:03:35.111860766
110.41,1,10:03:35.111860766
110.41,8,10:03:35.111860766
110.41,20,10:03:35.111860766
110.41,13,10:03:35.111860766
110.41,18,10:03:35.111860766
110.41,2,10:03:35.111875124
110.41,1,10:03:35.111875124
110.41,1,10:03:35.111897719
110.41,4,10:03:35.112473143
110.41,1,10:03:35.112508676
110.41,6,10:03:35.112837610
110.41,2,10:03:47.035209553
110.41,4,10:03:47.035209553
110.41,4,10:03:47.035328773
110.41,6,10:03:47.039785568
110.41,6,10:03:47.039901988
110.42,10,10:03:58.446073606
110.42,10,10:03:58.448202142
110.42,4,10:04:06.097266191
110.42,1,10:04:06.097338063
110.41,1,10:04:17.573750752
110.41,2,10:04:17.573750752
110.41,1,10:04:17.574204527
110.41,1,10:04:18.257319960
110.41,1,10:04:28.100856682
110.41,1,10:04:28.101003011
110.41,1,10:04:28.101044006
110.41,2,10:04:28.101044006
110.41,30,10:04:28.101044006
110.41,7,10:04:28.103768947
110.4,1,10:04:35.923518489
110.4,1,10:04:35.924658050
110.4,1,10:04:39.782775948
110.41,1,10:05:06.795922037
110.4,2,10:05:23.411884024
110.4,1,10:05:23.412509665
110.4,5,10:05:23.413057220
110.4,3,10:05:23.413086218
110.4,1,10:05:23.413101070
110.4,1,10:05:23.413115425
110.4,1,10:05:23.413128542
110.4,1,10:05:23.413144516
110.4,1,10:05:23.413169310
110.4,6,10:05:23.413343050
110.4,6,10:05:23.413371200
110.4,1,10:05:37.291168254
110.4,2,10:05:37.291581170
110.4,1,10:05:37.291581170
110.4,3,10:05:37.291581170
110.4,1,10:05:59.091899176
110.4,1,10:05:59.092221416
110.4,2,10:05:59.092334647
110.4,2,10:05:59.092359607
110.4,1,10:05:59.092359607
110.4,1,10:06:06.160903711
110.4,1,10:06:08.064933179
110.4,1,10:06:37.372669176
110.4,1,10:06:37.372755777
110.4,1,10:06:37.372779621
110.4,2,10:06:37.372779621
110.39,1,10:06:37.884319104
110.39,1,10:06:37.884334662
110.39,48,10:06:37.884334662
110.39,50,10:06:38.337650462
110.39,2,10:06:38.777268559
110.39,2,10:06:38.777435887
110.39,18,10:06:38.777450574
110.39,1,10:06:38.777450574
110.39,1,10:06:38.777465948
110.39,1,10:06:38.777482246
110.39,1,10:06:38.777496274
110.39,16,10:06:38.777512850
110.39,4,10:06:39.230693077
110.39,11,10:06:39.230834072
110.39,1,10:06:39.230834072
110.39,2,10:06:39.230866385
110.39,1,10:06:39.230866385
110.39,5,10:06:39.230866385
110.38,1,10:06:39.724345764
110.38,2,10:06:39.724444378
110.38,27,10:06:39.724464247
110.38,1,10:06:39.724464247
110.38,12,10:06:39.724464247
110.38,6,10:06:39.724464247
110.39,5,10:06:41.055608839
110.39,17,10:06:54.340884318
110.39,1,10:06:54.340898417
110.39,1,10:06:54.340911931
110.39,2,10:06:54.341072369
110.39,2,10:06:54.341086696
110.39,1,10:06:54.341100206
110.39,1,10:06:54.341114958
110.38,2,10:07:03.273706030
110.38,2,10:07:03.274978029
110.37,1,10:07:18.524207458
110.37,10,10:07:18.524207458
110.37,2,10:07:18.524207458
110.37,2,10:07:18.524319469
110.37,10,10:07:18.524352203
110.37,1,10:07:18.524352203
110.37,18,10:07:18.524352203
110.37,3,10:07:18.524352203
110.37,23,10:07:18.941851072
110.37,18,10:07:18.941851072
110.37,2,10:07:18.941931034
110.37,3,10:07:18.941950432
110.37,2,10:07:18.941950432
110.37,8,10:07:19.389640740
110.37,42,10:07:19.412709620
110.37,1,10:07:19.412709620
110.37,10,10:07:19.853102530
110.37,40,10:07:19.875334394
110.37,11,10:07:20.340532493
110.37,39,10:07:20.363086996
110.37,1,10:07:20.363169882
110.37,3,10:07:20.363186558
110.37,1,10:07:20.363186558
110.38,2,10:07:24.183948047
110.38,1,10:07:24.183948047
110.38,2,10:07:24.184067414
110.38,1,10:07:24.184095584
110.38,15,10:07:24.306750589
110.38,1,10:07:45.169293223
110.38,1,10:07:45.169512428
110.38,5,10:07:45.169782602
110.38,3,10:07:45.169809456
110.38,1,10:08:01.838884406
110.38,1,10:08:05.381164656
110.38,6,10:08:07.343520300
110.38,2,10:08:07.344386239
110.38,2,10:08:10.267754093
110.38,1,10:08:10.267754093
110.38,1,10:08:28.747874859
110.38,1,10:08:28.748609729
110.38,2,10:08:28.748609729
110.37,2,10:09:06.414188134
110.37,1,10:09:06.414188134
110.37,2,10:09:06.414894012
110.37,1,10:09:06.414894012
110.38,1,10:09:20.523365902
110.38,2,10:09:20.525256701
110.38,1,10:09:20.525582742
110.37,1,10:09:33.426579199
110.37,2,10:09:51.844010352
110.37,1,10:09:51.844010352
110.36,2,10:10:09.724690045
110.36,1,10:10:09.724690045
110.36,2,10:10:09.736410640
110.36,1,10:10:09.737154489
110.36,1,10:10:09.738113126
110.36,2,10:10:09.746272658
110.36,1,10:10:09.753327042
110.37,1,10:10:51.427224453
110.37,1,10:10:53.636677504
110.37,1,10:11:00.643365712
110.37,1,10:11:00.643496537
110.37,1,10:11:00.643525107
110.37,1,10:11:00.643548467
110.37,13,10:11:00.644209314
110.37,1,10:11:00.644591791
110.37,1,10:11:31.200198378
110.37,174,10:11:31.200198378
110.37,2,10:11:31.200377709
110.36,1,10:11:36.856816396
110.36,2,10:11:36.856816396
110.36,1,10:11:38.854588066
110.36,2,10:11:38.855578373
110.36,3,10:11:44.135450252
110.36,1,10:11:44.135450252
110.36,1,10:11:44.135528067
110.36,2,10:11:44.135551596
110.36,1,10:11:44.135551596
110.36,1,10:11:44.135961145
110.36,3,10:11:44.136084383
110.36,13,10:11:44.136489651
110.36,3,10:11:44.136489651
110.36,1,10:11:51.958028390
110.36,1,10:11:51.958161023
110.36,1,10:11:51.958185868
110.36,2,10:11:51.958185868
110.36,3,10:11:51.958185868
110.36,10,10:11:51.958206156
110.36,1,10:11:51.958206156
110.36,1,10:11:51.958600694
110.36,1,10:11:51.959110636
110.35,7,10:12:41.825747611
110.35,6,10:12:41.825747611
110.35,2,10:12:41.825854034
110.35,1,10:12:41.825868895
110.35,9,10:12:41.825868895
110.35,18,10:12:41.826530316
110.35,2,10:12:41.826530316
110.35,1,10:12:50.529404574
110.35,1,10:12:50.529742671
110.35,2,10:12:50.530875914
110.35,1,10:12:50.531325126
110.35,2,10:12:50.531745530
110.35,2,10:12:51.036520149
110.35,2,10:12:51.043438991
110.35,1,10:12:51.512454116
110.35,1,10:12:51.553402153
110.35,1,10:12:51.601946574
110.35,1,10:12:53.382768514
110.35,6,10:13:16.778060135
110.35,19,10:13:16.778060135
110.35,2,10:13:21.092130264
110.35,3,10:13:21.092383529
110.35,3,10:13:21.092565340
110.35,11,10:13:21.092565340
110.35,1,10:13:21.092640342
110.35,11,10:13:21.092640342
110.35,1,10:13:21.092790098
110.35,1,10:13:21.093188086
110.35,2,10:13:21.093615368
110.35,11,10:13:21.093635797
110.35,1,10:13:21.093635797
110.35,1,10:13:21.095308925
110.35,12,10:13:24.053160314
110.35,6,10:13:24.053240720
110.35,4,10:13:24.053257469
110.35,1,10:13:24.053257469
110.36,2,10:13:33.905332513
110.36,1,10:13:33.905332513
110.36,2,10:13:33.905443320
110.36,1,10:13:33.905468331
110.36,10,10:13:33.905468331
110.36,1,10:13:33.906338295
110.36,1,10:13:33.906365377
110.36,10,10:13:38.807216331
110.35,6,10:13:53.451766126
110.35,1,10:13:53.451766126
110.35,1,10:13:53.451877188
110.35,1,10:13:53.451893746
110.35,2,10:13:53.451909323
110.35,1,10:13:53.451909323
110.35,8,10:13:53.451909323
110.35,1,10:13:56.529053548
110.35,1,10:13:56.529174543
110.35,1,10:13:56.529210601
110.35,6,10:13:56.529210601
110.35,2,10:13:56.529210601
110.35,9,10:13:56.529210601
110.35,1,10:14:01.162104689
110.35,1,10:14:03.294429274
110.35,1,10:14:09.316380316
110.35,1,10:14:12.592779814
110.35,1,10:14:13.876157893
110.35,1,10:14:13.876569669
110.35,5,10:14:18.500289246
110.35,1,10:14:18.500775133
110.35,4,10:14:18.500879012
110.35,1,10:14:18.500879012
110.35,1,10:14:18.500967194
110.35,1,10:14:18.501253854
110.35,4,10:14:18.501268765
110.35,3,10:14:18.501514785
110.35,2,10:14:18.501629750
110.35,1,10:14:18.770536550
110.36,1,10:15:08.819639726
110.36,5,10:15:08.820212346
110.36,1,10:15:09.991373868
110.36,1,10:15:09.991982092
110.37,1,10:15:19.948357626
110.36,3,10:15:28.197510902
110.36,37,10:15:28.197859593
110.36,10,10:15:28.197991347
110.36,1,10:15:28.197991347
110.35,1,10:15:28.331039778
110.35,3,10:15:28.331177192
110.35,2,10:15:28.331488879
110.35,1,10:15:28.331488879
110.35,1,10:15:28.331535377
110.35,9,10:15:28.331535377
110.35,6,10:15:28.331535377
110.35,10,10:15:28.331535377
110.35,1,10:15:38.318597889
110.35,2,10:15:38.319250483
110.35,13,10:15:38.319250483
110.35,1,10:15:38.319403229
110.35,2,10:15:38.319403229
110.35,1,10:15:38.319417136
110.35,10,10:15:38.319973801
110.35,6,10:15:38.320276799
110.35,3,10:15:38.320276799
110.35,1,10:15:38.320312521
110.35,1,10:15:38.320330566
110.35,4,10:15:38.320415529
110.35,10,10:15:38.320435039
110.35,1,10:15:38.320607209
110.35,2,10:15:38.320640748
110.35,4,10:15:38.321174850
110.35,1,10:15:38.321857150
110.35,8,10:15:38.321857150
110.35,7,10:15:38.321857150
110.35,1,10:15:38.321994635
110.35,4,10:15:38.322013422
110.35,1,10:15:38.322013422
110.35,4,10:15:38.322430699
110.35,1,10:15:38.323039047
110.35,2,10:15:38.323039047
110.34,2,10:15:49.389631631
110.34,1,10:15:49.389752805
110.34,2,10:15:49.389752805
110.34,4,10:15:49.389752805
110.34,1,10:16:08.279879404
110.34,1,10:16:08.761745184
110.34,3,10:17:08.061120807
110.34,22,10:17:08.061406021
110.34,11,10:17:08.072978836
110.34,10,10:17:16.275713793
110.34,4,10:17:16.286483529
110.34,2,10:17:16.286503222
110.34,10,10:17:16.298432182
110.34,3,10:17:17.145071625
110.34,1,10:17:17.145152042
110.34,1,10:17:17.145641097
110.34,1,10:17:17.145656576
110.34,2,10:17:19.724369889
110.34,2,10:17:19.724768356
110.33,1,10:17:22.083404299
110.33,3,10:17:44.415713361
110.33,1,10:17:44.415727111
110.33,1,10:17:44.415742600
110.33,2,10:17:44.415742600
110.33,1,10:17:44.415756788
110.33,3,10:17:44.415770708
110.33,1,10:17:44.415787486
110.33,1,10:17:44.417830726
110.32,1,10:17:56.928350752
110.32,1,10:18:04.116721699
110.32,1,10:18:04.395236265
110.32,3,10:18:07.040348058
110.32,1,10:18:14.677703525
110.32,2,10:18:21.447162278
110.32,1,10:18:21.447455350
110.32,1,10:18:26.343327753
110.32,1,10:18:26.343480675
110.32,1,10:18:28.150405820
110.32,10,10:18:33.663011143
110.32,1,10:18:34.855858130
110.32,1,10:18:34.869402120
110.32,1,10:18:35.934892853
110.32,1,10:18:35.934907419
110.32,2,10:18:35.935011774
110.32,1,10:18:35.935052862
110.32,2,10:18:35.935052862
110.32,3,10:18:35.935052862
110.32,3,10:18:35.935500017
110.32,1,10:18:35.935657651
110.32,3,10:18:37.931916807
110.32,1,10:18:37.932160506
110.32,1,10:18:37.932369366
110.32,4,10:18:37.932369366
110.32,5,10:18:37.932462560
110.32,1,10:18:37.932557733
110.32,2,10:18:37.932857846
110.32,1,10:18:37.932857846
110.32,5,10:18:37.932987549
110.32,1,10:18:37.932987549
110.32,2,10:18:37.932987549
110.32,1,10:18:37.933159549
110.32,3,10:18:37.933487459
110.32,1,10:18:37.933487459
110.32,1,10:18:41.144351865
110.33,1,10:19:04.207011230
110.33,4,10:19:04.207365972
110.33,1,10:19:04.207460484
110.33,1,10:19:04.208317194
110.33,1,10:19:07.052800686
110.32,2,10:19:13.882486772
110.32,1,10:19:13.882543819
110.32,2,10:19:27.321101159
110.32,10,10:19:27.321199181
110.32,2,10:19:27.321224099
110.32,1,10:19:27.321224099
110.32,5,10:19:46.580191561
110.32,5,10:19:46.580287554
110.32,13,10:19:46.581555227
110.32,10,10:19:46.581620916
110.32,1,10:19:46.581637156
110.32,1,10:19:46.581652939
110.32,1,10:19:46.581668734
110.32,1,10:19:46.581686330
110.32,4,10:20:03.703026634
110.32,2,10:20:03.703026634
110.32,4,10:20:03.703774896
110.32,1,10:20:03.703789747
110.32,6,10:20:03.703789747
110.32,2,10:20:03.703841868
110.31,4,10:20:33.754274604
110.31,1,10:20:33.754274604
110.3,1,10:21:45.276019988
110.3,1,10:21:45.276106762
110.3,3,10:21:45.276264788
110.31,1,10:21:47.369751690
110.3,2,10:21:50.103753490
110.3,3,10:21:50.103766661
110.31,1,10:21:51.239566403
110.31,3,10:21:57.720803078
110.31,1,10:21:57.720920611
110.31,10,10:21:57.720944713
110.31,1,10:21:57.720944713
110.31,27,10:21:57.720959084
110.3,14,10:21:59.206725660
110.3,1,10:22:04.115928100
110.3,3,10:22:12.580196102
110.3,2,10:22:19.814402786
110.3,10,10:22:19.814402786
110.29,1,10:22:22.438595337
110.29,6,10:22:22.439005084
110.29,2,10:22:22.444921213
110.29,2,10:22:31.496639038
110.29,1,10:22:31.496702565
110.29,1,10:22:38.444785489
110.29,2,10:22:38.497919455
110.29,2,10:22:38.511904202
110.29,1,10:22:39.646976232
110.29,1,10:22:45.445305452
110.29,2,10:22:45.445360899
110.29,3,10:22:45.446300123
110.29,2,10:22:45.446364484
110.29,1,10:22:45.446574011
110.29,15,10:22:45.446618580
110.29,1,10:22:45.446966161
110.29,5,10:22:45.447921994
110.29,8,10:22:45.447921994
110.29,1,10:22:45.449609378
110.29,1,10:22:45.678359765
110.29,1,10:22:45.681625551
110.29,1,10:22:47.317132313
110.29,1,10:22:47.317312361
110.28,8,10:22:48.265866966
110.28,6,10:22:48.265866966
110.28,6,10:22:48.265947961
110.28,13,10:22:48.265963123
110.28,17,10:22:48.265963123
110.29,1,10:22:48.793311865
110.29,1,10:22:48.796495209
110.29,1,10:22:48.798113137
110.29,1,10:22:48.799107997
110.28,4,10:22:48.833202932
110.28,18,10:22:48.833202932
110.28,6,10:22:48.833301121
110.28,3,10:22:48.833323627
110.28,7,10:22:48.833323627
110.28,10,10:22:48.833323627
110.28,1,10:22:48.833323627
110.29,6,10:22:48.863511893
110.29,4,10:22:48.863511893
110.29,1,10:22:48.863511893
110.29,1,10:22:48.896306663
110.28,5,10:22:48.944797158
110.28,10,10:22:48.944927231
110.28,2,10:22:48.944948383
110.28,1,10:22:48.944948383
110.28,6,10:22:48.944948383
110.28,9,10:22:48.944948383
110.28,11,10:22:48.944948383
110.28,4,10:22:48.944965817
110.28,1,10:22:48.944965817
110.28,2,10:22:49.380716133
110.28,3,10:22:49.380857154
110.28,1,10:22:49.380857154
110.28,1,10:22:49.380885653
110.28,18,10:22:49.380885653
110.28,5,10:22:49.380885653
110.28,10,10:22:49.380885653
110.28,2,10:22:49.380885653
110.28,4,10:22:49.380885653
110.29,1,10:22:49.610700624
110.29,4,10:22:49.610700624
110.29,1,10:22:49.610714717
110.29,6,10:22:49.612264879
110.29,1,10:22:49.613074417
110.29,1,10:22:49.617494344
110.29,1,10:22:52.149174380
110.29,1,10:22:52.149287596
110.3,1,10:22:57.726048392
110.3,1,10:22:57.726329960
110.3,3,10:22:57.726345076
110.3,1,10:22:57.726345076
110.3,2,10:22:57.726360209
110.3,1,10:22:57.726360209
110.3,1,10:22:57.726565095
110.3,1,10:22:57.726584871
110.3,1,10:22:57.726606452
110.3,2,10:22:57.726627337
110.3,1,10:22:57.726650608
110.3,1,10:22:57.726669629
110.3,1,10:22:57.726692150
110.3,1,10:22:57.726711824
110.3,1,10:22:57.726726903
110.3,1,10:22:57.726752075
110.3,2,10:22:57.727947360
110.29,2,10:22:58.481557397
110.29,14,10:22:58.481557397
110.29,1,10:22:58.481650719
110.29,2,10:22:58.481671691
110.29,1,10:22:58.481671691
110.29,10,10:22:58.481671691
110.29,4,10:22:58.481690661
110.29,1,10:22:58.481690661
110.29,10,10:22:58.481690661
110.3,1,10:23:13.344815071
110.3,1,10:23:13.344894412
110.3,1,10:23:13.379215382
110.3,1,10:23:18.204838160
110.3,2,10:23:19.615407330
110.3,1,10:23:56.514470922
110.3,6,10:23:56.514497761
110.3,7,10:23:56.690570398
110.3,2,10:23:57.111688544
110.3,8,10:23:57.112055881
110.3,10,10:23:57.135597570
110.3,26,10:23:57.159124399
110.3,10,10:23:57.159253067
110.3,1,10:23:57.159281813
110.3,2,10:23:57.159281813
110.3,4,10:23:57.159281813
110.29,1,10:24:09.216525498
110.29,3,10:24:09.216525498
110.29,10,10:24:09.216637207
110.29,2,10:24:09.216670241
110.29,1,10:24:09.216670241
110.29,10,10:24:09.216670241
110.29,15,10:24:09.216670241
110.29,1,10:24:09.217288330
110.3,1,10:24:50.115894654
110.3,3,10:24:50.116152590
110.3,1,10:24:50.116166052
110.3,1,10:24:50.116181886
110.3,1,10:25:13.326900382
110.3,2,10:25:13.326916990
110.3,3,10:25:13.327415210
110.3,2,10:25:13.327415210
110.3,4,10:25:13.327664340
110.3,14,10:25:13.327821742
110.3,17,10:25:13.338522328
110.3,2,10:25:13.338522328
110.3,6,10:25:13.338522328
110.3,14,10:25:13.339228510
110.3,1,10:25:13.339228510
110.3,25,10:25:28.514132452
110.31,1,10:27:02.044990957
110.31,10,10:27:02.045095917
110.31,1,10:27:02.045113155
110.31,3,10:27:02.045113155
110.31,2,10:27:02.600211603
110.31,1,10:27:17.086176973
110.31,1,10:27:25.023530192
110.31,1,10:27:25.023838771
110.32,1,10:27:59.454785191
110.32,1,10:27:59.454928705
110.32,1,10:27:59.454960472
110.32,1,10:27:59.456384982
110.31,2,10:28:48.698775620
110.31,1,10:28:48.698932212
110.31,1,10:28:48.698952705
110.31,1,10:28:48.698980321
110.31,10,10:28:48.698980321
110.31,1,10:28:48.700041098
110.31,1,10:28:48.700061773
110.31,1,10:28:48.700331482
110.31,21,10:28:52.770850314
110.31,1,10:28:52.771328288
110.31,24,10:28:52.771328288
110.31,7,10:28:53.524721218
110.31,7,10:28:59.483010081
110.31,10,10:28:59.483276737
110.31,6,10:28:59.483366314
110.31,2,10:28:59.483480247
110.31,18,10:28:59.483704890
110.31,2,10:29:04.250640888
110.31,1,10:29:05.014391489
110.31,4,10:29:09.044546861
110.31,1,10:29:09.044626964
110.31,2,10:29:09.045287632
110.31,3,10:29:09.045435385
