bidVolume,bidPrice,askVolume,askPrice,timestamp
3,2378.7,6,2378.9,08:00:00.005845163
3,2378.7,6,2378.9,08:00:00.006296411
4,2378.7,6,2378.9,08:00:00.007087047
4,2378.7,5,2378.9,08:00:00.007236912
5,2378.7,5,2378.9,08:00:00.008286722
5,2378.7,4,2378.9,08:00:00.008429500
5,2378.7,3,2378.9,08:00:00.008467052
5,2378.7,3,2378.9,08:00:00.008537076
5,2378.7,2,2378.9,08:00:00.008693499
6,2378.7,2,2378.9,08:00:00.073993422
7,2378.7,2,2378.9,08:00:00.074119283
7,2378.7,6,2379.0,08:00:00.363218500
7,2378.7,1,2379.0,08:00:00.363218500
7,2378.7,1,2379.0,08:00:00.363218500
1,2378.8,1,2379.0,08:00:00.363301493
2,2378.8,1,2379.0,08:00:00.363464478
3,2378.8,1,2379.0,08:00:00.363589921
3,2378.8,1,2379.0,08:00:00.363671749
3,2378.8,1,2379.0,08:00:00.363798460
3,2378.8,1,2379.0,08:00:00.363846615
3,2378.8,1,2379.0,08:00:00.363860212
4,2378.8,1,2379.0,08:00:00.363899592
5,2378.8,1,2379.0,08:00:00.363929128
5,2378.8,1,2379.0,08:00:00.363943468
5,2378.8,1,2379.0,08:00:00.363995120
6,2378.8,1,2379.0,08:00:00.364111612
6,2378.8,1,2379.0,08:00:00.364162556
6,2378.8,1,2379.0,08:00:00.364278562
6,2378.8,2,2379.0,08:00:00.364623190
6,2378.8,3,2379.0,08:00:00.364638518
6,2378.8,3,2379.0,08:00:00.364680145
5,2378.8,3,2379.0,08:00:00.364702808
4,2378.8,3,2379.0,08:00:00.364768582
4,2378.8,2,2379.0,08:00:00.364803958
5,2378.8,2,2379.0,08:00:00.364977562
5,2378.8,3,2379.0,08:00:00.365033953
5,2378.8,3,2379.0,08:00:00.371512772
5,2378.8,3,2379.0,08:00:00.374235435
5,2378.8,1,2378.9,08:00:00.382682098
5,2378.8,1,2378.9,08:00:00.382874490
5,2378.8,3,2379.0,08:00:00.383215687
5,2378.8,3,2379.0,08:00:00.383215687
5,2378.8,3,2379.0,08:00:00.383646669
5,2378.8,4,2379.1,08:00:00.388731888
5,2378.8,1,2379.1,08:00:00.388731888
5,2378.8,1,2379.1,08:00:00.388731888
1,2378.9,1,2379.1,08:00:00.388777901
1,2378.9,1,2379.1,08:00:00.388833576
2,2378.9,1,2379.1,08:00:00.388869238
2,2378.9,1,2379.1,08:00:00.388896736
3,2378.9,1,2379.1,08:00:00.389030998
3,2378.9,1,2379.1,08:00:00.389156383
3,2378.9,1,2379.1,08:00:00.389156383
3,2378.9,1,2379.1,08:00:00.389176876
4,2378.9,1,2379.1,08:00:00.389230254
4,2378.9,3,2379.1,08:00:00.389289643
5,2378.9,3,2379.1,08:00:00.389336303
5,2378.9,3,2379.1,08:00:00.389364383
5,2378.9,3,2379.1,08:00:00.389378592
5,2378.9,3,2379.1,08:00:00.389446043
5,2378.9,3,2379.1,08:00:00.389509507
6,2378.9,3,2379.1,08:00:00.389563342
7,2378.9,3,2379.1,08:00:00.389613906
7,2378.9,3,2379.1,08:00:00.389678956
1,2379.0,3,2379.1,08:00:00.389746468
2,2379.0,3,2379.1,08:00:00.389764981
2,2379.0,3,2379.1,08:00:00.389849203
3,2379.0,3,2379.1,08:00:00.389884949
3,2379.0,2,2379.1,08:00:00.389937566
3,2379.0,2,2379.1,08:00:00.389951045
3,2379.0,1,2379.1,08:00:00.389983126
3,2379.0,1,2379.1,08:00:00.390118214
3,2379.0,5,2379.2,08:00:00.390343444
3,2379.0,5,2379.2,08:00:00.390343444
3,2379.0,5,2379.2,08:00:00.390364564
3,2379.0,5,2379.2,08:00:00.390378772
3,2379.0,5,2379.2,08:00:00.390472473
3,2379.0,5,2379.2,08:00:00.390554324
3,2379.0,5,2379.2,08:00:00.390771286
4,2379.0,5,2379.2,08:00:00.390796269
5,2379.0,5,2379.2,08:00:00.390828369
5,2379.0,5,2379.2,08:00:00.390911350
5,2379.0,5,2379.2,08:00:00.390911350
5,2379.0,4,2379.2,08:00:00.390930253
5,2379.0,4,2379.2,08:00:00.391100435
5,2379.0,4,2379.2,08:00:00.392405357
6,2379.0,4,2379.2,08:00:00.393135561
6,2379.0,4,2379.2,08:00:00.393272639
6,2379.0,4,2379.2,08:00:00.398239565
6,2379.0,6,2379.3,08:00:00.406134988
6,2379.0,6,2379.3,08:00:00.406134988
1,2379.1,6,2379.3,08:00:00.406417765
2,2379.1,6,2379.3,08:00:00.406485485
3,2379.1,6,2379.3,08:00:00.406503175
4,2379.1,6,2379.3,08:00:00.406557375
4,2379.1,5,2379.3,08:00:00.406634758
4,2379.1,5,2379.3,08:00:00.406645779
4,2379.1,5,2379.3,08:00:00.406661060
4,2379.1,5,2379.3,08:00:00.406675710
4,2379.1,5,2379.3,08:00:00.406859265
4,2379.1,5,2379.3,08:00:00.406910657
4,2379.1,5,2379.3,08:00:00.406923755
4,2379.1,5,2379.3,08:00:00.406988350
4,2379.1,5,2379.3,08:00:00.407004202
3,2379.1,5,2379.3,08:00:00.407025854
3,2379.1,6,2379.3,08:00:00.407073154
3,2379.1,7,2379.3,08:00:00.407103894
3,2379.1,2,2379.2,08:00:00.407128905
3,2379.1,2,2379.2,08:00:00.407151322
3,2379.1,2,2379.2,08:00:00.407164574
3,2379.1,2,2379.2,08:00:00.407175857
2,2379.1,2,2379.2,08:00:00.407305191
2,2379.1,2,2379.2,08:00:00.407317319
1,2379.1,2,2379.2,08:00:00.407362546
2,2379.1,2,2379.2,08:00:00.407388885
1,2379.1,2,2379.2,08:00:00.407473991
1,2379.1,3,2379.2,08:00:00.407507710
1,2379.1,3,2379.2,08:00:00.407538917
6,2379.0,3,2379.2,08:00:00.407893638
6,2379.0,3,2379.2,08:00:00.407893638
6,2379.0,4,2379.2,08:00:00.408041734
6,2379.0,4,2379.2,08:00:00.408556563
6,2379.0,4,2379.2,08:00:00.408960127
7,2379.0,4,2379.2,08:00:00.414281076
7,2379.0,5,2379.3,08:00:00.441231515
7,2379.0,3,2379.3,08:00:00.441231515
7,2379.0,3,2379.3,08:00:00.441231515
1,2379.1,3,2379.3,08:00:00.441322425
2,2379.1,3,2379.3,08:00:00.441432552
3,2379.1,3,2379.3,08:00:00.441470211
4,2379.1,3,2379.3,08:00:00.441528461
4,2379.1,2,2379.3,08:00:00.441618082
5,2379.1,2,2379.3,08:00:00.441721028
5,2379.1,2,2379.3,08:00:00.441734443
5,2379.1,2,2379.3,08:00:00.441763413
5,2379.1,2,2379.3,08:00:00.441807775
6,2379.1,2,2379.3,08:00:00.441860964
6,2379.1,2,2379.3,08:00:00.441872439
7,2379.1,2,2379.3,08:00:00.441893665
7,2379.1,2,2379.3,08:00:00.441945250
7,2379.1,2,2379.3,08:00:00.442040775
6,2379.1,2,2379.3,08:00:00.442100543
6,2379.1,3,2379.3,08:00:00.442152166
5,2379.1,3,2379.3,08:00:00.442202683
5,2379.1,5,2379.3,08:00:00.444639462
4,2379.1,5,2379.3,08:00:00.444834256
3,2379.1,5,2379.3,08:00:00.448276767
3,2379.1,1,2379.2,08:00:00.448442738
3,2379.1,1,2379.2,08:00:00.448520142
2,2379.1,1,2379.2,08:00:00.448566012
2,2379.1,1,2379.2,08:00:00.448591929
7,2379.0,1,2379.2,08:00:00.448637433
7,2379.0,1,2379.2,08:00:00.448637433
7,2379.0,2,2379.2,08:00:00.448684672
7,2379.0,2,2379.2,08:00:00.448709396
7,2379.0,2,2379.2,08:00:00.448742171
7,2379.0,3,2379.2,08:00:00.448773036
7,2379.0,2,2379.2,08:00:00.448873285
7,2379.0,2,2379.2,08:00:00.448895979
1,2379.1,2,2379.2,08:00:00.448990434
2,2379.1,2,2379.2,08:00:00.449047448
2,2379.1,1,2379.2,08:00:00.449074479
2,2379.1,1,2379.2,08:00:00.449107437
2,2379.1,6,2379.3,08:00:00.449180619
2,2379.1,6,2379.3,08:00:00.449180619
2,2379.1,6,2379.3,08:00:00.449230201
2,2379.1,5,2379.3,08:00:00.449308643
2,2379.1,3,2379.3,08:00:00.452205457
2,2379.1,4,2379.3,08:00:00.452343773
2,2379.1,8,2379.3,08:00:00.459262243
2,2379.1,8,2379.3,08:00:00.464580620
3,2379.1,8,2379.3,08:00:00.635950790
2,2379.1,8,2379.3,08:00:00.898536173
2,2379.1,1,2379.2,08:00:00.898618997
2,2379.1,2,2379.2,08:00:00.898853543
6,2379.0,2,2379.2,08:00:00.898964701
6,2379.0,2,2379.2,08:00:00.898964701
6,2379.0,2,2379.2,08:00:00.899051499
6,2379.0,1,2379.2,08:00:00.899117497
6,2379.0,1,2379.2,08:00:00.899177886
6,2379.0,2,2379.2,08:00:00.899652683
6,2379.0,9,2379.3,08:00:00.899703148
6,2379.0,9,2379.3,08:00:00.899703148
6,2379.0,9,2379.3,08:00:00.899733459
6,2379.0,1,2379.2,08:00:00.899775043
1,2379.1,1,2379.2,08:00:00.899804022
2,2379.1,1,2379.2,08:00:00.899892646
3,2379.1,1,2379.2,08:00:00.900051849
3,2379.1,1,2379.2,08:00:00.900202623
3,2379.1,1,2379.2,08:00:00.900278186
2,2379.1,1,2379.2,08:00:00.900559696
3,2379.1,1,2379.2,08:00:01.113885056
3,2379.1,8,2379.3,08:00:01.114193183
3,2379.1,8,2379.3,08:00:01.114193183
3,2379.1,9,2379.3,08:00:01.114235985
1,2379.2,9,2379.3,08:00:01.114375628
1,2379.2,8,2379.3,08:00:01.114396541
1,2379.2,8,2379.3,08:00:01.114414800
1,2379.2,7,2379.3,08:00:01.114594001
4,2379.1,7,2379.3,08:00:01.114617950
4,2379.1,7,2379.3,08:00:01.114617950
4,2379.1,7,2379.3,08:00:01.114864435
4,2379.1,7,2379.3,08:00:01.114877549
4,2379.1,7,2379.3,08:00:01.114960162
3,2379.1,7,2379.3,08:00:01.115049037
3,2379.1,7,2379.3,08:00:01.167138824
3,2379.1,8,2379.3,08:00:01.932051101
3,2379.1,8,2379.3,08:00:02.110993321
3,2379.1,9,2379.3,08:00:03.053437988
2,2379.1,9,2379.3,08:00:03.053619570
2,2379.1,1,2379.2,08:00:03.053674716
1,2379.1,1,2379.2,08:00:03.053918698
1,2379.1,9,2379.3,08:00:03.054117701
1,2379.1,9,2379.3,08:00:03.054117701
1,2379.1,10,2379.3,08:00:03.054212199
1,2379.1,11,2379.3,08:00:03.054446966
2,2379.1,11,2379.3,08:00:03.054635763
2,2379.1,11,2379.3,08:00:03.054694664
3,2379.1,11,2379.3,08:00:03.054766396
3,2379.1,10,2379.3,08:00:03.054826478
4,2379.1,10,2379.3,08:00:03.054955199
5,2379.1,10,2379.3,08:00:03.055176092
5,2379.1,10,2379.3,08:00:03.055188369
5,2379.1,9,2379.3,08:00:03.055295786
4,2379.1,9,2379.3,08:00:03.113486457
3,2379.1,9,2379.3,08:00:03.113506691
3,2379.1,8,2379.3,08:00:03.116037142
3,2379.1,4,2379.2,08:00:03.117990058
2,2379.1,4,2379.2,08:00:03.118139681
1,2379.1,4,2379.2,08:00:03.118187264
1,2379.1,4,2379.2,08:00:03.118212802
1,2379.1,4,2379.2,08:00:03.118227429
1,2379.1,5,2379.2,08:00:03.118245925
7,2379.0,5,2379.2,08:00:03.118429943
7,2379.0,5,2379.2,08:00:03.118429943
7,2379.0,6,2379.2,08:00:03.118593331
6,2379.0,6,2379.2,08:00:03.118694175
6,2379.0,7,2379.2,08:00:03.118759088
6,2379.0,7,2379.2,08:00:03.125432907
6,2379.0,7,2379.2,08:00:03.125446420
7,2379.0,7,2379.2,08:00:03.137465098
7,2379.0,6,2379.2,08:00:03.173460925
7,2379.0,6,2379.2,08:00:03.236649567
7,2379.0,7,2379.2,08:00:03.236668639
7,2379.0,6,2379.2,08:00:03.470313092
1,2379.1,6,2379.2,08:00:03.470620784
1,2379.1,6,2379.2,08:00:03.473800520
6,2379.0,6,2379.2,08:00:03.474052230
6,2379.0,6,2379.2,08:00:03.474052230
1,2379.1,6,2379.2,08:00:03.474085206
6,2379.0,6,2379.2,08:00:03.474286830
6,2379.0,6,2379.2,08:00:03.474286830
6,2379.0,7,2379.2,08:00:03.474310882
6,2379.0,7,2379.2,08:00:03.481241540
6,2379.0,6,2379.2,08:00:03.540194301
1,2379.1,6,2379.2,08:00:03.540303833
2,2379.1,6,2379.2,08:00:03.540479314
2,2379.1,6,2379.2,08:00:04.344236868
2,2379.1,6,2379.2,08:00:04.554958444
6,2379.0,6,2379.2,08:00:05.013666118
6,2379.0,6,2379.2,08:00:05.013666118
6,2379.0,1,2379.1,08:00:05.014918278
5,2379.0,1,2379.1,08:00:05.014946183
5,2379.0,1,2379.1,08:00:05.014961879
4,2379.0,1,2379.1,08:00:05.015047586
4,2379.0,1,2379.1,08:00:05.015061212
4,2379.0,1,2379.1,08:00:05.015077683
4,2379.0,8,2379.2,08:00:05.015206351
4,2379.0,8,2379.2,08:00:05.015206351
4,2379.0,9,2379.2,08:00:05.015330882
4,2379.0,10,2379.2,08:00:05.015360303
4,2379.0,9,2379.2,08:00:05.015448343
4,2379.0,9,2379.2,08:00:05.021865634
4,2379.0,9,2379.2,08:00:05.190341462
4,2379.0,8,2379.2,08:00:06.825721516
5,2379.0,8,2379.2,08:00:07.252338374
5,2379.0,7,2379.2,08:00:07.252470591
6,2379.0,7,2379.2,08:00:07.252492118
6,2379.0,6,2379.2,08:00:07.252622421
6,2379.0,5,2379.2,08:00:07.252739357
6,2379.0,5,2379.2,08:00:07.265237451
6,2379.0,5,2379.2,08:00:07.332152459
6,2379.0,6,2379.2,08:00:07.865473732
5,2379.0,6,2379.2,08:00:08.065598221
4,2379.0,6,2379.2,08:00:08.065663223
4,2379.0,7,2379.2,08:00:08.065681688
4,2379.0,8,2379.2,08:00:08.065698190
4,2379.0,8,2379.2,08:00:08.065752566
4,2379.0,9,2379.2,08:00:08.897210054
4,2379.0,9,2379.2,08:00:09.331396739
4,2379.0,1,2379.1,08:00:09.851257543
4,2379.0,2,2379.1,08:00:09.851291563
4,2379.0,2,2379.1,08:00:09.851426474
4,2379.0,2,2379.1,08:00:09.851441960
4,2379.0,1,2379.1,08:00:09.851745825
4,2379.0,11,2379.2,08:00:09.851897329
4,2379.0,11,2379.2,08:00:09.851897329
4,2379.0,1,2379.1,08:00:09.852001881
4,2379.0,1,2379.1,08:00:09.852026817
5,2379.0,1,2379.1,08:00:09.852063474
5,2379.0,1,2379.1,08:00:09.852110591
5,2379.0,9,2379.2,08:00:09.852155523
5,2379.0,9,2379.2,08:00:09.852155523
5,2379.0,9,2379.2,08:00:09.860088487
5,2379.0,9,2379.2,08:00:10.204289311
6,2379.0,9,2379.2,08:00:10.204442240
6,2379.0,9,2379.2,08:00:10.206586109
6,2379.0,8,2379.2,08:00:10.206706301
1,2379.1,8,2379.2,08:00:10.206893121
1,2379.1,7,2379.2,08:00:10.206972041
6,2379.0,7,2379.2,08:00:10.207180698
6,2379.0,7,2379.2,08:00:10.207180698
6,2379.0,7,2379.2,08:00:10.216895246
5,2379.0,7,2379.2,08:00:10.307510579
5,2379.0,6,2379.2,08:00:10.656145982
6,2379.0,6,2379.2,08:00:10.656337462
6,2379.0,7,2379.2,08:00:11.276046362
6,2379.0,7,2379.2,08:00:11.276046362
5,2379.0,7,2379.2,08:00:11.276210747
5,2379.0,8,2379.2,08:00:11.276462774
5,2379.0,8,2379.2,08:00:12.083340831
5,2379.0,10,2379.2,08:00:12.344969532
4,2379.0,10,2379.2,08:00:12.345150223
4,2379.0,11,2379.2,08:00:12.345166627
4,2379.0,1,2379.1,08:00:12.345213466
4,2379.0,2,2379.1,08:00:12.345238836
4,2379.0,2,2379.1,08:00:12.345302754
4,2379.0,3,2379.1,08:00:12.345341587
4,2379.0,4,2379.1,08:00:12.345376996
4,2379.0,4,2379.1,08:00:12.345445670
4,2379.0,4,2379.1,08:00:12.345459644
4,2379.0,3,2379.1,08:00:12.345519581
4,2379.0,3,2379.1,08:00:12.345549249
4,2379.0,3,2379.1,08:00:12.345598104
7,2378.9,3,2379.1,08:00:12.345712487
7,2378.9,3,2379.1,08:00:12.345712487
7,2378.9,2,2379.1,08:00:12.345747611
7,2378.9,1,2379.0,08:00:12.345936165
7,2378.9,1,2379.0,08:00:12.345979958
7,2378.9,2,2379.0,08:00:12.346044613
6,2378.9,2,2379.0,08:00:12.346059739
5,2378.9,2,2379.0,08:00:12.346111744
5,2378.9,2,2379.0,08:00:12.346123510
4,2378.9,2,2379.0,08:00:12.346145251
4,2378.9,2,2379.0,08:00:12.346160827
4,2378.9,2,2379.0,08:00:12.346177393
4,2378.9,2,2379.0,08:00:12.346192945
4,2378.9,2,2379.0,08:00:12.346264684
3,2378.9,2,2379.0,08:00:12.346289516
3,2378.9,2,2379.0,08:00:12.346420463
3,2378.9,2,2379.0,08:00:12.346444313
3,2378.9,2,2379.0,08:00:12.346456630
3,2378.9,2,2379.0,08:00:12.346456630
3,2378.9,1,2379.0,08:00:12.346582562
3,2378.9,1,2379.0,08:00:12.346615709
3,2378.9,1,2379.0,08:00:12.346629792
3,2378.9,1,2379.0,08:00:12.346644810
3,2378.9,1,2379.0,08:00:12.346678152
3,2378.9,1,2379.0,08:00:12.346678152
3,2378.9,2,2379.0,08:00:12.346709368
3,2378.9,2,2379.0,08:00:12.346720505
3,2378.9,2,2379.0,08:00:12.346733999
3,2378.9,2,2379.0,08:00:12.346754956
2,2378.9,2,2379.0,08:00:12.346795968
2,2378.9,1,2379.0,08:00:12.346837364
2,2378.9,1,2379.0,08:00:12.346858943
2,2378.9,1,2379.0,08:00:12.346890706
2,2378.9,1,2379.0,08:00:12.346904095
2,2378.9,1,2379.0,08:00:12.346986417
2,2378.9,1,2379.0,08:00:12.347043532
2,2378.9,1,2379.0,08:00:12.353483499
2,2378.9,1,2379.0,08:00:12.353934439
2,2378.9,2,2379.0,08:00:13.871325009
2,2378.9,3,2379.0,08:00:13.871545474
1,2378.9,3,2379.0,08:00:13.871860399
1,2378.9,3,2379.0,08:00:13.872434279
1,2378.9,2,2379.0,08:00:13.872773560
1,2378.9,1,2379.0,08:00:13.874371918
2,2378.9,1,2379.0,08:00:13.874683767
2,2378.9,1,2379.0,08:00:13.884815844
3,2378.9,1,2379.0,08:00:13.885589187
3,2378.9,5,2379.1,08:00:13.885757149
3,2378.9,5,2379.1,08:00:13.885757149
3,2378.9,5,2379.1,08:00:13.885778273
4,2378.9,5,2379.1,08:00:13.885911725
4,2378.9,9,2379.1,08:00:13.887307170
4,2378.9,1,2379.0,08:00:13.887448021
3,2378.9,1,2379.0,08:00:13.887503930
2,2378.9,1,2379.0,08:00:13.887684951
2,2378.9,2,2379.0,08:00:13.888238166
1,2378.9,2,2379.0,08:00:13.888380505
1,2378.9,2,2379.0,08:00:13.888388854
5,2378.9,2,2379.0,08:00:13.890076372
5,2378.9,9,2379.1,08:00:13.890385345
5,2378.9,9,2379.1,08:00:13.890385345
6,2378.9,9,2379.1,08:00:13.890405121
6,2378.9,9,2379.1,08:00:13.890433867
7,2378.9,9,2379.1,08:00:13.890629827
7,2378.9,8,2379.1,08:00:13.890779605
7,2378.9,8,2379.1,08:00:13.890794051
1,2379.0,8,2379.1,08:00:13.890851632
1,2379.0,7,2379.1,08:00:13.890899915
1,2379.0,6,2379.1,08:00:13.890961916
1,2379.0,6,2379.1,08:00:13.891084962
1,2379.0,5,2379.1,08:00:13.891103046
2,2379.0,5,2379.1,08:00:13.891579183
3,2379.0,5,2379.1,08:00:13.891626570
4,2379.0,5,2379.1,08:00:13.891675118
5,2379.0,5,2379.1,08:00:13.891799713
5,2379.0,3,2379.1,08:00:13.891988401
5,2379.0,3,2379.1,08:00:13.892030242
5,2379.0,3,2379.1,08:00:13.892042018
5,2379.0,3,2379.1,08:00:13.892130680
5,2379.0,3,2379.1,08:00:13.892190092
6,2379.0,3,2379.1,08:00:13.892237430
5,2379.0,3,2379.1,08:00:13.892256327
5,2379.0,11,2379.2,08:00:13.892316472
5,2379.0,11,2379.2,08:00:13.892316472
1,2379.1,11,2379.2,08:00:13.892389190
2,2379.1,11,2379.2,08:00:13.892641999
3,2379.1,11,2379.2,08:00:13.892660910
3,2379.1,11,2379.2,08:00:13.892684998
4,2379.1,11,2379.2,08:00:13.892749197
4,2379.1,11,2379.2,08:00:13.892769300
4,2379.1,10,2379.2,08:00:13.892814124
3,2379.1,10,2379.2,08:00:13.892865312
4,2379.1,10,2379.2,08:00:13.892883872
4,2379.1,10,2379.2,08:00:13.892922923
4,2379.1,10,2379.2,08:00:13.892937778
4,2379.1,10,2379.2,08:00:13.893057975
4,2379.1,10,2379.2,08:00:13.893057975
3,2379.1,10,2379.2,08:00:13.893098072
3,2379.1,9,2379.2,08:00:13.893130584
3,2379.1,9,2379.2,08:00:13.893143836
2,2379.1,9,2379.2,08:00:13.893168640
2,2379.1,9,2379.2,08:00:13.893325260
2,2379.1,9,2379.2,08:00:13.893503754
2,2379.1,9,2379.2,08:00:13.893516288
6,2379.0,9,2379.2,08:00:13.894640090
6,2379.0,9,2379.2,08:00:13.894640090
6,2379.0,9,2379.2,08:00:13.899132545
6,2379.0,9,2379.2,08:00:13.899144296
6,2379.0,6,2379.2,08:00:13.900948524
1,2379.1,6,2379.2,08:00:13.901239311
1,2379.1,10,2379.2,08:00:13.905000737
6,2379.0,10,2379.2,08:00:13.905330497
6,2379.0,10,2379.2,08:00:13.905330497
6,2379.0,10,2379.2,08:00:13.905356245
6,2379.0,10,2379.2,08:00:13.905356245
6,2379.0,11,2379.2,08:00:13.914522837
5,2379.0,11,2379.2,08:00:13.914551196
5,2379.0,4,2379.1,08:00:13.924201269
5,2379.0,4,2379.1,08:00:13.924201269
5,2379.0,4,2379.1,08:00:13.924223112
4,2379.0,4,2379.1,08:00:13.924364331
4,2379.0,4,2379.1,08:00:13.924398063
3,2379.0,4,2379.1,08:00:13.924498542
2,2379.0,4,2379.1,08:00:13.924520159
1,2379.0,4,2379.1,08:00:13.924565298
1,2379.0,4,2379.1,08:00:13.924640336
1,2379.0,4,2379.1,08:00:13.924653187
8,2378.9,4,2379.1,08:00:13.929986079
8,2378.9,4,2379.1,08:00:13.929986079
7,2378.9,4,2379.1,08:00:13.930117228
7,2378.9,4,2379.1,08:00:13.930147686
7,2378.9,5,2379.1,08:00:13.930199427
7,2378.9,5,2379.1,08:00:13.930292675
7,2378.9,5,2379.1,08:00:13.930304733
7,2378.9,5,2379.1,08:00:13.930304733
7,2378.9,5,2379.1,08:00:13.938313300
7,2378.9,5,2379.1,08:00:13.945312732
7,2378.9,1,2379.0,08:00:13.945440602
6,2378.9,1,2379.0,08:00:13.945581447
6,2378.9,1,2379.0,08:00:13.945593655
6,2378.9,1,2379.0,08:00:13.945616533
6,2378.9,1,2379.0,08:00:13.945791341
6,2378.9,2,2379.0,08:00:13.945898772
5,2378.9,2,2379.0,08:00:13.946155296
5,2378.9,3,2379.0,08:00:13.948586663
5,2378.9,2,2379.0,08:00:13.948858019
5,2378.9,1,2379.0,08:00:13.949492489
6,2378.9,1,2379.0,08:00:14.001090400
6,2378.9,1,2379.0,08:00:14.069685781
6,2378.9,1,2379.0,08:00:14.701945125
6,2378.9,2,2379.0,08:00:15.093582241
6,2378.9,2,2379.0,08:00:15.093582241
6,2378.9,3,2379.0,08:00:15.544897591
6,2378.9,2,2379.0,08:00:15.757520758
6,2378.9,6,2379.1,08:00:15.757796568
6,2378.9,6,2379.1,08:00:15.757796568
2,2379.0,6,2379.1,08:00:15.757815035
2,2379.0,6,2379.1,08:00:15.757981922
2,2379.0,6,2379.1,08:00:15.758032553
2,2379.0,5,2379.1,08:00:15.758239425
2,2379.0,5,2379.1,08:00:15.758345401
2,2379.0,4,2379.1,08:00:15.758367366
3,2379.0,4,2379.1,08:00:15.887217918
3,2379.0,4,2379.1,08:00:15.887492599
4,2379.0,4,2379.1,08:00:15.887839732
5,2379.0,4,2379.1,08:00:15.887965924
5,2379.0,4,2379.1,08:00:15.888091456
1,2379.0,4,2379.1,08:00:15.890029704
1,2379.0,5,2379.1,08:00:15.890231348
8,2378.9,5,2379.1,08:00:15.890290931
8,2378.9,5,2379.1,08:00:15.890290931
7,2378.9,5,2379.1,08:00:15.890315335
7,2378.9,1,2379.0,08:00:15.890341309
7,2378.9,1,2379.0,08:00:15.890499975
7,2378.9,1,2379.1,08:00:15.890572527
7,2378.9,1,2379.1,08:00:15.890572527
7,2378.9,2,2379.1,08:00:15.890703310
7,2378.9,3,2379.1,08:00:15.890818379
7,2378.9,4,2379.1,08:00:15.890836574
7,2378.9,5,2379.1,08:00:15.890853502
7,2378.9,6,2379.1,08:00:15.890939427
7,2378.9,6,2379.1,08:00:15.890939427
7,2378.9,10,2379.1,08:00:15.895582068
7,2378.9,10,2379.1,08:00:15.895740276
7,2378.9,1,2379.0,08:00:15.902481112
7,2378.9,1,2379.0,08:00:15.902644354
6,2378.9,1,2379.0,08:00:15.902791017
5,2378.9,1,2379.0,08:00:15.902914968
5,2378.9,10,2379.1,08:00:17.629274804
5,2378.9,10,2379.1,08:00:17.629274804
6,2378.9,10,2379.1,08:00:17.629418442
6,2378.9,10,2379.1,08:00:17.629668604
6,2378.9,9,2379.1,08:00:18.412867987
7,2378.9,9,2379.1,08:00:18.413144761
6,2378.9,9,2379.1,08:00:18.505201308
6,2378.9,1,2379.0,08:00:18.506096570
6,2378.9,1,2379.0,08:00:18.506229639
6,2378.9,9,2379.1,08:00:18.506400039
6,2378.9,9,2379.1,08:00:18.506400039
7,2378.9,9,2379.1,08:00:18.507733906
6,2378.9,9,2379.1,08:00:18.512020335
7,2378.9,9,2379.1,08:00:19.419614333
7,2378.9,8,2379.1,08:00:19.419915655
1,2379.0,8,2379.1,08:00:19.419960852
2,2379.0,8,2379.1,08:00:19.419995829
2,2379.0,8,2379.1,08:00:19.420341219
3,2379.0,8,2379.1,08:00:19.420564400
3,2379.0,8,2379.1,08:00:19.420661154
3,2379.0,7,2379.1,08:00:19.420704454
3,2379.0,6,2379.1,08:00:19.421289910
4,2379.0,6,2379.1,08:00:19.421925286
4,2379.0,5,2379.1,08:00:19.421985975
4,2379.0,1,2379.1,08:00:19.426378911
4,2379.0,6,2379.2,08:00:19.426644956
4,2379.0,6,2379.2,08:00:19.426644956
5,2379.0,6,2379.2,08:00:19.426681436
5,2379.0,5,2379.2,08:00:19.426694473
5,2379.0,5,2379.2,08:00:19.426708157
5,2379.0,4,2379.2,08:00:19.426727136
6,2379.0,4,2379.2,08:00:19.426748552
6,2379.0,4,2379.2,08:00:19.427055092
6,2379.0,4,2379.2,08:00:19.427118969
6,2379.0,3,2379.2,08:00:19.427142879
1,2379.1,3,2379.2,08:00:19.427687709
1,2379.1,3,2379.2,08:00:19.427912543
1,2379.1,3,2379.2,08:00:19.427912543
1,2379.1,3,2379.2,08:00:19.428123558
1,2379.1,3,2379.2,08:00:19.428390908
1,2379.1,3,2379.2,08:00:19.428415603
1,2379.1,3,2379.2,08:00:19.428487994
1,2379.1,3,2379.2,08:00:19.434775737
2,2379.1,3,2379.2,08:00:19.782280985
2,2379.1,8,2379.3,08:00:19.782551291
2,2379.1,8,2379.3,08:00:19.782551291
2,2379.1,8,2379.3,08:00:19.782576553
3,2379.1,8,2379.3,08:00:19.782617114
4,2379.1,8,2379.3,08:00:19.782697042
6,2379.1,8,2379.3,08:00:19.782820004
6,2379.1,7,2379.3,08:00:19.782855733
7,2379.1,7,2379.3,08:00:19.782890313
7,2379.1,7,2379.3,08:00:19.782902454
8,2379.1,7,2379.3,08:00:19.782943661
8,2379.1,7,2379.3,08:00:19.782959302
8,2379.1,7,2379.3,08:00:19.783006917
8,2379.1,7,2379.3,08:00:19.783079705
8,2379.1,7,2379.3,08:00:19.783259156
8,2379.1,7,2379.3,08:00:19.783259156
7,2379.1,7,2379.3,08:00:19.783513423
7,2379.1,7,2379.3,08:00:19.783523663
7,2379.1,3,2379.3,08:00:19.787276875
7,2379.1,4,2379.3,08:00:19.787402711
6,2379.1,4,2379.3,08:00:19.787421707
6,2379.1,4,2379.3,08:00:19.798412386
5,2379.1,4,2379.3,08:00:19.810804531
5,2379.1,5,2379.3,08:00:19.811039044
5,2379.1,9,2379.3,08:00:19.814269531
6,2379.1,9,2379.3,08:00:19.814540958
5,2379.1,9,2379.3,08:00:19.814686107
5,2379.1,1,2379.2,08:00:19.814822835
4,2379.1,1,2379.2,08:00:19.814866027
4,2379.1,1,2379.2,08:00:19.814933660
4,2379.1,1,2379.2,08:00:19.814959664
4,2379.1,10,2379.3,08:00:20.076591091
4,2379.1,10,2379.3,08:00:20.076591091
4,2379.1,10,2379.3,08:00:20.076719728
4,2379.1,9,2379.3,08:00:20.076739712
4,2379.1,9,2379.3,08:00:20.640460613
4,2379.1,9,2379.3,08:00:20.640589627
5,2379.1,9,2379.3,08:00:20.640631356
4,2379.1,9,2379.3,08:00:20.640926446
5,2379.1,9,2379.3,08:00:20.640939591
4,2379.1,9,2379.3,08:00:20.640956123
4,2379.1,1,2379.2,08:00:20.641286511
4,2379.1,2,2379.2,08:00:20.641320854
3,2379.1,2,2379.2,08:00:20.641339360
3,2379.1,1,2379.2,08:00:20.641389687
3,2379.1,2,2379.2,08:00:20.641434930
3,2379.1,1,2379.2,08:00:20.641580318
1,2379.1,1,2379.2,08:00:20.641759964
1,2379.1,1,2379.2,08:00:20.641787123
1,2379.1,10,2379.3,08:00:20.641812935
1,2379.1,10,2379.3,08:00:20.641812935
1,2379.1,1,2379.2,08:00:20.641839696
1,2379.1,1,2379.2,08:00:20.641871960
1,2379.1,10,2379.3,08:00:20.641955008
1,2379.1,10,2379.3,08:00:20.641955008
2,2379.1,10,2379.3,08:00:20.642184545
2,2379.1,9,2379.3,08:00:20.642191368
3,2379.1,9,2379.3,08:00:20.642312487
4,2379.1,9,2379.3,08:00:20.642333428
3,2379.1,9,2379.3,08:00:20.642521803
3,2379.1,5,2379.3,08:00:20.648200481
3,2379.1,5,2379.3,08:00:20.648335710
4,2379.1,5,2379.3,08:00:20.648379336
4,2379.1,9,2379.3,08:00:20.649835346
3,2379.1,9,2379.3,08:00:20.650021823
3,2379.1,9,2379.3,08:00:21.021198256
3,2379.1,9,2379.3,08:00:21.021319177
2,2379.1,9,2379.3,08:00:21.117521762
2,2379.1,1,2379.2,08:00:21.117651524
1,2379.1,1,2379.2,08:00:21.117726770
1,2379.1,1,2379.2,08:00:21.117817943
1,2379.1,1,2379.2,08:00:21.117904780
1,2379.1,2,2379.2,08:00:21.117937216
1,2379.1,2,2379.2,08:00:21.118073981
1,2379.1,3,2379.2,08:00:21.474619864
1,2379.1,3,2379.2,08:00:21.474744814
7,2379.0,3,2379.2,08:00:21.474974197
7,2379.0,3,2379.2,08:00:21.474974197
7,2379.0,4,2379.2,08:00:21.474997503
7,2379.0,5,2379.2,08:00:21.475008598
6,2379.0,5,2379.2,08:00:21.475073543
6,2379.0,6,2379.2,08:00:21.475124200
6,2379.0,7,2379.2,08:00:21.475197248
6,2379.0,8,2379.2,08:00:21.475279909
6,2379.0,7,2379.2,08:00:21.475491385
6,2379.0,6,2379.2,08:00:21.475507482
5,2379.0,6,2379.2,08:00:21.475530337
5,2379.0,6,2379.2,08:00:21.475546401
4,2379.0,6,2379.2,08:00:21.475633122
4,2379.0,10,2379.2,08:00:21.479259404
4,2379.0,1,2379.1,08:00:21.479391521
3,2379.0,1,2379.1,08:00:21.479433173
2,2379.0,1,2379.1,08:00:21.479550783
1,2379.0,1,2379.1,08:00:21.479578655
1,2379.0,1,2379.1,08:00:21.479586751
1,2379.0,1,2379.1,08:00:21.479729612
6,2378.9,1,2379.1,08:00:21.479793984
6,2378.9,1,2379.1,08:00:21.479793984
6,2378.9,1,2379.1,08:00:21.479933014
6,2378.9,1,2379.1,08:00:21.479946682
6,2378.9,2,2379.1,08:00:21.480105683
6,2378.9,2,2379.1,08:00:21.480189564
6,2378.9,2,2379.1,08:00:21.480189564
6,2378.9,3,2379.1,08:00:21.480351234
6,2378.9,3,2379.1,08:00:21.480371925
6,2378.9,3,2379.1,08:00:21.481079271
6,2378.9,3,2379.1,08:00:21.486219769
7,2378.9,3,2379.1,08:00:21.649978038
1,2379.0,3,2379.1,08:00:21.650266571
1,2379.0,2,2379.1,08:00:21.650282594
2,2379.0,2,2379.1,08:00:21.650413243
2,2379.0,1,2379.1,08:00:21.650438482
2,2379.0,1,2379.1,08:00:21.650510587
2,2379.0,1,2379.1,08:00:21.650547098
2,2379.0,11,2379.2,08:00:21.650573159
2,2379.0,11,2379.2,08:00:21.650573159
3,2379.0,11,2379.2,08:00:21.650599976
3,2379.0,10,2379.2,08:00:21.650661892
4,2379.0,10,2379.2,08:00:21.650736671
5,2379.0,10,2379.2,08:00:21.650755829
6,2379.0,10,2379.2,08:00:21.650795472
6,2379.0,10,2379.2,08:00:21.662236596
7,2379.0,10,2379.2,08:00:23.450295901
8,2379.0,10,2379.2,08:00:23.450477063
8,2379.0,9,2379.2,08:00:23.450566409
8,2379.0,8,2379.2,08:00:23.450580908
9,2379.0,8,2379.2,08:00:23.450599705
1,2379.1,8,2379.2,08:00:23.450642490
1,2379.1,7,2379.2,08:00:23.450694398
1,2379.1,7,2379.2,08:00:23.450732422
2,2379.1,7,2379.2,08:00:23.450786294
3,2379.1,7,2379.2,08:00:23.450830084
3,2379.1,7,2379.2,08:00:23.450843249
3,2379.1,6,2379.2,08:00:23.450911244
3,2379.1,6,2379.2,08:00:23.450923843
4,2379.1,6,2379.2,08:00:23.450981444
4,2379.1,5,2379.2,08:00:23.451041509
4,2379.1,5,2379.2,08:00:23.451152043
4,2379.1,5,2379.2,08:00:23.451238745
4,2379.1,4,2379.2,08:00:23.451260800
4,2379.1,4,2379.2,08:00:23.451317870
4,2379.1,4,2379.2,08:00:23.451331739
4,2379.1,4,2379.2,08:00:23.451345490
5,2379.1,4,2379.2,08:00:23.451397939
4,2379.1,4,2379.2,08:00:23.451432432
4,2379.1,4,2379.2,08:00:23.451445261
4,2379.1,10,2379.3,08:00:23.451474030
4,2379.1,10,2379.3,08:00:23.451474030
4,2379.1,9,2379.3,08:00:23.451552639
4,2379.1,9,2379.3,08:00:23.451596390
4,2379.1,9,2379.3,08:00:23.451609625
4,2379.1,8,2379.3,08:00:23.451682485
4,2379.1,8,2379.3,08:00:23.451695622
5,2379.1,8,2379.3,08:00:23.451789922
5,2379.1,7,2379.3,08:00:23.455674847
5,2379.1,3,2379.3,08:00:23.457808776
6,2379.1,3,2379.3,08:00:23.457923924
7,2379.1,3,2379.3,08:00:23.457956238
1,2379.2,3,2379.3,08:00:23.457981435
1,2379.2,3,2379.3,08:00:23.458003026
1,2379.2,3,2379.3,08:00:23.458015561
1,2379.2,3,2379.3,08:00:23.458042063
1,2379.2,2,2379.3,08:00:23.458095690
1,2379.2,2,2379.3,08:00:23.458109047
1,2379.2,2,2379.3,08:00:23.458120651
1,2379.2,2,2379.3,08:00:23.458136680
1,2379.2,1,2379.3,08:00:23.458161246
1,2379.2,1,2379.3,08:00:23.458235367
1,2379.2,1,2379.3,08:00:23.458285208
2,2379.2,1,2379.3,08:00:23.458317608
2,2379.2,1,2379.3,08:00:23.458356832
3,2379.2,1,2379.3,08:00:23.458396237
3,2379.2,9,2379.4,08:00:23.458450072
3,2379.2,9,2379.4,08:00:23.458450072
4,2379.2,9,2379.4,08:00:23.458528377
4,2379.2,9,2379.4,08:00:23.458569271
3,2379.2,9,2379.4,08:00:23.458645790
3,2379.2,9,2379.4,08:00:23.458658069
3,2379.2,9,2379.4,08:00:23.458672434
3,2379.2,7,2379.4,08:00:23.458729936
3,2379.2,7,2379.4,08:00:23.458780194
4,2379.2,7,2379.4,08:00:23.458868576
4,2379.2,7,2379.4,08:00:23.458880007
4,2379.2,7,2379.4,08:00:23.458880007
4,2379.2,7,2379.4,08:00:23.458893422
4,2379.2,7,2379.4,08:00:23.458893422
4,2379.2,11,2379.4,08:00:23.462372427
4,2379.2,1,2379.3,08:00:23.462511004
4,2379.2,1,2379.3,08:00:23.463215288
4,2379.2,1,2379.3,08:00:23.463472925
4,2379.2,1,2379.3,08:00:23.546299851
4,2379.2,1,2379.3,08:00:23.546541382
4,2379.2,7,2379.4,08:00:23.616304641
4,2379.2,7,2379.4,08:00:23.616304641
4,2379.2,6,2379.4,08:00:23.616424349
4,2379.2,6,2379.4,08:00:23.616436695
4,2379.2,7,2379.4,08:00:23.616802306
4,2379.2,7,2379.4,08:00:23.616918350
4,2379.2,11,2379.4,08:00:23.618221308
4,2379.2,1,2379.3,08:00:23.618356455
4,2379.2,1,2379.3,08:00:24.645484748
4,2379.2,2,2379.3,08:00:25.077450369
3,2379.2,2,2379.3,08:00:25.077631618
3,2379.2,1,2379.3,08:00:25.082005869
3,2379.2,11,2379.4,08:00:25.082067285
3,2379.2,11,2379.4,08:00:25.082067285
3,2379.2,11,2379.4,08:00:25.085409423
3,2379.2,11,2379.4,08:00:25.090450005
3,2379.2,11,2379.4,08:00:25.101266627
3,2379.2,11,2379.4,08:00:25.289317854
4,2379.2,11,2379.4,08:00:25.341985209
5,2379.2,11,2379.4,08:00:25.342131161
5,2379.2,7,2379.4,08:00:25.343886849
1,2379.3,7,2379.4,08:00:27.514501381
1,2379.3,7,2379.4,08:00:27.514527968
1,2379.3,6,2379.4,08:00:27.514658271
1,2379.3,6,2379.4,08:00:27.514677699
1,2379.3,6,2379.4,08:00:27.514695895
1,2379.3,6,2379.4,08:00:27.514716484
1,2379.3,6,2379.4,08:00:27.514848230
1,2379.3,6,2379.4,08:00:27.514861837
1,2379.3,6,2379.4,08:00:27.514876696
1,2379.3,5,2379.4,08:00:27.514934961
1,2379.3,5,2379.4,08:00:27.515094053
1,2379.3,5,2379.4,08:00:27.515110152
1,2379.3,4,2379.4,08:00:27.515144840
1,2379.3,3,2379.4,08:00:27.515170258
1,2379.3,3,2379.4,08:00:27.515280140
1,2379.3,3,2379.4,08:00:27.515307174
1,2379.3,2,2379.4,08:00:27.515382971
1,2379.3,1,2379.4,08:00:27.515511217
1,2379.3,1,2379.4,08:00:27.515514014
2,2379.3,1,2379.4,08:00:27.515578434
3,2379.3,1,2379.4,08:00:27.515751219
3,2379.3,1,2379.4,08:00:27.515783017
3,2379.3,7,2379.5,08:00:27.515874533
3,2379.3,7,2379.5,08:00:27.515874533
3,2379.3,7,2379.5,08:00:27.515943174
3,2379.3,7,2379.5,08:00:27.516009774
3,2379.3,8,2379.5,08:00:27.516086082
3,2379.3,8,2379.5,08:00:27.527234532
3,2379.3,8,2379.5,08:00:27.528188618
3,2379.3,8,2379.5,08:00:27.530305048
3,2379.3,8,2379.5,08:00:27.530426148
3,2379.3,8,2379.5,08:00:27.532450035
3,2379.3,10,2379.5,08:00:27.533493814
3,2379.3,1,2379.4,08:00:27.533649163
3,2379.3,1,2379.4,08:00:27.533703744
3,2379.3,1,2379.4,08:00:27.533760279
4,2379.3,1,2379.4,08:00:27.533834617
4,2379.3,10,2379.5,08:00:27.533964098
4,2379.3,10,2379.5,08:00:27.533964098
4,2379.3,10,2379.5,08:00:27.534011187
4,2379.3,8,2379.5,08:00:27.537698861
4,2379.3,8,2379.5,08:00:27.537872330
5,2379.3,8,2379.5,08:00:27.546805266
2,2379.4,8,2379.5,08:00:27.547046765
2,2379.4,7,2379.5,08:00:27.547125808
2,2379.4,6,2379.5,08:00:27.547237687
2,2379.4,5,2379.5,08:00:27.547617198
2,2379.4,5,2379.5,08:00:27.547651692
2,2379.4,5,2379.5,08:00:27.547665632
2,2379.4,5,2379.5,08:00:27.547698205
2,2379.4,5,2379.5,08:00:27.547754837
2,2379.4,4,2379.5,08:00:27.547783161
2,2379.4,4,2379.5,08:00:27.547794431
2,2379.4,3,2379.5,08:00:27.548030977
2,2379.4,3,2379.5,08:00:27.548138592
2,2379.4,3,2379.5,08:00:27.548161735
2,2379.4,2,2379.5,08:00:27.548214931
2,2379.4,2,2379.5,08:00:27.548229594
2,2379.4,2,2379.5,08:00:27.548247127
2,2379.4,2,2379.5,08:00:27.548442774
2,2379.4,2,2379.5,08:00:27.548461933
2,2379.4,1,2379.5,08:00:27.548567525
3,2379.4,1,2379.5,08:00:27.548592806
4,2379.4,1,2379.5,08:00:27.548613312
4,2379.4,2,2379.5,08:00:27.548784368
4,2379.4,2,2379.5,08:00:27.548863310
4,2379.4,2,2379.5,08:00:27.548996513
4,2379.4,1,2379.5,08:00:27.551001411
4,2379.4,7,2379.6,08:00:27.551162646
4,2379.4,7,2379.6,08:00:27.551162646
4,2379.4,8,2379.6,08:00:27.551281365
4,2379.4,8,2379.6,08:00:27.551291903
4,2379.4,2,2379.5,08:00:27.551353482
4,2379.4,2,2379.5,08:00:27.551377012
4,2379.4,3,2379.5,08:00:27.551403146
4,2379.4,3,2379.5,08:00:27.551414168
4,2379.4,3,2379.5,08:00:27.551414168
4,2379.4,3,2379.5,08:00:27.551462363
4,2379.4,3,2379.5,08:00:27.551512497
4,2379.4,3,2379.5,08:00:27.551597740
2,2379.4,3,2379.5,08:00:27.557521696
2,2379.4,3,2379.5,08:00:27.557648278
2,2379.4,3,2379.5,08:00:27.557687396
2,2379.4,3,2379.5,08:00:27.557707841
2,2379.4,8,2379.5,08:00:27.732614358
5,2379.3,8,2379.5,08:00:27.732886489
5,2379.3,8,2379.5,08:00:27.732886489
5,2379.3,8,2379.5,08:00:27.732961796
4,2379.3,8,2379.5,08:00:27.732994232
4,2379.3,9,2379.5,08:00:27.733150571
4,2379.3,9,2379.5,08:00:27.733252852
4,2379.3,9,2379.5,08:00:27.733284101
4,2379.3,9,2379.5,08:00:27.733313874
4,2379.3,11,2379.5,08:00:27.734829364
4,2379.3,11,2379.5,08:00:27.734944684
4,2379.3,11,2379.5,08:00:27.734957504
4,2379.3,10,2379.5,08:00:28.578181872
1,2379.4,10,2379.5,08:00:28.578731627
1,2379.4,10,2379.5,08:00:28.578866330
5,2379.3,10,2379.5,08:00:28.579494596
5,2379.3,10,2379.5,08:00:28.579494596
5,2379.3,10,2379.5,08:00:28.579519787
5,2379.3,4,2379.4,08:00:28.580038869
5,2379.3,4,2379.4,08:00:28.580038869
5,2379.3,4,2379.4,08:00:28.580381551
5,2379.3,4,2379.4,08:00:28.580393939
4,2379.3,4,2379.4,08:00:28.580442307
4,2379.3,4,2379.4,08:00:28.580645467
3,2379.3,4,2379.4,08:00:28.580766576
2,2379.3,4,2379.4,08:00:28.580935911
2,2379.3,4,2379.4,08:00:28.581118296
2,2379.3,4,2379.4,08:00:28.865579639
1,2379.3,4,2379.4,08:00:28.865724904
6,2379.2,4,2379.4,08:00:28.865901835
6,2379.2,4,2379.4,08:00:28.865901835
6,2379.2,4,2379.4,08:00:28.866029348
6,2379.2,4,2379.4,08:00:28.866047994
6,2379.2,5,2379.4,08:00:28.877776583
6,2379.2,5,2379.4,08:00:29.024322386
6,2379.2,4,2379.4,08:00:29.494261369
1,2379.3,4,2379.4,08:00:30.308467305
2,2379.3,4,2379.4,08:00:30.308526619
3,2379.3,4,2379.4,08:00:30.308638743
4,2379.3,4,2379.4,08:00:30.308772685
4,2379.3,4,2379.4,08:00:30.309585408
4,2379.3,3,2379.4,08:00:30.310226586
4,2379.3,2,2379.4,08:00:30.310478940
4,2379.3,7,2379.5,08:00:30.310480415
4,2379.3,7,2379.5,08:00:30.310480415
5,2379.3,7,2379.5,08:00:30.310500745
5,2379.3,7,2379.5,08:00:30.310520067
1,2379.4,7,2379.5,08:00:30.310530221
1,2379.4,7,2379.5,08:00:30.310640342
1,2379.4,7,2379.5,08:00:30.310668298
1,2379.4,7,2379.5,08:00:30.310694615
1,2379.4,7,2379.5,08:00:30.310708385
1,2379.4,8,2379.5,08:00:30.311136515
5,2379.3,8,2379.5,08:00:30.311382744
5,2379.3,8,2379.5,08:00:30.311382744
5,2379.3,1,2379.4,08:00:30.311546241
4,2379.3,1,2379.4,08:00:30.311573055
4,2379.3,1,2379.4,08:00:30.311584142
4,2379.3,1,2379.4,08:00:30.311599166
4,2379.3,1,2379.4,08:00:30.311689640
4,2379.3,2,2379.4,08:00:30.311734537
4,2379.3,3,2379.4,08:00:30.311750840
3,2379.3,3,2379.4,08:00:30.311776697
2,2379.3,3,2379.4,08:00:30.311795600
2,2379.3,3,2379.4,08:00:30.311905007
1,2379.3,3,2379.4,08:00:30.311953168
6,2379.2,3,2379.4,08:00:30.311975188
6,2379.2,3,2379.4,08:00:30.311975188
6,2379.2,3,2379.4,08:00:30.312078553
6,2379.2,3,2379.4,08:00:30.487176010
6,2379.2,1,2379.3,08:00:30.779246292
6,2379.2,1,2379.3,08:00:30.779403460
6,2379.2,1,2379.3,08:00:30.779420046
6,2379.2,1,2379.3,08:00:30.779436667
5,2379.2,1,2379.3,08:00:30.779459599
4,2379.2,1,2379.3,08:00:30.779491189
4,2379.2,1,2379.3,08:00:30.779601477
3,2379.2,1,2379.3,08:00:30.779624373
3,2379.2,1,2379.3,08:00:30.779639190
3,2379.2,1,2379.3,08:00:30.779675824
3,2379.2,2,2379.3,08:00:30.779721095
2,2379.2,2,2379.3,08:00:30.779740209
2,2379.2,2,2379.3,08:00:30.779924139
1,2379.2,2,2379.3,08:00:30.779957632
1,2379.2,2,2379.3,08:00:30.779963961
1,2379.2,2,2379.3,08:00:30.780077019
1,2379.2,2,2379.3,08:00:30.780090207
1,2379.2,2,2379.3,08:00:30.787641070
1,2379.2,2,2379.3,08:00:30.787654625
1,2379.2,2,2379.3,08:00:31.016328172
1,2379.2,3,2379.3,08:00:31.496432509
6,2379.1,3,2379.3,08:00:31.496569759
6,2379.1,3,2379.3,08:00:31.496569759
6,2379.1,3,2379.3,08:00:31.496619079
6,2379.1,3,2379.3,08:00:31.496637662
6,2379.1,4,2379.3,08:00:31.496853743
6,2379.1,4,2379.3,08:00:31.497529241
6,2379.1,4,2379.3,08:00:31.497542983
6,2379.1,4,2379.3,08:00:31.497542983
6,2379.1,3,2379.3,08:00:31.498087266
6,2379.1,3,2379.3,08:00:31.504960950
6,2379.1,2,2379.3,08:00:31.728609356
1,2379.2,2,2379.3,08:00:31.728805008
2,2379.2,2,2379.3,08:00:31.805160638
2,2379.2,2,2379.3,08:00:31.805351957
2,2379.2,2,2379.3,08:00:31.805373817
1,2379.2,2,2379.3,08:00:31.865474440
1,2379.2,2,2379.3,08:00:31.865643512
1,2379.2,2,2379.3,08:00:31.876228792
2,2379.2,2,2379.3,08:00:32.716355148
2,2379.2,2,2379.3,08:00:32.716654050
3,2379.2,2,2379.3,08:00:32.716743291
2,2379.2,2,2379.3,08:00:32.716854218
2,2379.2,2,2379.3,08:00:32.716920104
1,2379.2,2,2379.3,08:00:32.727158794
1,2379.2,2,2379.3,08:00:32.727271635
1,2379.2,2,2379.3,08:00:32.727282345
1,2379.2,2,2379.3,08:00:33.115517810
1,2379.2,2,2379.3,08:00:33.462487877
1,2379.2,2,2379.3,08:00:33.462617934
1,2379.2,3,2379.3,08:00:33.670921768
6,2379.1,3,2379.3,08:00:33.671208615
6,2379.1,3,2379.3,08:00:33.671208615
6,2379.1,4,2379.3,08:00:33.671353616
6,2379.1,5,2379.3,08:00:33.671423464
6,2379.1,6,2379.3,08:00:33.671441631
6,2379.1,7,2379.3,08:00:33.671498464
5,2379.1,7,2379.3,08:00:33.671620435
5,2379.1,6,2379.3,08:00:33.671634742
5,2379.1,6,2379.3,08:00:33.671654262
5,2379.1,1,2379.2,08:00:33.671761246
5,2379.1,6,2379.3,08:00:33.672002647
5,2379.1,6,2379.3,08:00:33.672002647
5,2379.1,6,2379.3,08:00:33.672025051
5,2379.1,7,2379.3,08:00:33.672025051
5,2379.1,6,2379.3,08:00:33.672098773
5,2379.1,5,2379.3,08:00:33.672147101
5,2379.1,5,2379.3,08:00:33.672160960
5,2379.1,4,2379.3,08:00:33.672179591
5,2379.1,3,2379.3,08:00:33.672243019
5,2379.1,3,2379.3,08:00:33.672278265
5,2379.1,3,2379.3,08:00:33.672294111
1,2379.2,3,2379.3,08:00:33.672338400
1,2379.2,2,2379.3,08:00:33.672464790
1,2379.2,2,2379.3,08:00:33.692621809
1,2379.2,2,2379.3,08:00:35.079483864
6,2379.1,2,2379.3,08:00:37.886635945
6,2379.1,2,2379.3,08:00:37.886635945
6,2379.1,3,2379.3,08:00:37.886794880
6,2379.1,4,2379.3,08:00:37.886814337
6,2379.1,5,2379.3,08:00:37.886929772
6,2379.1,6,2379.3,08:00:37.886962631
6,2379.1,6,2379.3,08:00:37.886990650
5,2379.1,6,2379.3,08:00:37.887186508
5,2379.1,5,2379.3,08:00:37.887362866
5,2379.1,4,2379.3,08:00:37.887498107
3,2379.2,4,2379.3,08:00:37.904401055
3,2379.2,3,2379.3,08:00:37.904550519
3,2379.2,2,2379.3,08:00:37.904571537
3,2379.2,2,2379.3,08:00:37.904762059
3,2379.2,2,2379.3,08:00:37.904776523
3,2379.2,1,2379.3,08:00:37.905050852
3,2379.2,1,2379.3,08:00:37.943118462
3,2379.2,1,2379.3,08:00:38.141078632
3,2379.2,1,2379.3,08:00:38.187703676
3,2379.2,1,2379.3,08:00:38.363396784
3,2379.2,2,2379.3,08:00:38.363546057
3,2379.2,1,2379.3,08:00:38.852952872
3,2379.2,5,2379.4,08:00:39.314361874
3,2379.2,5,2379.4,08:00:39.314361874
3,2379.2,5,2379.4,08:00:39.314507496
3,2379.2,5,2379.4,08:00:39.314544329
4,2379.2,5,2379.4,08:00:39.314670696
4,2379.2,9,2379.4,08:00:39.317015018
4,2379.2,1,2379.3,08:00:39.317147146
3,2379.2,1,2379.3,08:00:39.317352916
3,2379.2,2,2379.3,08:00:39.317382092
3,2379.2,2,2379.3,08:00:39.317523256
3,2379.2,2,2379.3,08:00:39.320162429
3,2379.2,2,2379.3,08:00:39.322635967
3,2379.2,2,2379.3,08:00:39.438422205
3,2379.2,6,2379.4,08:00:40.633520750
1,2379.3,6,2379.4,08:00:40.633520750
1,2379.3,6,2379.4,08:00:40.633520750
1,2379.3,6,2379.4,08:00:40.633913468
1,2379.3,6,2379.4,08:00:40.633925663
1,2379.3,6,2379.4,08:00:40.633945324
1,2379.3,6,2379.4,08:00:40.633974132
1,2379.3,6,2379.4,08:00:40.633992081
1,2379.3,6,2379.4,08:00:40.634160391
1,2379.3,6,2379.4,08:00:40.634172241
1,2379.3,6,2379.4,08:00:40.634229472
1,2379.3,5,2379.4,08:00:40.634247327
1,2379.3,5,2379.4,08:00:40.634333818
1,2379.3,5,2379.4,08:00:40.634371783
1,2379.3,4,2379.4,08:00:40.634389010
2,2379.3,4,2379.4,08:00:40.634454481
2,2379.3,4,2379.4,08:00:40.634483639
2,2379.3,4,2379.4,08:00:40.634534831
2,2379.3,3,2379.4,08:00:40.634590106
2,2379.3,2,2379.4,08:00:40.634714044
3,2379.3,2,2379.4,08:00:40.634952135
3,2379.3,8,2379.5,08:00:40.635224054
3,2379.3,8,2379.5,08:00:40.635224054
3,2379.3,8,2379.5,08:00:40.635245258
3,2379.3,7,2379.5,08:00:40.635592740
3,2379.3,7,2379.5,08:00:40.635767646
4,2379.3,7,2379.5,08:00:40.635796108
4,2379.3,7,2379.5,08:00:40.635838285
4,2379.3,7,2379.5,08:00:40.635855997
5,2379.3,7,2379.5,08:00:40.635879892
5,2379.3,7,2379.5,08:00:40.644232633
5,2379.3,7,2379.5,08:00:40.646090646
5,2379.3,7,2379.5,08:00:40.652044580
5,2379.3,7,2379.5,08:00:41.574245457
5,2379.3,8,2379.5,08:00:41.978384132
1,2379.4,8,2379.5,08:00:44.057223508
1,2379.4,7,2379.5,08:00:44.057566706
1,2379.4,7,2379.5,08:00:44.057576642
1,2379.4,6,2379.5,08:00:44.057583250
1,2379.4,6,2379.5,08:00:44.057589897
1,2379.4,6,2379.5,08:00:44.073645783
1,2379.4,6,2379.5,08:00:44.073799360
2,2379.4,6,2379.5,08:00:44.090673192
2,2379.4,5,2379.5,08:00:44.090798769
2,2379.4,3,2379.5,08:00:44.090882793
2,2379.4,3,2379.5,08:00:44.090935390
2,2379.4,3,2379.5,08:00:44.090948872
2,2379.4,3,2379.5,08:00:44.090966485
2,2379.4,1,2379.5,08:00:44.091576269
2,2379.4,1,2379.5,08:00:44.091736606
2,2379.4,1,2379.5,08:00:44.213399633
2,2379.4,1,2379.5,08:00:44.213549786
3,2379.4,1,2379.5,08:00:44.237861225
3,2379.4,9,2379.6,08:00:44.489621564
3,2379.4,9,2379.6,08:00:44.489621564
4,2379.4,9,2379.6,08:00:44.489711015
5,2379.4,9,2379.6,08:00:44.489905890
5,2379.4,8,2379.6,08:00:44.489922357
1,2379.5,8,2379.6,08:00:44.490014957
1,2379.5,7,2379.6,08:00:44.490070717
1,2379.5,7,2379.6,08:00:44.490115320
1,2379.5,7,2379.6,08:00:44.490141252
1,2379.5,7,2379.6,08:00:44.490175067
1,2379.5,7,2379.6,08:00:44.490196907
1,2379.5,7,2379.6,08:00:44.490319492
1,2379.5,7,2379.6,08:00:44.490319492
1,2379.5,7,2379.6,08:00:44.490333709
1,2379.5,7,2379.6,08:00:44.490434883
1,2379.5,6,2379.6,08:00:44.490452243
1,2379.5,6,2379.6,08:00:44.490466807
1,2379.5,6,2379.6,08:00:44.490480538
2,2379.5,6,2379.6,08:00:44.490533845
2,2379.5,6,2379.6,08:00:44.490761187
2,2379.5,5,2379.6,08:00:44.490780361
2,2379.5,4,2379.6,08:00:44.490845534
1,2379.5,4,2379.6,08:00:44.490878117
1,2379.5,4,2379.6,08:00:44.490886198
1,2379.5,4,2379.6,08:00:44.490886198
1,2379.5,4,2379.6,08:00:44.490913401
1,2379.5,4,2379.6,08:00:44.490932675
1,2379.5,4,2379.6,08:00:44.490946487
1,2379.5,4,2379.6,08:00:44.491097488
1,2379.5,4,2379.6,08:00:44.491126942
1,2379.5,8,2379.6,08:00:44.493352001
8,2379.4,8,2379.6,08:00:44.493626736
8,2379.4,8,2379.6,08:00:44.493626736
7,2379.4,8,2379.6,08:00:44.493648378
7,2379.4,9,2379.6,08:00:44.493732729
6,2379.4,9,2379.6,08:00:44.493756233
6,2379.4,10,2379.6,08:00:44.493772115
5,2379.4,10,2379.6,08:00:44.493793664
5,2379.4,1,2379.5,08:00:44.493856503
4,2379.4,1,2379.5,08:00:44.494034905
3,2379.4,1,2379.5,08:00:44.494047835
3,2379.4,1,2379.5,08:00:44.494095196
3,2379.4,2,2379.5,08:00:44.494144692
3,2379.4,1,2379.5,08:00:44.494211173
2,2379.4,1,2379.5,08:00:44.494421175
2,2379.4,11,2379.6,08:00:44.494615402
2,2379.4,11,2379.6,08:00:44.494615402
3,2379.4,11,2379.6,08:00:44.494804821
3,2379.4,11,2379.6,08:00:44.497552377
3,2379.4,11,2379.6,08:00:44.497568163
3,2379.4,11,2379.6,08:00:44.497862332
3,2379.4,11,2379.6,08:00:44.502424888
3,2379.4,11,2379.6,08:00:44.597605472
3,2379.4,11,2379.6,08:00:45.883503669
3,2379.4,11,2379.6,08:00:45.887225792
3,2379.4,12,2379.6,08:00:46.043101077
3,2379.4,1,2379.5,08:00:46.043145890
3,2379.4,2,2379.5,08:00:46.043297469
3,2379.4,3,2379.5,08:00:46.043341393
2,2379.4,3,2379.5,08:00:46.043366747
7,2379.3,3,2379.5,08:00:46.043760862
7,2379.3,3,2379.5,08:00:46.043760862
7,2379.3,4,2379.5,08:00:46.043813671
7,2379.3,5,2379.5,08:00:46.043849416
7,2379.3,5,2379.5,08:00:46.043879209
6,2379.3,5,2379.5,08:00:46.044147107
6,2379.3,6,2379.5,08:00:46.044206437
5,2379.3,6,2379.5,08:00:46.044315070
5,2379.3,7,2379.5,08:00:46.044367256
5,2379.3,7,2379.5,08:00:46.044380345
5,2379.3,7,2379.5,08:00:46.044400447
5,2379.3,7,2379.5,08:00:46.044415190
5,2379.3,7,2379.5,08:00:46.044428634
5,2379.3,8,2379.5,08:00:46.044444077
5,2379.3,8,2379.5,08:00:46.044526498
5,2379.3,8,2379.5,08:00:46.044552848
4,2379.3,8,2379.5,08:00:46.044779545
4,2379.3,8,2379.5,08:00:46.044792713
3,2379.3,8,2379.5,08:00:46.044834926
3,2379.3,8,2379.5,08:00:46.044935969
3,2379.3,8,2379.5,08:00:46.044935969
2,2379.3,8,2379.5,08:00:46.045014687
2,2379.3,1,2379.4,08:00:46.045101652
2,2379.3,1,2379.4,08:00:46.045178882
2,2379.3,1,2379.4,08:00:46.045330850
2,2379.3,1,2379.4,08:00:46.045420980
1,2379.3,1,2379.4,08:00:46.045453240
1,2379.3,2,2379.4,08:00:46.045479314
1,2379.3,2,2379.4,08:00:46.045504710
1,2379.3,2,2379.4,08:00:46.045899232
1,2379.3,2,2379.4,08:00:46.045926738
1,2379.3,2,2379.4,08:00:46.051913876
1,2379.3,2,2379.4,08:00:46.056209035
1,2379.3,2,2379.4,08:00:46.065045232
1,2379.3,1,2379.4,08:00:46.844375690
2,2379.3,1,2379.4,08:00:46.844503443
3,2379.3,1,2379.4,08:00:46.844538170
4,2379.3,1,2379.4,08:00:46.844561745
4,2379.3,1,2379.4,08:00:46.844715198
4,2379.3,7,2379.5,08:00:46.844787817
4,2379.3,7,2379.5,08:00:46.844787817
4,2379.3,6,2379.5,08:00:46.844811613
5,2379.3,6,2379.5,08:00:46.844873605
4,2379.3,6,2379.5,08:00:46.844932062
4,2379.3,7,2379.5,08:00:46.844962816
4,2379.3,7,2379.5,08:00:46.844977498
4,2379.3,6,2379.5,08:00:46.844992035
5,2379.3,6,2379.5,08:00:47.232433045
5,2379.3,5,2379.5,08:00:47.232478294
5,2379.3,5,2379.5,08:00:47.232490458
5,2379.3,4,2379.5,08:00:47.233276733
5,2379.3,4,2379.5,08:00:47.233288871
6,2379.3,4,2379.5,08:00:47.234340943
6,2379.3,5,2379.5,08:00:47.239233042
5,2379.3,5,2379.5,08:00:47.239650347
4,2379.3,5,2379.5,08:00:47.242543352
5,2379.3,5,2379.5,08:00:47.325005642
5,2379.3,4,2379.5,08:00:47.361846886
5,2379.3,1,2379.4,08:00:47.840294661
4,2379.3,1,2379.4,08:00:47.840494739
5,2379.3,1,2379.4,08:00:49.343958770
6,2379.3,1,2379.4,08:00:49.492603288
5,2379.3,1,2379.4,08:00:50.021172119
5,2379.3,4,2379.5,08:00:50.344192715
5,2379.3,13,2379.6,08:00:50.344192715
5,2379.3,10,2379.6,08:00:50.344192715
5,2379.3,10,2379.6,08:00:50.344192715
5,2379.3,10,2379.6,08:00:50.344192715
1,2379.4,10,2379.6,08:00:50.344220962
2,2379.4,10,2379.6,08:00:50.344264026
3,2379.4,10,2379.6,08:00:50.344715858
3,2379.4,10,2379.6,08:00:50.344754621
3,2379.4,10,2379.6,08:00:50.344820718
3,2379.4,10,2379.6,08:00:50.344881389
4,2379.4,10,2379.6,08:00:50.344906653
4,2379.4,10,2379.6,08:00:50.344918387
4,2379.4,9,2379.6,08:00:50.344946500
4,2379.4,9,2379.6,08:00:50.344966273
5,2379.4,9,2379.6,08:00:50.345025958
5,2379.4,9,2379.6,08:00:50.345037395
6,2379.4,9,2379.6,08:00:50.345072839
6,2379.4,9,2379.6,08:00:50.345121662
7,2379.4,9,2379.6,08:00:50.345141711
7,2379.4,9,2379.6,08:00:50.345152411
7,2379.4,9,2379.6,08:00:50.345238650
7,2379.4,9,2379.6,08:00:50.345252776
7,2379.4,9,2379.6,08:00:50.345252776
7,2379.4,2,2379.5,08:00:50.345328747
6,2379.4,2,2379.5,08:00:50.345419473
5,2379.4,2,2379.5,08:00:50.345576728
4,2379.4,2,2379.5,08:00:50.345614949
3,2379.4,2,2379.5,08:00:50.345633116
2,2379.4,2,2379.5,08:00:50.346021456
2,2379.4,3,2379.5,08:00:50.346196445
2,2379.4,4,2379.5,08:00:50.346217431
1,2379.4,4,2379.5,08:00:50.346265522
9,2379.3,4,2379.5,08:00:50.346326726
9,2379.3,4,2379.5,08:00:50.346326726
9,2379.3,5,2379.5,08:00:50.346469549
8,2379.3,5,2379.5,08:00:50.346527204
8,2379.3,6,2379.5,08:00:50.346658922
8,2379.3,7,2379.5,08:00:50.346810566
7,2379.3,7,2379.5,08:00:50.346850206
7,2379.3,6,2379.5,08:00:50.346890549
6,2379.3,6,2379.5,08:00:50.346924258
6,2379.3,6,2379.5,08:00:50.346978131
6,2379.3,5,2379.5,08:00:50.347023582
6,2379.3,9,2379.5,08:00:50.355113441
5,2379.3,9,2379.5,08:00:50.355249038
5,2379.3,9,2379.5,08:00:50.355275474
5,2379.3,9,2379.5,08:00:50.365422014
5,2379.3,9,2379.5,08:00:50.403120936
5,2379.3,9,2379.5,08:00:50.636001897
5,2379.3,9,2379.5,08:00:50.636001897
5,2379.3,9,2379.5,08:00:50.636119644
4,2379.3,9,2379.5,08:00:51.250042720
4,2379.3,1,2379.4,08:00:51.250200089
4,2379.3,1,2379.4,08:00:51.250270897
4,2379.3,2,2379.4,08:00:51.250342601
4,2379.3,2,2379.4,08:00:51.250370377
3,2379.3,2,2379.4,08:00:51.250411201
3,2379.3,2,2379.4,08:00:51.250469477
3,2379.3,2,2379.4,08:00:51.250482770
2,2379.3,2,2379.4,08:00:51.250541353
2,2379.3,3,2379.4,08:00:51.251496730
3,2379.3,3,2379.4,08:00:51.285224765
3,2379.3,2,2379.4,08:00:51.285380262
3,2379.3,1,2379.4,08:00:51.285488769
4,2379.3,1,2379.4,08:00:54.876034227
5,2379.3,1,2379.4,08:00:54.876157331
6,2379.3,1,2379.4,08:00:54.876174057
6,2379.3,10,2379.5,08:00:54.876206253
6,2379.3,10,2379.5,08:00:54.876206253
6,2379.3,10,2379.5,08:00:54.876451689
6,2379.3,9,2379.5,08:00:54.876471600
6,2379.3,9,2379.5,08:00:54.876482732
6,2379.3,5,2379.5,08:00:54.879659532
6,2379.3,5,2379.5,08:00:54.879795692
7,2379.3,5,2379.5,08:00:55.028812138
7,2379.3,4,2379.5,08:00:55.028920884
7,2379.3,2,2379.5,08:00:55.029223722
1,2379.4,2,2379.5,08:00:55.029358889
1,2379.4,2,2379.5,08:00:55.029375751
1,2379.4,2,2379.5,08:00:55.029392631
1,2379.4,2,2379.5,08:00:55.029634031
1,2379.4,1,2379.5,08:00:55.029634031
1,2379.4,1,2379.5,08:00:55.029663670
2,2379.4,1,2379.5,08:00:55.030006339
3,2379.4,1,2379.5,08:00:55.030115909
4,2379.4,1,2379.5,08:00:55.030131689
4,2379.4,1,2379.5,08:00:55.030142387
4,2379.4,10,2379.6,08:00:55.030356455
4,2379.4,10,2379.6,08:00:55.030356455
4,2379.4,9,2379.6,08:00:55.030509127
4,2379.4,9,2379.6,08:00:55.030641504
5,2379.4,9,2379.6,08:00:55.030693198
5,2379.4,9,2379.6,08:00:55.030819236
5,2379.4,9,2379.6,08:00:55.030835643
5,2379.4,9,2379.6,08:00:55.030835643
5,2379.4,8,2379.6,08:00:55.030862286
5,2379.4,8,2379.6,08:00:55.038009298
4,2379.4,8,2379.6,08:00:55.787563557
4,2379.4,9,2379.6,08:00:55.787728015
4,2379.4,9,2379.6,08:00:55.787762262
5,2379.4,9,2379.6,08:00:55.874515443
6,2379.4,9,2379.6,08:00:56.016661773
6,2379.4,9,2379.6,08:00:56.016661773
7,2379.4,9,2379.6,08:00:56.196857412
7,2379.4,9,2379.6,08:00:56.196857412
7,2379.4,8,2379.6,08:00:56.236327263
7,2379.4,8,2379.6,08:00:56.236459765
7,2379.4,7,2379.6,08:00:56.275292284
7,2379.4,6,2379.6,08:00:56.275457583
1,2379.5,6,2379.6,08:00:56.275489939
1,2379.5,6,2379.6,08:00:56.275514682
1,2379.5,6,2379.6,08:00:56.275545774
1,2379.5,6,2379.6,08:00:56.275606188
1,2379.5,5,2379.6,08:00:56.275622057
1,2379.5,5,2379.6,08:00:56.275637673
1,2379.5,5,2379.6,08:00:56.275749176
1,2379.5,5,2379.6,08:00:56.275764612
1,2379.5,5,2379.6,08:00:56.275789033
2,2379.5,5,2379.6,08:00:56.276132925
2,2379.5,4,2379.6,08:00:56.276243430
2,2379.5,4,2379.6,08:00:56.414305766
2,2379.5,4,2379.6,08:00:56.663307042
3,2379.5,4,2379.6,08:00:56.928379481
3,2379.5,4,2379.6,08:00:56.928379481
3,2379.5,4,2379.6,08:00:56.928497376
3,2379.5,8,2379.7,08:00:56.930106672
3,2379.5,8,2379.7,08:00:56.930106672
3,2379.5,9,2379.7,08:00:56.930262179
3,2379.5,9,2379.7,08:00:56.930276350
3,2379.5,9,2379.7,08:00:56.930290903
3,2379.5,9,2379.7,08:00:56.930369391
3,2379.5,9,2379.7,08:00:56.930455847
3,2379.5,9,2379.7,08:00:56.930470282
3,2379.5,8,2379.7,08:00:56.930493813
3,2379.5,1,2379.6,08:00:56.930525509
3,2379.5,3,2379.6,08:00:56.930550498
3,2379.5,3,2379.6,08:00:56.930572898
3,2379.5,2,2379.6,08:00:56.930615728
4,2379.5,2,2379.6,08:00:56.930639892
4,2379.5,2,2379.6,08:00:56.930648958
5,2379.5,2,2379.6,08:00:56.930832075
5,2379.5,2,2379.6,08:00:56.930832075
5,2379.5,2,2379.6,08:00:56.930841212
5,2379.5,8,2379.7,08:00:56.930973093
5,2379.5,8,2379.7,08:00:56.930973093
5,2379.5,8,2379.7,08:00:56.939225327
5,2379.5,8,2379.7,08:00:56.939238882
5,2379.5,8,2379.7,08:00:56.939252249
4,2379.5,8,2379.7,08:00:57.585968745
4,2379.5,8,2379.7,08:00:57.586095615
3,2379.5,8,2379.7,08:00:57.586307507
3,2379.5,1,2379.6,08:00:57.586343143
3,2379.5,2,2379.6,08:00:57.586436396
8,2379.4,2,2379.6,08:00:57.586592585
8,2379.4,2,2379.6,08:00:57.586592585
8,2379.4,2,2379.6,08:00:57.586617628
8,2379.4,3,2379.6,08:00:57.586627414
8,2379.4,3,2379.6,08:00:57.586665150
8,2379.4,4,2379.6,08:00:57.586935453
8,2379.4,5,2379.6,08:00:57.586950378
8,2379.4,6,2379.6,08:00:57.586961920
8,2379.4,7,2379.6,08:00:57.587186405
8,2379.4,8,2379.6,08:00:57.587215865
8,2379.4,8,2379.6,08:00:57.587248285
8,2379.4,8,2379.6,08:00:57.587279626
8,2379.4,2,2379.5,08:00:57.587307386
8,2379.4,2,2379.5,08:00:57.587357138
7,2379.4,2,2379.5,08:00:57.587417287
7,2379.4,2,2379.5,08:00:57.587588931
7,2379.4,8,2379.6,08:00:57.587665861
7,2379.4,8,2379.6,08:00:57.587665861
7,2379.4,8,2379.6,08:00:57.587699468
7,2379.4,8,2379.6,08:00:57.587737469
6,2379.4,8,2379.6,08:00:57.587777361
5,2379.4,8,2379.6,08:00:57.587796100
5,2379.4,10,2379.6,08:00:57.592231419
5,2379.4,10,2379.6,08:00:57.594827199
5,2379.4,10,2379.6,08:00:57.598238039
5,2379.4,8,2379.6,08:00:57.601214849
5,2379.4,8,2379.6,08:00:57.608426994
5,2379.4,7,2379.6,08:00:59.017964766
5,2379.4,6,2379.6,08:00:59.017979400
6,2379.4,6,2379.6,08:00:59.018122417
6,2379.4,8,2379.6,08:00:59.019794813
5,2379.4,8,2379.6,08:00:59.019940384
5,2379.4,6,2379.6,08:00:59.021034319
5,2379.4,7,2379.6,08:00:59.062171752
5,2379.4,6,2379.6,08:00:59.101189663
6,2379.4,6,2379.6,08:00:59.101292164
6,2379.4,5,2379.6,08:00:59.101394639
6,2379.4,4,2379.6,08:00:59.101411475
6,2379.4,3,2379.6,08:00:59.101519890
6,2379.4,4,2379.6,08:00:59.101646408
6,2379.4,3,2379.6,08:00:59.101663269
7,2379.4,3,2379.6,08:00:59.101681939
7,2379.4,3,2379.6,08:00:59.101696482
1,2379.5,3,2379.6,08:00:59.101807870
1,2379.5,2,2379.6,08:01:00.085595615
1,2379.5,1,2379.6,08:01:00.085654134
2,2379.5,1,2379.6,08:01:00.085815654
3,2379.5,1,2379.6,08:01:00.085863490
3,2379.5,8,2379.7,08:01:00.086034033
3,2379.5,8,2379.7,08:01:00.086034033
4,2379.5,8,2379.7,08:01:00.086087811
5,2379.5,8,2379.7,08:01:00.086125476
5,2379.5,8,2379.7,08:01:00.086151245
5,2379.5,8,2379.7,08:01:00.086212434
4,2379.5,8,2379.7,08:01:00.086278541
4,2379.5,8,2379.7,08:01:00.086291421
4,2379.5,8,2379.7,08:01:00.086306471
4,2379.5,2,2379.6,08:01:00.086364373
5,2379.5,2,2379.6,08:01:00.086389570
5,2379.5,2,2379.6,08:01:00.086555385
4,2379.5,2,2379.6,08:01:00.086577270
3,2379.5,2,2379.6,08:01:00.086598896
2,2379.5,2,2379.6,08:01:00.086858011
1,2379.5,2,2379.6,08:01:00.086981893
1,2379.5,2,2379.6,08:01:00.087099828
1,2379.5,3,2379.6,08:01:00.090240064
7,2379.4,3,2379.6,08:01:00.090521926
7,2379.4,3,2379.6,08:01:00.090521926
7,2379.4,4,2379.6,08:01:00.090795893
7,2379.4,5,2379.6,08:01:00.090833964
7,2379.4,5,2379.6,08:01:00.093947163
7,2379.4,5,2379.6,08:01:00.094033728
7,2379.4,6,2379.6,08:01:00.255146951
7,2379.4,7,2379.6,08:01:00.255272185
6,2379.4,7,2379.6,08:01:00.255296758
6,2379.4,7,2379.6,08:01:00.255311354
6,2379.4,7,2379.6,08:01:00.255327620
4,2379.5,7,2379.6,08:01:01.626983492
4,2379.5,6,2379.6,08:01:01.627135169
4,2379.5,5,2379.6,08:01:01.627152660
4,2379.5,8,2379.7,08:01:01.627355426
4,2379.5,8,2379.7,08:01:01.627355426
1,2379.6,8,2379.7,08:01:01.627403644
1,2379.6,8,2379.7,08:01:01.627490821
1,2379.6,8,2379.7,08:01:01.627640312
1,2379.6,8,2379.7,08:01:01.627708499
1,2379.6,8,2379.7,08:01:01.627828898
1,2379.6,8,2379.7,08:01:01.627842399
1,2379.6,8,2379.7,08:01:01.628082627
1,2379.6,8,2379.7,08:01:01.628101207
1,2379.6,8,2379.7,08:01:01.628119631
1,2379.6,7,2379.7,08:01:01.628184997
1,2379.6,6,2379.7,08:01:01.628736558
2,2379.6,6,2379.7,08:01:01.628762507
2,2379.6,6,2379.7,08:01:01.629008727
3,2379.6,6,2379.7,08:01:01.629055873
3,2379.6,5,2379.7,08:01:01.629066721
3,2379.6,4,2379.7,08:01:01.629075144
4,2379.6,4,2379.7,08:01:01.629339136
5,2379.6,4,2379.7,08:01:01.629672782
5,2379.6,3,2379.7,08:01:01.629703000
5,2379.6,3,2379.7,08:01:01.629824804
6,2379.6,3,2379.7,08:01:01.629917055
6,2379.6,3,2379.7,08:01:01.630065586
6,2379.6,3,2379.7,08:01:01.630285952
6,2379.6,3,2379.7,08:01:01.630394363
6,2379.6,3,2379.7,08:01:01.630429880
6,2379.6,2,2379.7,08:01:01.630476076
6,2379.6,1,2379.7,08:01:01.630525211
5,2379.6,1,2379.7,08:01:01.630673532
4,2379.6,1,2379.7,08:01:01.630792247
4,2379.6,1,2379.7,08:01:01.630933556
4,2379.6,1,2379.7,08:01:01.630946500
4,2379.6,9,2379.8,08:01:01.630990850
4,2379.6,9,2379.8,08:01:01.630990850
4,2379.6,9,2379.8,08:01:01.631012434
3,2379.6,9,2379.8,08:01:01.631032790
4,2379.6,9,2379.8,08:01:01.631051568
4,2379.6,8,2379.8,08:01:01.631080980
4,2379.6,8,2379.8,08:01:01.631758232
4,2379.6,8,2379.8,08:01:01.631770619
5,2379.6,8,2379.8,08:01:01.631990336
6,2379.6,8,2379.8,08:01:01.632054817
6,2379.6,8,2379.8,08:01:01.632114095
6,2379.6,8,2379.8,08:01:01.632114095
6,2379.6,8,2379.8,08:01:01.632162819
6,2379.6,8,2379.8,08:01:01.632495671
6,2379.6,8,2379.8,08:01:01.632508055
6,2379.6,8,2379.8,08:01:01.635530763
6,2379.6,8,2379.8,08:01:01.635709877
6,2379.6,8,2379.8,08:01:01.638328130
7,2379.6,8,2379.8,08:01:01.814134335
7,2379.6,7,2379.8,08:01:01.814268603
7,2379.6,6,2379.8,08:01:01.814282916
7,2379.6,6,2379.8,08:01:01.814297976
7,2379.6,6,2379.8,08:01:01.814392986
6,2379.6,6,2379.8,08:01:01.834072107
6,2379.6,6,2379.8,08:01:01.834202865
8,2379.6,6,2379.8,08:01:01.995170620
8,2379.6,6,2379.8,08:01:01.996029623
8,2379.6,10,2379.9,08:01:01.996363637
8,2379.6,10,2379.9,08:01:01.996363637
9,2379.6,10,2379.9,08:01:01.996384776
1,2379.7,10,2379.9,08:01:01.996425998
2,2379.7,10,2379.9,08:01:01.996536296
3,2379.7,10,2379.9,08:01:01.996736483
4,2379.7,10,2379.9,08:01:01.996759488
6,2379.7,10,2379.9,08:01:01.996807358
7,2379.7,10,2379.9,08:01:01.996891267
7,2379.7,10,2379.9,08:01:01.996919824
8,2379.7,10,2379.9,08:01:01.996950423
8,2379.7,10,2379.9,08:01:01.996969412
8,2379.7,10,2379.9,08:01:01.996989950
8,2379.7,9,2379.9,08:01:01.997012552
8,2379.7,9,2379.9,08:01:01.997073670
8,2379.7,9,2379.9,08:01:01.997086768
8,2379.7,9,2379.9,08:01:01.997102714
8,2379.7,9,2379.9,08:01:01.997132295
8,2379.7,9,2379.9,08:01:01.997184866
8,2379.7,9,2379.9,08:01:01.997198879
8,2379.7,9,2379.9,08:01:01.997211804
8,2379.7,9,2379.9,08:01:01.997230457
8,2379.7,9,2379.9,08:01:01.997243674
8,2379.7,9,2379.9,08:01:01.997255908
8,2379.7,8,2379.9,08:01:01.997278977
8,2379.7,8,2379.9,08:01:01.997415824
8,2379.7,8,2379.9,08:01:01.997427479
8,2379.7,8,2379.9,08:01:01.997427479
9,2379.7,8,2379.9,08:01:01.997535785
9,2379.7,8,2379.9,08:01:01.997547504
9,2379.7,8,2379.9,08:01:01.997596958
9,2379.7,8,2379.9,08:01:01.997596958
9,2379.7,7,2379.9,08:01:01.997620456
9,2379.7,7,2379.9,08:01:01.997631899
9,2379.7,7,2379.9,08:01:01.997663058
9,2379.7,7,2379.9,08:01:01.997686876
9,2379.7,7,2379.9,08:01:01.997794930
8,2379.7,7,2379.9,08:01:01.997814191
8,2379.7,7,2379.9,08:01:01.997868317
8,2379.7,7,2379.9,08:01:01.997913742
7,2379.7,7,2379.9,08:01:01.998020179
7,2379.7,7,2379.9,08:01:01.998148815
7,2379.7,7,2379.9,08:01:02.007275166
7,2379.7,7,2379.9,08:01:02.007286919
7,2379.7,1,2379.8,08:01:02.063657524
7,2379.7,1,2379.8,08:01:02.063680776
7,2379.7,1,2379.8,08:01:02.063688700
7,2379.7,2,2379.8,08:01:02.063719970
7,2379.7,2,2379.8,08:01:02.063828789
6,2379.7,2,2379.8,08:01:02.063850959
6,2379.7,2,2379.8,08:01:02.063880048
4,2379.7,2,2379.8,08:01:02.063915431
3,2379.7,2,2379.8,08:01:02.063963616
3,2379.7,2,2379.8,08:01:02.063994618
2,2379.7,2,2379.8,08:01:02.064100839
1,2379.7,2,2379.8,08:01:02.064144318
1,2379.7,2,2379.8,08:01:02.064258404
12,2379.6,2,2379.8,08:01:02.064330825
12,2379.6,2,2379.8,08:01:02.064330825
11,2379.6,2,2379.8,08:01:02.064453506
10,2379.6,2,2379.8,08:01:02.064513763
10,2379.6,3,2379.8,08:01:02.064631164
10,2379.6,3,2379.8,08:01:02.064957061
10,2379.6,3,2379.8,08:01:02.187271194
1,2379.7,3,2379.8,08:01:02.285204447
1,2379.7,2,2379.8,08:01:02.285374124
1,2379.7,2,2379.8,08:01:02.285403552
1,2379.7,2,2379.8,08:01:02.285650542
1,2379.7,2,2379.8,08:01:02.285650542
2,2379.7,2,2379.8,08:01:02.285660383
2,2379.7,3,2379.8,08:01:02.285853360
2,2379.7,4,2379.8,08:01:02.286026454
2,2379.7,3,2379.8,08:01:02.286126012
1,2379.7,3,2379.8,08:01:02.286285403
1,2379.7,2,2379.8,08:01:02.286295740
11,2379.6,2,2379.8,08:01:02.286371562
11,2379.6,2,2379.8,08:01:02.286371562
11,2379.6,3,2379.8,08:01:02.286954889
10,2379.6,3,2379.8,08:01:02.286976445
10,2379.6,4,2379.8,08:01:02.287032068
10,2379.6,5,2379.8,08:01:02.287251625
10,2379.6,6,2379.8,08:01:02.287331383
10,2379.6,7,2379.8,08:01:02.287487143
10,2379.6,8,2379.8,08:01:02.287503463
9,2379.6,8,2379.8,08:01:02.287635299
9,2379.6,8,2379.8,08:01:02.287648932
9,2379.6,1,2379.7,08:01:02.320089443
9,2379.6,1,2379.7,08:01:02.320228397
9,2379.6,1,2379.7,08:01:02.320245680
9,2379.6,1,2379.7,08:01:02.320274452
9,2379.6,8,2379.8,08:01:02.320468370
9,2379.6,8,2379.8,08:01:02.320468370
9,2379.6,8,2379.8,08:01:02.320490978
8,2379.6,8,2379.8,08:01:02.320490978
8,2379.6,7,2379.8,08:01:02.320570861
8,2379.6,6,2379.8,08:01:02.320601409
8,2379.6,5,2379.8,08:01:02.320638344
8,2379.6,4,2379.8,08:01:02.320720099
9,2379.6,4,2379.8,08:01:02.320758417
9,2379.6,4,2379.8,08:01:02.320772859
9,2379.6,4,2379.8,08:01:02.320786910
9,2379.6,4,2379.8,08:01:02.328703464
9,2379.6,4,2379.8,08:01:02.329140378
9,2379.6,3,2379.8,08:01:02.375847290
1,2379.7,3,2379.8,08:01:02.375979840
3,2379.7,3,2379.8,08:01:02.376012173
3,2379.7,2,2379.8,08:01:02.376054111
4,2379.7,2,2379.8,08:01:02.376086899
4,2379.7,2,2379.8,08:01:02.376098303
5,2379.7,2,2379.8,08:01:02.376119498
5,2379.7,1,2379.8,08:01:02.376226632
5,2379.7,1,2379.8,08:01:02.376241545
5,2379.7,1,2379.8,08:01:02.376322004
4,2379.7,1,2379.8,08:01:02.376393269
4,2379.7,1,2379.8,08:01:02.376462820
4,2379.7,7,2379.9,08:01:02.376501716
4,2379.7,7,2379.9,08:01:02.376501716
3,2379.7,7,2379.9,08:01:02.376527989
3,2379.7,7,2379.9,08:01:02.376539138
4,2379.7,7,2379.9,08:01:02.376592368
4,2379.7,7,2379.9,08:01:02.376658645
5,2379.7,7,2379.9,08:01:02.376714095
5,2379.7,7,2379.9,08:01:02.376788743
4,2379.7,7,2379.9,08:01:02.379607552
4,2379.7,7,2379.9,08:01:02.384892545
4,2379.7,8,2379.9,08:01:02.388575445
2,2379.7,8,2379.9,08:01:02.388691764
3,2379.7,8,2379.9,08:01:02.388820568
3,2379.7,1,2379.8,08:01:02.388861358
2,2379.7,1,2379.8,08:01:02.388986695
2,2379.7,1,2379.8,08:01:02.389000766
1,2379.7,1,2379.8,08:01:02.389088082
1,2379.7,1,2379.8,08:01:02.389206745
1,2379.7,1,2379.8,08:01:02.390317176
2,2379.7,1,2379.8,08:01:02.390459743
2,2379.7,8,2379.9,08:01:02.390584142
2,2379.7,8,2379.9,08:01:02.390584142
2,2379.7,10,2379.9,08:01:02.390682301
3,2379.7,10,2379.9,08:01:02.390702814
3,2379.7,8,2379.9,08:01:02.393263646
3,2379.7,8,2379.9,08:01:02.393393507
3,2379.7,8,2379.9,08:01:02.497272449
3,2379.7,8,2379.9,08:01:02.497392861
3,2379.7,10,2379.9,08:01:02.499446570
2,2379.7,10,2379.9,08:01:02.499560670
2,2379.7,1,2379.8,08:01:02.499699995
2,2379.7,1,2379.8,08:01:02.499888444
1,2379.7,1,2379.8,08:01:02.499999658
1,2379.7,1,2379.8,08:01:02.500115652
1,2379.7,2,2379.8,08:01:02.545726957
10,2379.6,2,2379.8,08:01:02.753254512
10,2379.6,2,2379.8,08:01:02.753254512
10,2379.6,3,2379.8,08:01:02.753443545
10,2379.6,4,2379.8,08:01:02.753462388
10,2379.6,5,2379.8,08:01:02.753543842
10,2379.6,6,2379.8,08:01:02.753659412
9,2379.6,6,2379.8,08:01:02.753680399
9,2379.6,6,2379.8,08:01:02.753704550
9,2379.6,6,2379.8,08:01:02.753718063
9,2379.6,6,2379.8,08:01:02.753881075
8,2379.6,6,2379.8,08:01:02.754969929
7,2379.6,6,2379.8,08:01:02.755007731
7,2379.6,1,2379.7,08:01:02.755035299
6,2379.6,1,2379.7,08:01:02.755211399
6,2379.6,1,2379.7,08:01:02.755898168
5,2379.6,1,2379.7,08:01:02.755935056
5,2379.6,1,2379.7,08:01:02.755959712
4,2379.6,1,2379.7,08:01:02.755982772
4,2379.6,1,2379.7,08:01:02.755991693
4,2379.6,1,2379.7,08:01:02.756007693
4,2379.6,1,2379.7,08:01:02.756022196
4,2379.6,1,2379.7,08:01:02.756735798
4,2379.6,6,2379.8,08:01:02.865894257
4,2379.6,5,2379.8,08:01:02.865894257
4,2379.6,5,2379.8,08:01:02.865894257
5,2379.6,5,2379.8,08:01:02.865963062
1,2379.7,5,2379.8,08:01:02.866030829
1,2379.7,4,2379.8,08:01:02.866070894
5,2379.6,4,2379.8,08:01:02.866113228
5,2379.6,4,2379.8,08:01:02.866113228
5,2379.6,4,2379.8,08:01:02.866166457
5,2379.6,4,2379.8,08:01:02.866194708
5,2379.6,4,2379.8,08:01:02.866212306
6,2379.6,4,2379.8,08:01:02.866274367
6,2379.6,4,2379.8,08:01:02.866286633
7,2379.6,4,2379.8,08:01:02.866308803
7,2379.6,5,2379.8,08:01:03.033665238
7,2379.6,5,2379.8,08:01:03.034006801
7,2379.6,5,2379.8,08:01:03.034024199
6,2379.6,5,2379.8,08:01:03.108424135
6,2379.6,5,2379.8,08:01:03.224807851
7,2379.6,5,2379.8,08:01:03.225485717
7,2379.6,5,2379.8,08:01:03.360317204
7,2379.6,10,2379.9,08:01:03.548257856
45,2379.8,10,2379.9,08:01:03.548257856
45,2379.8,10,2379.9,08:01:03.548257856
45,2379.8,10,2379.9,08:01:03.548317824
45,2379.8,10,2379.9,08:01:03.548435238
45,2379.8,10,2379.9,08:01:03.548464999
45,2379.8,10,2379.9,08:01:03.548498119
45,2379.8,10,2379.9,08:01:03.548525381
45,2379.8,10,2379.9,08:01:03.548668231
45,2379.8,10,2379.9,08:01:03.548758000
43,2379.8,10,2379.9,08:01:03.548821813
43,2379.8,13,2380.0,08:01:03.549108676
43,2379.8,13,2380.0,08:01:03.549108676
43,2379.8,12,2380.0,08:01:03.549445371
43,2379.8,11,2380.0,08:01:03.549462082
43,2379.8,12,2380.0,08:01:03.549478593
2,2379.9,12,2380.0,08:01:03.549581475
2,2379.9,12,2380.0,08:01:03.549608893
2,2379.9,12,2380.0,08:01:03.549608893
2,2379.9,12,2380.0,08:01:03.549738403
2,2379.9,12,2380.0,08:01:03.549770135
3,2379.9,12,2380.0,08:01:03.549842604
3,2379.9,12,2380.0,08:01:03.549853772
3,2379.9,11,2380.0,08:01:03.549903319
3,2379.9,11,2380.0,08:01:03.549948123
4,2379.9,11,2380.0,08:01:03.550020173
4,2379.9,11,2380.0,08:01:03.550049664
4,2379.9,11,2380.0,08:01:03.550089480
4,2379.9,11,2380.0,08:01:03.550310718
4,2379.9,11,2380.0,08:01:03.550323672
4,2379.9,11,2380.0,08:01:03.550468480
3,2379.9,11,2380.0,08:01:03.550629052
3,2379.9,11,2380.0,08:01:03.550658281
3,2379.9,11,2380.0,08:01:03.550670183
3,2379.9,10,2380.0,08:01:03.550880443
3,2379.9,10,2380.0,08:01:03.550894222
4,2379.9,10,2380.0,08:01:03.550923375
4,2379.9,10,2380.0,08:01:03.550936866
4,2379.9,10,2380.0,08:01:03.551170148
4,2379.9,10,2380.0,08:01:03.551241749
4,2379.9,10,2380.0,08:01:03.551264860
4,2379.9,11,2380.0,08:01:03.551279581
4,2379.9,10,2380.0,08:01:03.551294947
4,2379.9,10,2380.0,08:01:03.551343214
4,2379.9,10,2380.0,08:01:03.551359252
4,2379.9,9,2380.0,08:01:03.551373316
4,2379.9,9,2380.0,08:01:03.551386919
4,2379.9,8,2380.0,08:01:03.551421387
4,2379.9,8,2380.0,08:01:03.551485521
4,2379.9,8,2380.0,08:01:03.551527483
4,2379.9,7,2380.0,08:01:03.551595948
4,2379.9,6,2380.0,08:01:03.551624829
4,2379.9,6,2380.0,08:01:03.551671016
3,2379.9,6,2380.0,08:01:03.551709374
2,2379.9,6,2380.0,08:01:03.551765927
2,2379.9,6,2380.0,08:01:03.551824737
1,2379.9,6,2380.0,08:01:03.551881669
1,2379.9,6,2380.0,08:01:03.551897324
1,2379.9,6,2380.0,08:01:03.551917612
1,2379.9,6,2380.0,08:01:03.551969492
2,2379.9,6,2380.0,08:01:03.552098269
2,2379.9,6,2380.0,08:01:03.552106423
2,2379.9,6,2380.0,08:01:03.552225088
1,2379.9,6,2380.0,08:01:03.552251596
1,2379.9,6,2380.0,08:01:03.556500847
1,2379.9,6,2380.0,08:01:03.557268287
1,2379.9,6,2380.0,08:01:03.559229267
1,2379.9,6,2380.0,08:01:03.561224335
2,2379.9,6,2380.0,08:01:03.561364685
2,2379.9,6,2380.0,08:01:03.561481300
2,2379.9,6,2380.0,08:01:03.562968283
2,2379.9,6,2380.0,08:01:03.570418127
2,2379.9,6,2380.0,08:01:03.570418127
3,2379.9,6,2380.0,08:01:03.577568501
3,2379.9,7,2380.1,08:01:03.577880053
3,2379.9,7,2380.1,08:01:03.577880053
3,2379.9,6,2380.1,08:01:03.577902208
1,2380.0,6,2380.1,08:01:03.578130496
1,2380.0,5,2380.1,08:01:03.578150695
1,2380.0,5,2380.1,08:01:03.578186286
1,2380.0,5,2380.1,08:01:03.578443888
1,2380.0,5,2380.1,08:01:03.578476910
1,2380.0,5,2380.1,08:01:03.578492811
1,2380.0,4,2380.1,08:01:03.578515106
1,2380.0,4,2380.1,08:01:03.578545379
1,2380.0,4,2380.1,08:01:03.578591508
1,2380.0,3,2380.1,08:01:03.578642591
1,2380.0,3,2380.1,08:01:03.578650971
1,2380.0,3,2380.1,08:01:03.578664933
1,2380.0,3,2380.1,08:01:03.578681308
1,2380.0,2,2380.1,08:01:03.578854700
1,2380.0,2,2380.1,08:01:03.578916545
1,2380.0,2,2380.1,08:01:03.578930423
8,2379.9,2,2380.1,08:01:03.579002796
8,2379.9,2,2380.1,08:01:03.579002796
8,2379.9,2,2380.1,08:01:03.579038658
9,2379.9,2,2380.1,08:01:03.579060037
9,2379.9,2,2380.1,08:01:03.579146543
9,2379.9,2,2380.1,08:01:03.579173459
9,2379.9,2,2380.1,08:01:03.579187033
9,2379.9,2,2380.1,08:01:03.579240308
1,2380.0,2,2380.1,08:01:03.579342585
1,2380.0,1,2380.1,08:01:03.579376985
1,2380.0,1,2380.1,08:01:03.579407690
1,2380.0,2,2380.1,08:01:03.579541328
1,2380.0,3,2380.1,08:01:03.579557175
1,2380.0,4,2380.1,08:01:03.579577496
1,2380.0,6,2380.1,08:01:03.579591931
1,2380.0,6,2380.1,08:01:03.579605266
1,2380.0,7,2380.1,08:01:03.579621627
1,2380.0,7,2380.1,08:01:03.579675373
9,2379.9,7,2380.1,08:01:03.579796223
9,2379.9,7,2380.1,08:01:03.579796223
9,2379.9,7,2380.1,08:01:03.579819196
9,2379.9,7,2380.1,08:01:03.579907163
9,2379.9,6,2380.1,08:01:03.580069880
9,2379.9,6,2380.1,08:01:03.580154236
9,2379.9,7,2380.1,08:01:03.580223146
9,2379.9,7,2380.1,08:01:03.635309004
9,2379.9,7,2380.1,08:01:03.635323920
9,2379.9,7,2380.1,08:01:03.645323331
4,2380.0,7,2380.1,08:01:03.645431457
4,2380.0,7,2380.1,08:01:03.645453157
4,2380.0,7,2380.1,08:01:03.645633760
4,2380.0,7,2380.1,08:01:03.645712753
4,2380.0,6,2380.1,08:01:03.645805709
4,2380.0,6,2380.1,08:01:03.645930428
5,2380.0,6,2380.1,08:01:03.645950227
5,2380.0,5,2380.1,08:01:03.795161959
5,2380.0,5,2380.1,08:01:03.795161959
5,2380.0,5,2380.1,08:01:03.795311674
5,2380.0,5,2380.1,08:01:03.948846674
6,2380.0,5,2380.1,08:01:03.965741453
6,2380.0,4,2380.1,08:01:03.966023564
6,2380.0,3,2380.1,08:01:03.966122882
6,2380.0,3,2380.1,08:01:03.966133221
6,2380.0,2,2380.1,08:01:03.966175849
6,2380.0,11,2380.2,08:01:03.966304421
6,2380.0,11,2380.2,08:01:03.966304421
6,2380.0,11,2380.2,08:01:03.966444315
6,2380.0,10,2380.2,08:01:03.966475763
6,2380.0,10,2380.2,08:01:03.966592904
6,2380.0,10,2380.2,08:01:03.966768642
6,2380.0,10,2380.2,08:01:03.966768642
6,2380.0,10,2380.2,08:01:03.967694814
6,2380.0,10,2380.2,08:01:03.967694814
6,2380.0,10,2380.2,08:01:03.974873689
6,2380.0,8,2380.2,08:01:04.345896031
6,2380.0,7,2380.2,08:01:04.346060262
6,2380.0,7,2380.2,08:01:04.346079542
7,2380.0,7,2380.2,08:01:04.346136549
8,2380.0,7,2380.2,08:01:04.346179618
7,2380.0,7,2380.2,08:01:04.346286846
7,2380.0,7,2380.2,08:01:04.346317941
7,2380.0,6,2380.2,08:01:04.378041793
7,2380.0,7,2380.2,08:01:04.443923399
7,2380.0,8,2380.2,08:01:04.443955610
6,2380.0,8,2380.2,08:01:04.444180165
6,2380.0,1,2380.1,08:01:04.444323496
6,2380.0,1,2380.1,08:01:04.444474280
6,2380.0,1,2380.1,08:01:04.444505653
6,2380.0,1,2380.1,08:01:04.444531827
6,2380.0,10,2380.2,08:01:04.444718484
6,2380.0,10,2380.2,08:01:04.444718484
6,2380.0,9,2380.2,08:01:04.444841507
6,2380.0,8,2380.2,08:01:04.702210451
6,2380.0,8,2380.2,08:01:04.997009172
8,2380.0,8,2380.2,08:01:05.005670143
8,2380.0,8,2380.2,08:01:05.005670143
8,2380.0,8,2380.2,08:01:05.006004164
8,2380.0,8,2380.2,08:01:05.006004164
9,2380.0,8,2380.2,08:01:05.006136470
9,2380.0,8,2380.2,08:01:05.006253560
9,2380.0,8,2380.2,08:01:05.007847733
9,2380.0,1,2380.1,08:01:05.015597599
9,2380.0,8,2380.2,08:01:05.015838102
9,2380.0,8,2380.2,08:01:05.015838102
9,2380.0,9,2380.2,08:01:05.015878551
9,2380.0,1,2380.1,08:01:05.015910453
9,2380.0,1,2380.1,08:01:05.015910453
9,2380.0,1,2380.1,08:01:05.016033934
9,2380.0,7,2380.2,08:01:05.016166508
9,2380.0,7,2380.2,08:01:05.016166508
9,2380.0,8,2380.2,08:01:05.017295855
9,2380.0,8,2380.2,08:01:05.023389151
9,2380.0,4,2380.2,08:01:05.229610007
9,2380.0,3,2380.2,08:01:05.229716204
10,2380.0,3,2380.2,08:01:05.229756169
10,2380.0,3,2380.2,08:01:05.229893785
10,2380.0,3,2380.2,08:01:05.229908883
1,2380.1,3,2380.2,08:01:05.229940819
1,2380.1,3,2380.2,08:01:05.229956346
1,2380.1,3,2380.2,08:01:05.230018962
1,2380.1,3,2380.2,08:01:05.230054614
1,2380.1,3,2380.2,08:01:05.230068326
1,2380.1,3,2380.2,08:01:05.230083872
1,2380.1,3,2380.2,08:01:05.230110228
1,2380.1,2,2380.2,08:01:05.230137611
1,2380.1,2,2380.2,08:01:05.230137611
1,2380.1,1,2380.2,08:01:05.230156638
1,2380.1,3,2380.2,08:01:05.230300744
1,2380.1,3,2380.2,08:01:05.230311479
1,2380.1,2,2380.2,08:01:05.230356753
1,2380.1,2,2380.2,08:01:05.230368725
13,2380.0,2,2380.2,08:01:05.230579476
13,2380.0,2,2380.2,08:01:05.230579476
13,2380.0,2,2380.2,08:01:05.230612965
13,2380.0,3,2380.2,08:01:05.230706640
13,2380.0,4,2380.2,08:01:05.230798975
13,2380.0,4,2380.2,08:01:05.230811589
13,2380.0,4,2380.2,08:01:05.230824857
12,2380.0,4,2380.2,08:01:05.230907671
12,2380.0,5,2380.2,08:01:05.230925946
12,2380.0,5,2380.2,08:01:05.230925946
12,2380.0,6,2380.2,08:01:05.230963515
1,2380.1,6,2380.2,08:01:05.231157311
12,2380.0,6,2380.2,08:01:05.231387860
12,2380.0,6,2380.2,08:01:05.231387860
12,2380.0,5,2380.2,08:01:05.231408846
12,2380.0,4,2380.2,08:01:05.231430257
12,2380.0,4,2380.2,08:01:05.231430257
12,2380.0,5,2380.2,08:01:05.231638837
12,2380.0,5,2380.2,08:01:05.231638837
12,2380.0,5,2380.2,08:01:05.232001034
12,2380.0,6,2380.2,08:01:05.371705802
13,2380.0,6,2380.2,08:01:05.371839917
13,2380.0,5,2380.2,08:01:05.534189602
9,2380.0,5,2380.2,08:01:05.665337061
9,2380.0,4,2380.2,08:01:05.665535276
10,2380.0,4,2380.2,08:01:05.783412450
10,2380.0,4,2380.2,08:01:05.783412450
3,2380.1,4,2380.2,08:01:06.685387880
3,2380.1,3,2380.2,08:01:06.685606006
3,2380.1,3,2380.2,08:01:06.685606006
3,2380.1,10,2380.3,08:01:06.730310310
3,2380.1,8,2380.3,08:01:06.730310310
3,2380.1,8,2380.3,08:01:06.730310310
4,2380.1,8,2380.3,08:01:06.730458759
5,2380.1,8,2380.3,08:01:06.730745119
5,2380.1,8,2380.3,08:01:06.730812772
5,2380.1,7,2380.3,08:01:06.730861198
5,2380.1,7,2380.3,08:01:06.730914815
6,2380.1,7,2380.3,08:01:06.730936592
6,2380.1,7,2380.3,08:01:06.730947837
7,2380.1,7,2380.3,08:01:06.731041647
7,2380.1,6,2380.3,08:01:06.731157175
7,2380.1,6,2380.3,08:01:06.731280595
7,2380.1,6,2380.3,08:01:06.731294675
7,2380.1,6,2380.3,08:01:06.731340098
6,2380.1,6,2380.3,08:01:06.731429382
6,2380.1,7,2380.3,08:01:06.731493339
6,2380.1,7,2380.3,08:01:06.731731203
5,2380.1,7,2380.3,08:01:06.731756308
4,2380.1,7,2380.3,08:01:06.731975492
5,2380.1,7,2380.3,08:01:06.732805177
5,2380.1,7,2380.3,08:01:06.738535756
5,2380.1,7,2380.3,08:01:06.872327681
5,2380.1,6,2380.3,08:01:06.928756420
6,2380.1,6,2380.3,08:01:06.928855535
5,2380.1,6,2380.3,08:01:06.931225926
5,2380.1,7,2380.3,08:01:06.931253132
4,2380.1,7,2380.3,08:01:06.931400412
4,2380.1,11,2380.3,08:01:06.933979390
4,2380.1,1,2380.2,08:01:06.934122700
4,2380.1,1,2380.2,08:01:06.934178369
4,2380.1,1,2380.2,08:01:06.934286580
4,2380.1,1,2380.2,08:01:06.934821781
5,2380.1,1,2380.2,08:01:06.945423768
5,2380.1,12,2380.3,08:01:06.945540624
5,2380.1,12,2380.3,08:01:06.945540624
5,2380.1,12,2380.3,08:01:06.961773908
7,2380.1,12,2380.3,08:01:06.978869400
7,2380.1,12,2380.3,08:01:07.069459958
7,2380.1,11,2380.3,08:01:07.509845066
7,2380.1,10,2380.3,08:01:07.509979884
8,2380.1,10,2380.3,08:01:07.510030785
8,2380.1,1,2380.2,08:01:07.957935230
8,2380.1,1,2380.2,08:01:07.958118530
8,2380.1,1,2380.2,08:01:07.958129794
7,2380.1,1,2380.2,08:01:07.958154106
7,2380.1,2,2380.2,08:01:07.980567931
7,2380.1,3,2380.2,08:01:07.980592132
8,2380.1,3,2380.2,08:01:08.428073692
8,2380.1,3,2380.2,08:01:08.428073692
8,2380.1,2,2380.2,08:01:08.428364934
8,2380.1,1,2380.2,08:01:08.428364934
8,2380.1,11,2380.3,08:01:08.428612142
8,2380.1,11,2380.3,08:01:08.428612142
9,2380.1,11,2380.3,08:01:08.428662291
9,2380.1,10,2380.3,08:01:08.428792735
9,2380.1,10,2380.3,08:01:08.428822508
9,2380.1,9,2380.3,08:01:08.428854185
9,2380.1,9,2380.3,08:01:08.428937371
9,2380.1,10,2380.4,08:01:08.476242807
34,2380.3,10,2380.4,08:01:08.476242807
34,2380.3,10,2380.4,08:01:08.476242807
34,2380.3,10,2380.4,08:01:08.476242807
34,2380.3,10,2380.4,08:01:08.476398084
34,2380.3,10,2380.4,08:01:08.476413118
34,2380.3,10,2380.4,08:01:08.476428363
34,2380.3,10,2380.4,08:01:08.476459020
34,2380.3,10,2380.4,08:01:08.476474844
34,2380.3,10,2380.4,08:01:08.476487167
34,2380.3,10,2380.4,08:01:08.476565162
34,2380.3,10,2380.4,08:01:08.476615093
34,2380.3,10,2380.4,08:01:08.476660912
31,2380.3,10,2380.4,08:01:08.476760737
30,2380.3,10,2380.4,08:01:08.476943896
30,2380.3,10,2380.4,08:01:08.476955986
29,2380.3,10,2380.4,08:01:08.477007527
29,2380.3,10,2380.4,08:01:08.477024635
29,2380.3,10,2380.4,08:01:08.477030452
29,2380.3,9,2380.4,08:01:08.477069013
29,2380.3,9,2380.4,08:01:08.477134067
22,2380.3,9,2380.4,08:01:08.477172033
22,2380.3,9,2380.4,08:01:08.477178142
22,2380.3,9,2380.4,08:01:08.477200107
22,2380.3,9,2380.4,08:01:08.477212024
22,2380.3,9,2380.4,08:01:08.477226350
22,2380.3,8,2380.4,08:01:08.477243887
22,2380.3,8,2380.4,08:01:08.477304803
22,2380.3,7,2380.4,08:01:08.477321341
22,2380.3,7,2380.4,08:01:08.477347633
22,2380.3,7,2380.4,08:01:08.477368296
22,2380.3,7,2380.4,08:01:08.477396885
22,2380.3,7,2380.4,08:01:08.477419349
21,2380.3,7,2380.4,08:01:08.477442736
20,2380.3,7,2380.4,08:01:08.477548872
20,2380.3,6,2380.4,08:01:08.477645696
20,2380.3,6,2380.4,08:01:08.477748255
20,2380.3,6,2380.4,08:01:08.477767190
20,2380.3,6,2380.4,08:01:08.477780758
20,2380.3,6,2380.4,08:01:08.477889173
20,2380.3,6,2380.4,08:01:08.477904063
20,2380.3,6,2380.4,08:01:08.477970324
20,2380.3,6,2380.4,08:01:08.477970324
20,2380.3,6,2380.4,08:01:08.478013759
20,2380.3,6,2380.4,08:01:08.478013759
20,2380.3,6,2380.4,08:01:08.478107779
20,2380.3,5,2380.4,08:01:08.478132983
20,2380.3,5,2380.4,08:01:08.478270682
20,2380.3,4,2380.4,08:01:08.478291063
19,2380.3,4,2380.4,08:01:08.478347938
19,2380.3,4,2380.4,08:01:08.478362808
19,2380.3,4,2380.4,08:01:08.478395977
15,2380.3,4,2380.4,08:01:08.478422372
6,2380.2,4,2380.4,08:01:08.478479278
6,2380.2,4,2380.4,08:01:08.478479278
6,2380.2,4,2380.4,08:01:08.478515721
6,2380.2,2,2380.3,08:01:08.478645889
6,2380.2,2,2380.3,08:01:08.478713193
5,2380.2,2,2380.3,08:01:08.478767722
5,2380.2,2,2380.3,08:01:08.478896653
4,2380.2,2,2380.3,08:01:08.479004274
4,2380.2,2,2380.3,08:01:08.479016505
4,2380.2,2,2380.3,08:01:08.479211895
4,2380.2,2,2380.3,08:01:08.479241671
5,2380.2,2,2380.3,08:01:08.479405796
5,2380.2,2,2380.3,08:01:08.479514569
5,2380.2,1,2380.3,08:01:08.479559169
5,2380.2,1,2380.3,08:01:08.479559169
5,2380.2,1,2380.3,08:01:08.479686035
5,2380.2,1,2380.3,08:01:08.479702541
5,2380.2,1,2380.3,08:01:08.479812383
5,2380.2,1,2380.3,08:01:08.479910843
5,2380.2,1,2380.3,08:01:08.480038048
5,2380.2,1,2380.3,08:01:08.480378014
5,2380.2,1,2380.3,08:01:08.480393368
4,2380.2,1,2380.3,08:01:08.480539211
4,2380.2,1,2380.3,08:01:08.480553240
4,2380.2,9,2380.4,08:01:08.480612550
4,2380.2,9,2380.4,08:01:08.480612550
4,2380.2,9,2380.4,08:01:08.480645837
5,2380.2,9,2380.4,08:01:08.480645837
6,2380.2,9,2380.4,08:01:08.480734595
6,2380.2,8,2380.4,08:01:08.480752674
6,2380.2,2,2380.3,08:01:08.481373192
6,2380.2,1,2380.3,08:01:08.481398233
7,2380.2,1,2380.3,08:01:08.481485553
7,2380.2,1,2380.3,08:01:08.481607204
6,2380.2,1,2380.3,08:01:08.481772033
7,2380.2,1,2380.3,08:01:08.481886953
6,2380.2,1,2380.3,08:01:08.481923965
6,2380.2,8,2380.4,08:01:08.482120430
6,2380.2,8,2380.4,08:01:08.482120430
6,2380.2,8,2380.4,08:01:08.484469681
7,2380.2,8,2380.4,08:01:08.484596390
7,2380.2,8,2380.4,08:01:08.484710447
7,2380.2,8,2380.4,08:01:08.485370825
7,2380.2,8,2380.4,08:01:08.487244313
7,2380.2,8,2380.4,08:01:08.487376367
7,2380.2,8,2380.4,08:01:08.500221430
7,2380.2,7,2380.4,08:01:08.609314847
7,2380.2,6,2380.4,08:01:08.609533864
1,2380.3,6,2380.4,08:01:08.609533864
1,2380.3,5,2380.4,08:01:08.609579364
1,2380.3,4,2380.4,08:01:08.609600440
1,2380.3,4,2380.4,08:01:08.609658400
1,2380.3,4,2380.4,08:01:08.609676410
2,2380.3,4,2380.4,08:01:08.609785285
3,2380.3,4,2380.4,08:01:08.609805430
3,2380.3,4,2380.4,08:01:08.609941807
3,2380.3,4,2380.4,08:01:08.610002403
4,2380.3,4,2380.4,08:01:08.610024744
4,2380.3,2,2380.4,08:01:08.610047124
5,2380.3,2,2380.4,08:01:08.610065458
5,2380.3,1,2380.4,08:01:08.610131625
5,2380.3,1,2380.4,08:01:08.610148205
5,2380.3,9,2380.5,08:01:08.610424204
5,2380.3,9,2380.5,08:01:08.610424204
5,2380.3,9,2380.5,08:01:08.610478845
5,2380.3,9,2380.5,08:01:08.610641687
5,2380.3,8,2380.5,08:01:08.610873847
5,2380.3,8,2380.5,08:01:08.610933516
5,2380.3,8,2380.5,08:01:08.610950148
5,2380.3,7,2380.5,08:01:08.610995000
5,2380.3,7,2380.5,08:01:08.611107710
5,2380.3,7,2380.5,08:01:08.611107710
5,2380.3,6,2380.5,08:01:08.611182581
5,2380.3,6,2380.5,08:01:08.611194966
5,2380.3,5,2380.5,08:01:08.611227267
5,2380.3,5,2380.5,08:01:08.611350950
5,2380.3,5,2380.5,08:01:08.615309570
5,2380.3,5,2380.5,08:01:08.620289210
1,2380.4,5,2380.5,08:01:08.705453747
1,2380.4,5,2380.5,08:01:08.705572845
1,2380.4,4,2380.5,08:01:08.705607511
1,2380.4,4,2380.5,08:01:08.705647493
1,2380.4,4,2380.5,08:01:08.705660498
1,2380.4,4,2380.5,08:01:08.705725926
2,2380.4,4,2380.5,08:01:08.705774753
2,2380.4,4,2380.5,08:01:08.705784292
3,2380.4,4,2380.5,08:01:08.705819131
3,2380.4,4,2380.5,08:01:08.706129962
3,2380.4,4,2380.5,08:01:08.706129962
3,2380.4,4,2380.5,08:01:08.706179503
3,2380.4,4,2380.5,08:01:08.706195728
3,2380.4,4,2380.5,08:01:08.706210921
3,2380.4,4,2380.5,08:01:08.706257722
3,2380.4,3,2380.5,08:01:08.706322994
3,2380.4,3,2380.5,08:01:08.706367965
4,2380.4,3,2380.5,08:01:08.706785609
4,2380.4,1,2380.5,08:01:08.706931355
4,2380.4,1,2380.5,08:01:08.717245122
4,2380.4,1,2380.5,08:01:08.717259916
4,2380.4,2,2380.5,08:01:08.722616847
4,2380.4,2,2380.5,08:01:08.725290517
4,2380.4,8,2380.6,08:01:08.725715988
4,2380.4,4,2380.6,08:01:08.725715988
4,2380.4,4,2380.6,08:01:08.725715988
4,2380.4,4,2380.6,08:01:08.725742663
4,2380.4,4,2380.6,08:01:08.725757717
4,2380.4,4,2380.6,08:01:08.725842224
4,2380.4,3,2380.6,08:01:08.725930335
4,2380.4,3,2380.6,08:01:08.725948988
4,2380.4,3,2380.6,08:01:08.725987001
5,2380.4,3,2380.6,08:01:08.726048673
5,2380.4,3,2380.6,08:01:08.726058897
5,2380.4,3,2380.6,08:01:08.726144342
5,2380.4,3,2380.6,08:01:08.726144342
5,2380.4,3,2380.6,08:01:08.726156109
5,2380.4,3,2380.6,08:01:08.726217748
6,2380.4,3,2380.6,08:01:08.726241403
6,2380.4,3,2380.6,08:01:08.726253544
6,2380.4,2,2380.6,08:01:08.726277087
6,2380.4,2,2380.5,08:01:08.726338070
6,2380.4,2,2380.5,08:01:08.726397438
6,2380.4,2,2380.5,08:01:08.726413500
5,2380.4,2,2380.5,08:01:08.726491108
5,2380.4,2,2380.5,08:01:08.726503133
5,2380.4,2,2380.5,08:01:08.726539121
5,2380.4,2,2380.5,08:01:08.726744350
4,2380.4,2,2380.5,08:01:08.726744350
4,2380.4,2,2380.5,08:01:08.727574057
4,2380.4,2,2380.5,08:01:08.736008660
4,2380.4,2,2380.5,08:01:08.747034409
4,2380.4,2,2380.5,08:01:08.775338344
4,2380.4,4,2380.5,08:01:08.792947673
4,2380.4,4,2380.5,08:01:08.792959344
4,2380.4,4,2380.5,08:01:08.792972864
3,2380.4,4,2380.5,08:01:08.793222242
2,2380.4,4,2380.5,08:01:08.793246214
6,2380.3,4,2380.5,08:01:08.793329498
6,2380.3,4,2380.5,08:01:08.793329498
6,2380.3,5,2380.5,08:01:08.793371768
6,2380.3,6,2380.5,08:01:08.793642759
6,2380.3,6,2380.5,08:01:08.793667006
6,2380.3,6,2380.5,08:01:08.793682932
6,2380.3,6,2380.5,08:01:08.793784471
6,2380.3,2,2380.4,08:01:08.793856872
6,2380.3,4,2380.4,08:01:08.793973620
6,2380.3,4,2380.4,08:01:08.794052610
6,2380.3,4,2380.4,08:01:08.794105075
6,2380.3,4,2380.4,08:01:08.794121319
5,2380.3,4,2380.4,08:01:08.794142901
4,2380.3,4,2380.4,08:01:08.794193647
3,2380.3,4,2380.4,08:01:08.794330018
2,2380.3,4,2380.4,08:01:08.794416265
1,2380.3,4,2380.4,08:01:08.794507580
1,2380.3,2,2380.4,08:01:08.794626760
7,2380.2,2,2380.4,08:01:08.794664597
7,2380.2,2,2380.4,08:01:08.794664597
7,2380.2,4,2380.4,08:01:08.794764705
7,2380.2,4,2380.4,08:01:08.794806085
7,2380.2,4,2380.4,08:01:08.794820290
7,2380.2,4,2380.4,08:01:08.794836127
7,2380.2,4,2380.4,08:01:08.794985356
7,2380.2,4,2380.4,08:01:08.794995481
7,2380.2,4,2380.4,08:01:08.800385692
6,2380.2,4,2380.4,08:01:08.802365776
6,2380.2,5,2380.4,08:01:08.802383313
6,2380.2,5,2380.4,08:01:08.802955248
6,2380.2,5,2380.4,08:01:08.803080223
6,2380.2,5,2380.4,08:01:08.808684241
6,2380.2,5,2380.4,08:01:08.814971231
6,2380.2,4,2380.4,08:01:08.822167393
7,2380.2,4,2380.4,08:01:08.822275696
7,2380.2,4,2380.4,08:01:08.822287722
7,2380.2,4,2380.4,08:01:08.822301953
7,2380.2,4,2380.4,08:01:08.822316894
7,2380.2,3,2380.4,08:01:08.822337259
8,2380.2,3,2380.4,08:01:08.822424013
8,2380.2,3,2380.4,08:01:08.913755785
8,2380.2,6,2380.4,08:01:08.943741800
7,2380.2,6,2380.4,08:01:08.943882711
7,2380.2,6,2380.4,08:01:08.943896766
7,2380.2,7,2380.4,08:01:08.943913300
6,2380.2,7,2380.4,08:01:08.944046371
6,2380.2,7,2380.4,08:01:08.944061079
6,2380.2,1,2380.3,08:01:08.944173321
5,2380.2,1,2380.3,08:01:08.944290524
5,2380.2,1,2380.3,08:01:08.944356212
5,2380.2,1,2380.3,08:01:08.944368788
5,2380.2,1,2380.3,08:01:08.944450265
5,2380.2,1,2380.3,08:01:08.996619620
5,2380.2,1,2380.3,08:01:08.996811880
5,2380.2,1,2380.3,08:01:08.998032873
7,2380.2,1,2380.3,08:01:09.009706704
7,2380.2,9,2380.4,08:01:09.009822821
7,2380.2,9,2380.4,08:01:09.009822821
7,2380.2,8,2380.4,08:01:09.009910080
7,2380.2,7,2380.4,08:01:09.009948382
7,2380.2,6,2380.4,08:01:09.009963272
7,2380.2,6,2380.4,08:01:09.010036067
7,2380.2,6,2380.4,08:01:09.010392653
8,2380.2,6,2380.4,08:01:09.010519364
8,2380.2,5,2380.4,08:01:09.010644422
9,2380.2,5,2380.4,08:01:09.010772457
9,2380.2,5,2380.4,08:01:09.010784527
1,2380.3,5,2380.4,08:01:09.011517258
2,2380.3,5,2380.4,08:01:09.011660078
2,2380.3,5,2380.4,08:01:09.011805284
2,2380.3,5,2380.4,08:01:09.011819115
2,2380.3,5,2380.4,08:01:09.011888287
2,2380.3,5,2380.4,08:01:09.011979255
2,2380.3,5,2380.4,08:01:09.018095043
2,2380.3,5,2380.4,08:01:09.025318744
3,2380.3,5,2380.4,08:01:09.025447781
1,2380.3,5,2380.4,08:01:09.262205759
1,2380.3,5,2380.4,08:01:09.262538272
2,2380.3,5,2380.4,08:01:09.262730353
3,2380.3,5,2380.4,08:01:09.263900642
4,2380.3,5,2380.4,08:01:09.272627849
4,2380.3,2,2380.4,08:01:09.272896520
4,2380.3,8,2380.5,08:01:09.273191601
4,2380.3,8,2380.5,08:01:09.273191601
5,2380.3,8,2380.5,08:01:09.273218123
6,2380.3,8,2380.5,08:01:09.273282905
1,2380.4,8,2380.5,08:01:09.273408139
2,2380.4,8,2380.5,08:01:09.273424979
2,2380.4,8,2380.5,08:01:09.273542319
2,2380.4,8,2380.5,08:01:09.273556937
2,2380.4,7,2380.5,08:01:09.273574354
2,2380.4,7,2380.5,08:01:09.273736562
2,2380.4,6,2380.5,08:01:09.273757961
1,2380.4,6,2380.5,08:01:09.273802794
7,2380.3,6,2380.5,08:01:09.273869643
7,2380.3,6,2380.5,08:01:09.273869643
6,2380.3,6,2380.5,08:01:09.274093155
6,2380.3,6,2380.5,08:01:09.274105994
6,2380.3,6,2380.5,08:01:09.281236925
6,2380.3,6,2380.5,08:01:09.284254682
5,2380.3,6,2380.5,08:01:09.284365773
2,2380.4,6,2380.5,08:01:09.745411190
2,2380.4,6,2380.5,08:01:09.745553084
5,2380.3,6,2380.5,08:01:09.745787546
5,2380.3,6,2380.5,08:01:09.745787546
5,2380.3,7,2380.5,08:01:09.745968123
5,2380.3,2,2380.4,08:01:09.746012968
5,2380.3,2,2380.4,08:01:09.746151787
5,2380.3,2,2380.4,08:01:09.746183871
5,2380.3,2,2380.4,08:01:09.746200217
4,2380.3,2,2380.4,08:01:09.746224445
4,2380.3,3,2380.4,08:01:09.746834492
3,2380.3,3,2380.4,08:01:09.747034720
2,2380.3,3,2380.4,08:01:09.747087982
1,2380.3,3,2380.4,08:01:09.747294114
1,2380.3,2,2380.4,08:01:09.753474521
2,2380.3,2,2380.4,08:01:09.753628150
3,2380.3,2,2380.4,08:01:09.847249650
4,2380.3,2,2380.4,08:01:09.847403362
4,2380.3,8,2380.5,08:01:09.847427160
4,2380.3,8,2380.5,08:01:09.847427160
4,2380.3,8,2380.5,08:01:09.847539368
4,2380.3,7,2380.5,08:01:09.847572222
4,2380.3,7,2380.5,08:01:09.914663001
6,2380.3,7,2380.5,08:01:09.998052198
6,2380.3,7,2380.5,08:01:09.998052198
6,2380.3,7,2380.5,08:01:09.998180833
6,2380.3,7,2380.5,08:01:09.998246605
6,2380.3,7,2380.5,08:01:09.998246605
6,2380.3,7,2380.5,08:01:10.176091281
7,2380.3,7,2380.5,08:01:10.642171243
1,2380.4,7,2380.5,08:01:10.642311574
1,2380.4,6,2380.5,08:01:10.642498369
7,2380.3,6,2380.5,08:01:10.642654337
7,2380.3,6,2380.5,08:01:10.642654337
1,2380.4,6,2380.5,08:01:10.642683365
7,2380.3,6,2380.5,08:01:10.642859634
7,2380.3,6,2380.5,08:01:10.642859634
8,2380.3,6,2380.5,08:01:10.817029773
8,2380.3,6,2380.5,08:01:10.817029773
8,2380.3,7,2380.5,08:01:10.817155932
8,2380.3,7,2380.5,08:01:10.998355796
1,2380.4,7,2380.5,08:01:11.007733739
1,2380.4,6,2380.5,08:01:11.007871390
8,2380.3,6,2380.5,08:01:11.008005163
8,2380.3,6,2380.5,08:01:11.008005163
8,2380.3,6,2380.5,08:01:11.008034837
1,2380.4,6,2380.5,08:01:11.008158987
8,2380.3,6,2380.5,08:01:11.008438727
8,2380.3,6,2380.5,08:01:11.008438727
8,2380.3,2,2380.4,08:01:11.008613033
7,2380.3,2,2380.4,08:01:11.008779863
7,2380.3,2,2380.4,08:01:11.008813995
7,2380.3,2,2380.4,08:01:11.008911450
7,2380.3,2,2380.4,08:01:11.264000827
7,2380.3,2,2380.4,08:01:11.264140997
6,2380.3,2,2380.4,08:01:11.264965784
6,2380.3,7,2380.5,08:01:11.265111986
6,2380.3,7,2380.5,08:01:11.265111986
6,2380.3,7,2380.5,08:01:11.265705486
6,2380.3,8,2380.5,08:01:11.444928372
6,2380.3,9,2380.5,08:01:11.444959701
5,2380.3,9,2380.5,08:01:11.445083432
5,2380.3,1,2380.4,08:01:11.445107515
5,2380.3,1,2380.4,08:01:11.445263249
5,2380.3,1,2380.4,08:01:11.445280503
5,2380.3,1,2380.4,08:01:11.447184610
5,2380.3,3,2380.4,08:01:11.447778305
5,2380.3,3,2380.4,08:01:11.447927396
5,2380.3,3,2380.4,08:01:11.447941499
5,2380.3,3,2380.4,08:01:11.449547909
9,2380.2,3,2380.4,08:01:11.449840324
9,2380.2,3,2380.4,08:01:11.449840324
9,2380.2,4,2380.4,08:01:11.449949841
9,2380.2,5,2380.4,08:01:11.449984119
9,2380.2,6,2380.4,08:01:11.450213896
9,2380.2,7,2380.4,08:01:11.450277351
9,2380.2,2,2380.3,08:01:11.450432733
9,2380.2,2,2380.3,08:01:11.450463194
8,2380.2,2,2380.3,08:01:11.450524681
8,2380.2,2,2380.3,08:01:11.450654632
8,2380.2,2,2380.3,08:01:11.450688034
7,2380.2,2,2380.3,08:01:11.450707562
7,2380.2,2,2380.3,08:01:11.450721804
7,2380.2,2,2380.3,08:01:11.450738934
7,2380.2,2,2380.3,08:01:11.450756868
7,2380.2,2,2380.3,08:01:11.450845829
7,2380.2,2,2380.3,08:01:11.450858520
7,2380.2,2,2380.3,08:01:11.453049388
7,2380.2,2,2380.3,08:01:11.458032241
6,2380.2,2,2380.3,08:01:11.782931197
6,2380.2,2,2380.3,08:01:11.782945866
6,2380.2,3,2380.3,08:01:11.782992322
6,2380.2,1,2380.3,08:01:11.783384762
5,2380.2,1,2380.3,08:01:11.783437570
5,2380.2,1,2380.3,08:01:11.783449201
5,2380.2,2,2380.3,08:01:12.027361722
5,2380.2,1,2380.3,08:01:12.222188473
5,2380.2,9,2380.4,08:01:12.511449972
5,2380.2,9,2380.4,08:01:12.511449972
5,2380.2,9,2380.4,08:01:12.519877045
5,2380.2,8,2380.4,08:01:12.756251146
5,2380.2,7,2380.4,08:01:12.756369621
5,2380.2,7,2380.4,08:01:12.756403517
5,2380.2,7,2380.4,08:01:12.756449566
5,2380.2,6,2380.4,08:01:12.756467028
6,2380.2,6,2380.4,08:01:12.756575565
6,2380.2,5,2380.4,08:01:12.756592378
7,2380.2,5,2380.4,08:01:12.756613937
8,2380.2,5,2380.4,08:01:12.756645998
8,2380.2,4,2380.4,08:01:12.756834450
9,2380.2,4,2380.4,08:01:12.756959967
9,2380.2,4,2380.4,08:01:12.756974591
9,2380.2,4,2380.4,08:01:12.757086037
9,2380.2,6,2380.4,08:01:12.758939152
9,2380.2,4,2380.4,08:01:12.761688974
9,2380.2,2,2380.4,08:01:12.765249532
1,2380.3,2,2380.4,08:01:13.361553978
1,2380.3,1,2380.4,08:01:13.361867975
1,2380.3,1,2380.4,08:01:13.361897969
1,2380.3,12,2380.5,08:01:13.361942773
1,2380.3,12,2380.5,08:01:13.361942773
1,2380.3,11,2380.5,08:01:13.361966480
9,2380.2,11,2380.5,08:01:13.362052964
9,2380.2,11,2380.5,08:01:13.362052964
1,2380.3,11,2380.5,08:01:13.362162809
1,2380.3,11,2380.5,08:01:13.362229791
1,2380.3,11,2380.5,08:01:13.362258578
1,2380.3,1,2380.4,08:01:13.362331279
1,2380.3,2,2380.4,08:01:13.362376494
1,2380.3,3,2380.4,08:01:13.362399899
1,2380.3,4,2380.4,08:01:13.362433936
1,2380.3,4,2380.4,08:01:13.362495415
1,2380.3,4,2380.4,08:01:13.362561842
1,2380.3,4,2380.4,08:01:13.362575385
1,2380.3,5,2380.4,08:01:13.362742981
9,2380.2,5,2380.4,08:01:13.362818500
9,2380.2,5,2380.4,08:01:13.362818500
8,2380.2,5,2380.4,08:01:13.363036207
7,2380.2,5,2380.4,08:01:13.363072390
7,2380.2,5,2380.4,08:01:13.363150676
7,2380.2,5,2380.4,08:01:13.367686000
7,2380.2,5,2380.4,08:01:13.369343087
7,2380.2,5,2380.4,08:01:13.370194185
7,2380.2,5,2380.4,08:01:13.379622049
7,2380.2,7,2380.4,08:01:13.397096872
6,2380.2,7,2380.4,08:01:13.397219831
6,2380.2,7,2380.4,08:01:13.397250469
6,2380.2,9,2380.4,08:01:13.399130901
6,2380.2,1,2380.3,08:01:13.399272763
5,2380.2,1,2380.3,08:01:13.399311471
5,2380.2,1,2380.3,08:01:13.399387664
5,2380.2,1,2380.3,08:01:13.399401028
5,2380.2,11,2380.4,08:01:13.412218291
5,2380.2,11,2380.4,08:01:13.412218291
5,2380.2,10,2380.4,08:01:13.412353857
5,2380.2,10,2380.4,08:01:13.418712321
6,2380.2,10,2380.4,08:01:13.437169769
6,2380.2,9,2380.4,08:01:13.437278580
6,2380.2,7,2380.4,08:01:13.440177100
6,2380.2,7,2380.4,08:01:13.576219139
6,2380.2,7,2380.4,08:01:13.576336613
6,2380.2,7,2380.4,08:01:13.576348821
6,2380.2,7,2380.4,08:01:13.687391955
6,2380.2,6,2380.4,08:01:13.733930620
7,2380.2,6,2380.4,08:01:13.734053884
7,2380.2,6,2380.4,08:01:13.734064713
7,2380.2,5,2380.4,08:01:14.699119686
8,2380.2,5,2380.4,08:01:14.699197934
2,2380.3,5,2380.4,08:01:14.699270782
3,2380.3,5,2380.4,08:01:14.699316055
4,2380.3,5,2380.4,08:01:14.699336458
5,2380.3,5,2380.4,08:01:14.699355423
5,2380.3,4,2380.4,08:01:14.699433699
5,2380.3,4,2380.4,08:01:14.699448281
6,2380.3,4,2380.4,08:01:14.699471748
7,2380.3,4,2380.4,08:01:14.699600263
7,2380.3,3,2380.4,08:01:14.699642078
7,2380.3,3,2380.4,08:01:14.699656161
7,2380.3,3,2380.4,08:01:14.699673723
6,2380.3,3,2380.4,08:01:14.699691790
6,2380.3,3,2380.4,08:01:14.699705864
5,2380.3,3,2380.4,08:01:14.699810411
4,2380.3,3,2380.4,08:01:14.699893900
3,2380.3,3,2380.4,08:01:14.699941031
3,2380.3,3,2380.4,08:01:14.700103991
4,2380.3,3,2380.4,08:01:14.700418382
4,2380.3,2,2380.4,08:01:14.915706233
5,2380.3,2,2380.4,08:01:15.442159255
6,2380.3,2,2380.4,08:01:15.442597350
5,2380.3,2,2380.4,08:01:15.443415130
3,2380.3,2,2380.4,08:01:15.686689118
2,2380.3,2,2380.4,08:01:15.686813237
8,2380.2,2,2380.4,08:01:15.686994380
8,2380.2,2,2380.4,08:01:15.686994380
8,2380.2,3,2380.4,08:01:15.687032086
8,2380.2,4,2380.4,08:01:15.687174144
8,2380.2,4,2380.4,08:01:15.687336109
8,2380.2,4,2380.4,08:01:15.687353091
8,2380.2,5,2380.4,08:01:15.687373066
7,2380.2,5,2380.4,08:01:15.687434217
7,2380.2,5,2380.4,08:01:15.687624418
7,2380.2,5,2380.4,08:01:15.694947642
7,2380.2,4,2380.4,08:01:15.695074937
8,2380.2,4,2380.4,08:01:15.952883214
8,2380.2,4,2380.4,08:01:16.404596979
7,2380.2,4,2380.4,08:01:16.404662799
7,2380.2,5,2380.4,08:01:16.404738925
7,2380.2,5,2380.4,08:01:17.857897792
8,2380.2,5,2380.4,08:01:19.066136231
8,2380.2,5,2380.4,08:01:19.066314129
8,2380.2,4,2380.4,08:01:19.066339445
8,2380.2,4,2380.4,08:01:19.974165849
8,2380.2,5,2380.4,08:01:19.974314355
8,2380.2,6,2380.4,08:01:20.769327047
7,2380.2,6,2380.4,08:01:20.769483234
7,2380.2,1,2380.3,08:01:20.769531016
7,2380.2,2,2380.3,08:01:20.769681586
7,2380.2,2,2380.3,08:01:20.769693078
6,2380.2,2,2380.3,08:01:20.769730678
6,2380.2,2,2380.3,08:01:20.769747943
6,2380.2,2,2380.3,08:01:20.769766359
6,2380.2,2,2380.3,08:01:20.769800967
6,2380.2,1,2380.3,08:01:20.770179468
6,2380.2,8,2380.4,08:01:20.770454770
6,2380.2,8,2380.4,08:01:20.770454770
6,2380.2,7,2380.4,08:01:20.770607326
6,2380.2,6,2380.4,08:01:20.770731098
6,2380.2,6,2380.4,08:01:20.770749067
6,2380.2,5,2380.4,08:01:20.770849136
6,2380.2,6,2380.4,08:01:20.822134310
6,2380.2,1,2380.3,08:01:20.822369643
6,2380.2,2,2380.3,08:01:20.822481901
6,2380.2,2,2380.3,08:01:20.822632352
6,2380.2,2,2380.3,08:01:20.822649908
6,2380.2,2,2380.3,08:01:20.822665345
6,2380.2,1,2380.3,08:01:20.823668949
6,2380.2,8,2380.4,08:01:20.823807877
6,2380.2,8,2380.4,08:01:20.823807877
6,2380.2,7,2380.4,08:01:20.823935892
6,2380.2,6,2380.4,08:01:20.823949387
6,2380.2,6,2380.4,08:01:20.824055136
6,2380.2,6,2380.4,08:01:20.833307672
6,2380.2,7,2380.4,08:01:20.834458402
6,2380.2,8,2380.4,08:01:20.835309978
6,2380.2,7,2380.4,08:01:20.836036812
6,2380.2,9,2380.4,08:01:20.836592676
6,2380.2,1,2380.3,08:01:20.836732048
6,2380.2,1,2380.3,08:01:20.836884535
6,2380.2,2,2380.3,08:01:20.838123907
6,2380.2,2,2380.3,08:01:20.838135024
9,2380.1,2,2380.3,08:01:20.838447344
9,2380.1,2,2380.3,08:01:20.838447344
9,2380.1,3,2380.3,08:01:20.838477965
9,2380.1,4,2380.3,08:01:20.838489588
9,2380.1,5,2380.3,08:01:20.838678468
9,2380.1,6,2380.3,08:01:20.838693803
9,2380.1,7,2380.3,08:01:20.839007724
8,2380.1,7,2380.3,08:01:20.839033285
8,2380.1,2,2380.2,08:01:20.839041932
8,2380.1,2,2380.2,08:01:20.839068067
8,2380.1,2,2380.2,08:01:20.839068067
8,2380.1,2,2380.2,08:01:20.839080863
8,2380.1,2,2380.2,08:01:20.839096665
8,2380.1,2,2380.2,08:01:20.839384390
7,2380.1,2,2380.2,08:01:20.839405034
7,2380.1,2,2380.2,08:01:20.839432830
7,2380.1,2,2380.2,08:01:20.839447159
7,2380.1,2,2380.2,08:01:20.839461950
7,2380.1,2,2380.2,08:01:20.839551974
6,2380.1,2,2380.2,08:01:20.839574150
5,2380.1,2,2380.2,08:01:20.839601070
4,2380.1,2,2380.2,08:01:20.839621211
4,2380.1,2,2380.2,08:01:20.839651068
4,2380.1,2,2380.2,08:01:20.839698301
4,2380.1,2,2380.2,08:01:20.839698301
4,2380.1,2,2380.2,08:01:20.839813922
4,2380.1,2,2380.2,08:01:20.839907549
4,2380.1,2,2380.2,08:01:20.839920775
5,2380.1,2,2380.2,08:01:20.841390812
5,2380.1,7,2380.3,08:01:20.841533452
5,2380.1,7,2380.3,08:01:20.841533452
5,2380.1,2,2380.2,08:01:20.842235107
5,2380.1,2,2380.2,08:01:20.846248961
5,2380.1,7,2380.3,08:01:20.849744072
5,2380.1,7,2380.3,08:01:20.849744072
5,2380.1,6,2380.3,08:01:20.849777205
6,2380.1,6,2380.3,08:01:20.849872887
6,2380.1,5,2380.3,08:01:20.849886730
7,2380.1,5,2380.3,08:01:20.850071957
7,2380.1,4,2380.3,08:01:20.850078907
7,2380.1,4,2380.3,08:01:20.850083839
7,2380.1,4,2380.3,08:01:20.850096597
7,2380.1,3,2380.3,08:01:20.850124880
7,2380.1,2,2380.3,08:01:20.850221690
1,2380.2,2,2380.3,08:01:20.850308297
1,2380.2,2,2380.3,08:01:20.850330577
1,2380.2,2,2380.3,08:01:20.850452220
7,2380.1,2,2380.3,08:01:20.854976641
7,2380.1,2,2380.3,08:01:20.854976641
7,2380.1,2,2380.3,08:01:20.855633281
1,2380.2,2,2380.3,08:01:20.856832112
1,2380.2,2,2380.3,08:01:20.856858529
1,2380.2,1,2380.3,08:01:20.856981958
1,2380.2,10,2380.4,08:01:20.857839458
1,2380.2,10,2380.4,08:01:20.857839458
2,2380.2,10,2380.4,08:01:20.857872236
2,2380.2,10,2380.4,08:01:20.858017234
3,2380.2,10,2380.4,08:01:20.858040838
3,2380.2,9,2380.4,08:01:20.858290078
4,2380.2,9,2380.4,08:01:20.858556519
4,2380.2,8,2380.4,08:01:20.858675877
4,2380.2,8,2380.4,08:01:20.858686115
4,2380.2,8,2380.4,08:01:20.858698800
4,2380.2,8,2380.4,08:01:20.858698800
4,2380.2,8,2380.4,08:01:20.860391842
6,2380.2,8,2380.4,08:01:20.868589332
6,2380.2,7,2380.4,08:01:20.868719445
6,2380.2,6,2380.4,08:01:20.868750337
7,2380.2,6,2380.4,08:01:20.868819843
7,2380.2,6,2380.4,08:01:20.868932597
7,2380.2,4,2380.4,08:01:20.879292803
8,2380.2,4,2380.4,08:01:20.879417455
8,2380.2,4,2380.4,08:01:20.879430576
8,2380.2,4,2380.4,08:01:20.879555352
1,2380.3,4,2380.4,08:01:20.879724630
1,2380.3,3,2380.4,08:01:20.879869637
1,2380.3,3,2380.4,08:01:20.879951885
1,2380.3,2,2380.4,08:01:20.880035247
8,2380.2,2,2380.4,08:01:20.880130305
8,2380.2,2,2380.4,08:01:20.880130305
8,2380.2,3,2380.4,08:01:20.880330725
