price,volume,timestamp
2379.0,5,08:00:00.363207878
2378.9,2,08:00:00.363207878
2378.9,1,08:00:00.383207713
2379.1,3,08:00:00.388721366
2379.0,3,08:00:00.388721366
2379.1,1,08:00:00.389912559
2379.1,1,08:00:00.389959289
2379.2,4,08:00:00.406125039
2379.1,1,08:00:00.407886022
2379.2,4,08:00:00.441221526
2379.3,2,08:00:00.441221526
2379.1,1,08:00:00.448265305
2379.1,1,08:00:00.448621821
2379.2,1,08:00:00.448849822
2379.1,1,08:00:00.898524222
2379.1,1,08:00:00.898955350
2379.2,2,08:00:00.899680005
2379.2,1,08:00:01.114185065
2379.1,1,08:00:03.118421492
2379.1,1,08:00:03.474044316
2379.1,1,08:00:03.474279054
2379.1,2,08:00:05.013649853
2379.0,1,08:00:08.065584755
2379.1,1,08:00:09.851737870
2379.1,1,08:00:10.207172369
2379.2,1,08:00:10.656135452
2379.0,4,08:00:12.345702717
2379.0,2,08:00:13.890375787
2379.1,2,08:00:13.891964017
2379.1,3,08:00:13.892285300
2379.1,1,08:00:13.894630170
2379.1,1,08:00:13.905322978
2379.0,1,08:00:13.929978397
2379.0,2,08:00:15.757787358
2379.0,4,08:00:15.890020519
2379.0,1,08:00:17.629265751
2379.0,1,08:00:18.506391930
2379.1,1,08:00:19.426636408
2379.2,3,08:00:19.782542002
2379.1,1,08:00:19.810793737
2379.1,1,08:00:20.640926446
2379.1,1,08:00:21.474965938
2379.4,2,08:00:27.732877404
2379.4,1,08:00:28.579461987
2379.4,1,08:00:30.310215642
2379.4,1,08:00:30.310434395
2379.4,2,08:00:30.310478940
2379.4,1,08:00:30.311374152
2379.2,1,08:00:33.671200493
2379.2,1,08:00:33.671994266
2379.2,1,08:00:37.886627680
2379.3,2,08:00:40.633511131
2379.3,1,08:00:40.634106445
2379.3,1,08:00:40.634138234
2379.4,2,08:00:40.635215011
2379.5,1,08:00:44.489613391
2379.5,1,08:00:44.493619110
2379.4,2,08:00:46.043721476
2379.4,1,08:00:46.844364820
2379.4,1,08:00:50.344181618
2379.5,6,08:00:50.344181618
2379.6,3,08:00:50.344181618
2379.4,1,08:00:50.346238280
2379.4,1,08:00:50.346293958
2379.6,1,08:00:56.275282258
2379.5,3,08:00:57.586583445
2379.6,1,08:00:59.101180431
2379.5,1,08:01:00.090513939
2379.6,3,08:01:01.627344776
2379.7,1,08:01:01.630958440
2379.8,6,08:01:01.996353880
2379.7,1,08:01:02.286339219
2379.7,1,08:01:02.320460664
2379.8,1,08:01:02.375835966
2379.8,1,08:01:02.376476827
2379.7,1,08:01:02.753246489
2379.8,1,08:01:02.865886148
2379.7,1,08:01:02.865886148
2379.8,5,08:01:03.548248294
2379.8,2,08:01:03.548805124
2379.9,9,08:01:03.549097213
2379.9,1,08:01:03.550601580
2379.9,1,08:01:03.551855170
2380.0,6,08:01:03.577870888
2380.0,1,08:01:03.578974287
2380.2,1,08:01:04.345879977
2380.2,1,08:01:04.345896031
2380.2,1,08:01:04.378031991
2380.1,1,08:01:04.444710836
2380.2,1,08:01:04.702198118
2380.1,1,08:01:05.015831146
2380.1,1,08:01:05.016158781
2380.2,4,08:01:05.229597475
2380.1,1,08:01:05.231380286
2380.2,1,08:01:05.665522883
2380.2,3,08:01:06.730297296
2380.3,1,08:01:06.730297296
2380.3,1,08:01:06.730310310
2380.3,1,08:01:06.928744145
2380.3,1,08:01:07.509835882
2380.2,1,08:01:08.428351452
2380.2,1,08:01:08.428604104
2380.3,9,08:01:08.476232155
2380.3,3,08:01:08.476744766
2380.3,1,08:01:08.476943896
2380.3,1,08:01:08.477007527
2380.3,7,08:01:08.477159261
2380.3,1,08:01:08.477426051
2380.3,1,08:01:08.477532645
2380.3,1,08:01:08.478328843
2380.3,4,08:01:08.478405392
2380.3,15,08:01:08.478446535
2380.3,1,08:01:08.479526938
2380.3,1,08:01:08.480579580
2380.3,1,08:01:08.481398233
2380.3,1,08:01:08.482112600
2380.4,1,08:01:08.610395260
2380.5,1,08:01:08.725645023
2380.6,1,08:01:08.725658658
2380.6,2,08:01:08.725658658
2380.5,1,08:01:08.725658658
2380.4,2,08:01:08.793319505
2380.4,1,08:01:08.822156401
2380.3,2,08:01:09.262196918
2380.4,3,08:01:09.272880862
2380.4,2,08:01:09.273184267
2380.4,1,08:01:09.273770285
2380.4,1,08:01:09.273841931
2380.4,2,08:01:09.745779927
2380.4,1,08:01:10.642645732
2380.4,1,08:01:11.007996295
2380.4,1,08:01:11.008429466
2380.3,5,08:01:11.449830164
2380.3,1,08:01:12.222181021
2380.3,1,08:01:13.362022103
2380.3,1,08:01:13.362810935
2380.3,2,08:01:15.686676626
2380.3,2,08:01:15.686984553
2380.3,1,08:01:20.770153301
2380.2,6,08:01:20.838436992
2380.2,2,08:01:20.849736193
2380.3,1,08:01:20.880122724
2380.3,2,08:01:21.788460506
2380.2,2,08:01:22.907725078
2380.2,1,08:01:23.378202828
2380.1,3,08:01:23.567022589
2380.1,1,08:01:23.669466327
2380.0,2,08:01:25.783061786
2379.9,1,08:01:27.324808172
2379.9,2,08:01:28.216707574
2379.8,1,08:01:28.882942455
2379.7,1,08:01:28.950242953
2379.6,1,08:01:29.609842565
2379.7,1,08:01:29.683388018
2379.6,4,08:01:29.977464508
2379.7,1,08:01:32.066599236
2379.8,1,08:01:32.074564703
2379.9,1,08:01:32.323684058
2379.9,1,08:01:32.323728903
2380.0,3,08:01:32.594252009
2379.8,4,08:01:32.690107273
2379.9,4,08:01:32.690107273
2379.9,1,08:01:32.691150734
2380.0,3,08:01:32.692681747
2380.0,3,08:01:35.291063355
2379.8,1,08:01:35.902467524
2379.8,1,08:01:35.902862721
2379.9,1,08:01:38.098832488
2379.8,8,08:01:41.185254162
2379.7,1,08:01:42.377140445
2379.8,1,08:01:46.649852340
2379.8,1,08:01:49.782699253
2379.9,1,08:01:51.448035546
2380.0,3,08:01:52.100986056
2380.0,1,08:01:52.101987736
2380.1,1,08:01:52.753459118
2380.1,1,08:01:52.755085026
2380.2,1,08:01:55.667838118
2380.1,6,08:01:56.233445054
2380.0,1,08:01:56.235651374
2380.1,1,08:01:57.632118180
2380.1,1,08:01:59.870961857
2380.1,2,08:02:00.782430178
2380.2,1,08:02:00.792587128
2380.1,1,08:02:11.302914194
2380.1,1,08:02:11.606640589
2380.2,2,08:02:11.630218188
2380.0,4,08:02:12.834579408
2380.2,3,08:02:14.766673732
2380.1,1,08:02:15.134570950
2380.0,2,08:02:16.470271111
2380.1,4,08:02:16.470651486
2380.1,1,08:02:16.470708390
2380.1,1,08:02:16.504354871
2380.1,1,08:02:16.504841873
2380.1,1,08:02:16.504898812
2380.2,6,08:02:17.766296710
2380.2,2,08:02:17.766826708
2380.2,1,08:02:17.791397060
2380.1,5,08:02:17.791791747
2380.1,2,08:02:17.791835594
2380.0,2,08:02:17.793142005
2380.0,2,08:02:17.817492810
2380.0,1,08:02:17.817903720
2380.1,1,08:02:18.933033619
2380.0,2,08:02:19.534173436
2380.0,2,08:02:19.557253793
2380.1,2,08:02:20.325451928
2380.2,10,08:02:21.078922527
2380.2,3,08:02:21.079204977
2380.2,1,08:02:21.079415227
2380.2,1,08:02:21.079494384
2380.2,4,08:02:21.079531320
2380.2,1,08:02:21.079617482
2380.2,5,08:02:21.079681768
2380.2,5,08:02:21.079730545
2380.2,1,08:02:21.079808288
2380.2,3,08:02:21.079931130
2380.2,1,08:02:21.080055622
2380.2,5,08:02:21.080083235
2380.2,1,08:02:21.080122929
2380.1,2,08:02:21.080649189
2380.1,1,08:02:21.080714441
2380.1,1,08:02:21.080778663
2380.1,3,08:02:21.080814136
2380.2,5,08:02:21.081092001
2380.1,1,08:02:21.081092001
2380.2,1,08:02:21.081171859
2380.1,1,08:02:21.231895436
2380.2,3,08:02:24.197106178
2380.2,8,08:02:24.241341669
2380.2,5,08:02:24.241682264
2380.2,1,08:02:24.241731311
2380.2,3,08:02:24.242086304
2380.1,2,08:02:24.242448411
2380.2,2,08:02:24.242737438
2380.1,1,08:02:24.243933231
2380.1,3,08:02:24.263924364
2380.2,6,08:02:27.524255130
2380.2,3,08:02:27.524699516
2380.1,1,08:02:27.525284338
2380.1,1,08:02:27.525329439
2380.1,1,08:02:27.525473497
2380.2,1,08:02:28.104017609
2380.1,2,08:02:28.257586438
2380.1,2,08:02:28.257982018
2380.1,1,08:02:28.258258846
2380.1,1,08:02:28.295481840
2380.1,1,08:02:28.296567359
2380.0,4,08:02:28.552768454
2380.0,1,08:02:28.553637543
2380.0,1,08:02:28.858426441
2379.9,2,08:02:30.132755164
2379.9,1,08:02:30.213522391
2379.9,2,08:02:35.095066944
2379.8,2,08:02:35.097154452
2379.7,1,08:02:35.277237913
2379.8,1,08:02:35.306931268
2379.7,1,08:02:37.609495026
2379.8,1,08:02:39.013818059
2379.8,1,08:02:40.306705945
2379.8,2,08:02:40.307138533
2379.8,1,08:02:41.165831149
2379.7,2,08:02:43.205629416
2379.6,1,08:02:44.339344542
2379.6,1,08:02:44.359999038
2379.6,1,08:02:44.372050769
2379.6,2,08:02:45.627866088
2379.6,4,08:02:51.320877735
2379.5,1,08:02:51.366361348
2379.5,1,08:02:52.357305702
2379.5,1,08:02:53.758640417
2379.4,1,08:02:53.793127910
2379.5,1,08:02:55.653368332
2379.4,1,08:02:55.653986460
2379.4,2,08:02:56.528832702
2379.4,1,08:02:56.529174184
2379.3,1,08:02:57.840668737
2379.3,1,08:02:57.840683630
2379.3,3,08:02:57.840735094
2379.3,1,08:02:57.840777079
2379.3,1,08:02:57.840991921
2379.3,1,08:02:57.841022981
2379.4,3,08:02:59.507068651
2379.4,1,08:02:59.508006821
2379.4,1,08:02:59.508254272
2379.3,1,08:02:59.535212896
2379.5,1,08:03:00.444221238
2379.5,1,08:03:02.816995835
2379.4,1,08:03:05.140515717
2379.3,6,08:03:07.583173645
2379.3,3,08:03:07.583282818
2379.3,2,08:03:07.583423996
2379.3,1,08:03:07.583769164
2379.3,1,08:03:07.583863163
2379.3,1,08:03:07.583879682
2379.4,1,08:03:09.752851454
2379.5,2,08:03:10.298358339
2379.6,1,08:03:15.944251608
2379.6,1,08:03:19.972923060
2379.6,1,08:03:22.654634082
2379.6,1,08:03:23.257749533
2379.5,6,08:03:24.228227160
2379.5,1,08:03:24.229207343
2379.5,5,08:03:24.229649959
2379.5,3,08:03:24.229666926
2379.4,5,08:03:24.230291642
2379.4,1,08:03:24.232049198
2379.4,1,08:03:24.232484148
2379.4,1,08:03:24.271236850
2379.4,2,08:03:29.081541267
2379.4,2,08:03:29.081600915
2379.4,2,08:03:31.131841494
2379.4,2,08:03:31.132553848
2379.4,1,08:03:31.135150300
2379.3,2,08:03:35.460292082
2379.4,1,08:03:38.099918363
2379.5,1,08:03:44.119592712
2379.5,1,08:03:44.735479625
2379.5,4,08:03:44.735806899
2379.5,5,08:03:44.736017326
2379.5,1,08:03:44.736342651
2379.5,1,08:03:45.314595617
2379.5,1,08:03:45.314989317
2379.6,6,08:03:45.315730391
2379.7,3,08:03:46.220583931
2379.7,3,08:03:46.220869217
2379.7,1,08:03:46.220903009
2379.7,6,08:03:46.220949854
2379.7,1,08:03:46.221048877
2379.7,3,08:03:46.221127746
2379.7,2,08:03:46.221181952
2379.7,2,08:03:46.221240004
2379.7,2,08:03:46.221311453
2379.7,1,08:03:46.221336032
2379.7,1,08:03:46.221361750
2379.7,1,08:03:46.221402609
2379.7,3,08:03:46.221589653
2379.6,6,08:03:46.221727074
2379.6,2,08:03:46.221768656
2379.7,1,08:03:46.221837344
2379.7,10,08:03:46.222310807
2379.6,1,08:03:46.222310807
2379.6,2,08:03:46.222591107
2379.5,1,08:03:46.222889584
2379.5,5,08:03:46.222930442
2379.6,1,08:03:46.223435454
2379.6,1,08:03:46.223470139
2379.5,1,08:03:46.224891685
2379.5,1,08:03:46.224940710
2379.5,1,08:03:52.032483819
2379.4,1,08:03:56.412634485
2379.4,2,08:03:56.794307012
2379.5,1,08:04:01.838419642
2379.5,1,08:04:01.839214884
2379.5,1,08:04:02.670399827
2379.5,1,08:04:02.685854042
2379.4,1,08:04:05.957514244
2379.5,1,08:04:05.958159806
2379.5,3,08:04:05.958642513
2379.5,1,08:04:06.048113395
2379.5,1,08:04:06.052906439
2379.5,1,08:04:06.053293075
2379.4,4,08:04:12.318753614
2379.4,1,08:04:12.641619358
2379.4,2,08:04:22.422915936
2379.4,1,08:04:22.423675481
2379.4,1,08:04:22.424209885
2379.6,7,08:04:27.441428731
2379.7,3,08:04:27.442708386
2379.7,3,08:04:27.442756707
2379.7,3,08:04:27.442785088
2379.7,1,08:04:27.442974561
2379.7,1,08:04:27.443710338
2379.7,3,08:04:27.443917530
2379.7,2,08:04:27.443988220
2379.6,3,08:04:27.444031065
2379.6,2,08:04:27.444135535
2379.6,4,08:04:27.444731319
2379.6,1,08:04:27.614683935
2379.6,1,08:04:27.615063005
2379.6,1,08:04:27.625652166
2379.6,2,08:04:34.366901971
2379.6,10,08:04:34.367186572
2379.6,2,08:04:34.368423233
2379.5,5,08:04:37.192642658
2379.5,1,08:04:37.192725956
2379.5,1,08:04:37.275594835
2379.5,2,08:04:37.276106660
2379.6,1,08:04:41.145775122
2379.6,2,08:04:41.146357381
2379.7,2,08:04:41.146979694
2379.7,1,08:04:41.147078346
2379.7,1,08:04:50.176037315
2379.8,1,08:04:54.504769803
2379.8,1,08:04:54.510695420
2379.9,1,08:04:56.389003107
2379.7,1,08:04:57.350597867
2379.7,3,08:05:00.357879125
2379.7,3,08:05:00.358291729
2379.7,1,08:05:00.513705694
2379.7,1,08:05:01.461174209
2379.8,1,08:05:01.581196430
2379.9,14,08:05:02.959510417
2379.9,1,08:05:02.959689499
2379.9,8,08:05:02.959689499
2379.9,11,08:05:02.959936983
2379.9,1,08:05:02.960023682
2379.9,1,08:05:02.960321778
2379.9,1,08:05:02.960346780
2379.9,1,08:05:02.960447365
2379.9,4,08:05:02.960839813
2379.9,1,08:05:02.960962201
2379.9,1,08:05:02.961184336
2379.9,2,08:05:02.961527249
2379.8,2,08:05:02.961950245
2379.8,5,08:05:02.962009242
2379.8,1,08:05:02.962164666
2379.8,1,08:05:02.962290400
2379.8,1,08:05:02.962533868
2380.0,4,08:05:02.963073570
2379.9,1,08:05:02.963651701
2379.9,1,08:05:02.963975717
2379.9,1,08:05:02.964043850
2379.9,1,08:05:02.964229699
2380.0,3,08:05:02.964863779
2380.0,1,08:05:02.966004485
2380.1,4,08:05:02.966747786
2380.0,1,08:05:02.967557411
2380.0,1,08:05:02.968541352
2380.1,1,08:05:02.969432176
2380.2,1,08:05:02.982659864
2380.2,1,08:05:02.996118647
2380.3,1,08:05:03.114304112
2380.3,2,08:05:03.114317837
2380.2,1,08:05:03.155670009
2380.3,1,08:05:04.749132780
2380.4,3,08:05:04.926274576
2380.5,1,08:05:05.986889432
2380.4,4,08:05:05.990248034
2380.3,2,08:05:06.574286320
2380.5,1,08:05:06.602147864
2380.4,4,08:05:07.690073486
2380.3,2,08:05:08.448639690
2380.4,1,08:05:08.668781355
2380.5,1,08:05:10.025282251
2380.4,1,08:05:10.026760677
2380.3,2,08:05:11.393347771
2380.3,3,08:05:11.393731326
2380.4,1,08:05:13.426836070
2380.6,1,08:05:14.163538324
2380.5,1,08:05:17.286225476
2380.4,2,08:05:17.970357726
2380.5,3,08:05:18.566189517
2380.5,2,08:05:18.862653190
2380.4,2,08:05:20.845051233
2380.4,3,08:05:20.920081902
2380.4,1,08:05:21.145757550
2380.4,1,08:05:22.165656032
2380.3,1,08:05:22.174661257
2380.2,1,08:05:22.593065084
2380.2,2,08:05:22.593492689
2380.2,1,08:05:23.338613078
2380.1,1,08:05:24.808707898
2380.2,1,08:05:24.809258344
2380.2,3,08:05:27.110277178
2380.2,1,08:05:27.111861136
2380.3,1,08:05:28.333402078
2380.4,2,08:05:28.349847296
2380.3,1,08:05:28.351617050
2380.4,2,08:05:29.431800871
2380.3,1,08:05:31.740494064
2380.4,5,08:05:31.794354260
2380.5,5,08:05:31.794354260
2380.5,1,08:05:31.795031209
2380.4,1,08:05:33.428809924
2380.5,4,08:05:34.578003155
2380.6,6,08:05:34.578003155
2380.7,1,08:05:35.303323172
2380.7,1,08:05:35.303339432
2380.7,2,08:05:35.303746778
2380.7,1,08:05:38.368550707
2380.8,5,08:05:41.891988522
2380.9,1,08:05:41.892003102
2380.8,1,08:05:41.892003102
2380.7,1,08:05:41.893694157
2380.6,1,08:05:42.582973173
2380.6,5,08:05:42.583072895
2380.6,1,08:05:42.583110345
2380.6,1,08:05:43.306979520
2380.5,5,08:05:43.844373356
2380.4,1,08:05:45.422012005
2380.4,1,08:05:45.422388207
2380.4,1,08:05:45.423078859
2380.5,1,08:05:46.352463322
2380.8,5,08:05:49.337722056
2380.6,6,08:05:49.337722056
2380.7,8,08:05:49.337722056
2380.7,1,08:05:50.537425482
2380.6,1,08:05:50.982733964
2380.6,3,08:05:54.032914275
2380.6,1,08:05:54.528243528
2380.7,1,08:05:55.793162034
2380.6,1,08:05:56.071167032
2380.6,1,08:05:59.245220488
2380.6,2,08:05:59.245531784
2380.8,2,08:05:59.405766551
2380.7,6,08:05:59.405766551
2380.6,1,08:05:59.408480510
2380.6,1,08:05:59.408639579
2380.6,1,08:05:59.440281487
2380.6,1,08:05:59.986325250
2380.6,1,08:06:00.164441039
2380.6,1,08:06:01.145766861
2380.6,1,08:06:01.833033986
2380.6,2,08:06:02.152297377
2380.6,4,08:06:02.152651541
2380.6,1,08:06:05.233393899
2380.6,1,08:06:06.841913248
2380.5,2,08:06:06.844512302
2380.5,1,08:06:08.270779428
2380.5,1,08:06:08.270947169
2380.5,1,08:06:08.604609036
2380.7,1,08:06:10.841175038
2380.7,5,08:06:10.841860434
2380.6,3,08:06:10.842970082
2380.5,1,08:06:11.282207689
2380.6,1,08:06:14.372843817
2380.6,2,08:06:14.372919178
2380.7,4,08:06:14.716691007
2380.7,2,08:06:14.717148898
2380.5,7,08:06:15.413438680
2380.5,3,08:06:15.415249641
2380.4,1,08:06:16.355412262
2380.4,3,08:06:16.435851371
2380.3,5,08:06:17.179071770
2380.3,1,08:06:17.179335379
2380.4,1,08:06:17.228936469
2380.4,2,08:06:17.438571774
2380.5,4,08:06:21.110382434
2380.5,1,08:06:21.110745230
2380.5,1,08:06:21.110786461
2380.6,5,08:06:21.147562399
2380.6,1,08:06:21.149504995
2380.6,1,08:06:21.149622022
2380.7,1,08:06:21.562121395
2380.6,1,08:06:21.563086612
2380.7,1,08:06:25.931806139
2380.8,1,08:06:27.152879448
2380.9,1,08:06:29.890101103
2380.7,4,08:06:30.656201390
2380.7,1,08:06:30.656263084
2380.7,2,08:06:30.656408562
2380.7,1,08:06:30.656600159
2380.7,1,08:06:30.656913301
2380.7,1,08:06:30.657174523
2380.6,2,08:06:31.642130429
2380.7,6,08:06:32.021902231
2380.9,1,08:06:32.021902231
2380.6,1,08:06:32.021902231
2380.8,7,08:06:32.021902231
2380.7,1,08:06:32.024478885
2380.8,1,08:06:32.574110752
2380.8,1,08:06:41.946117254
2380.8,1,08:06:42.152558996
2380.9,2,08:06:43.116387904
2380.9,1,08:06:43.409927789
2380.9,1,08:06:43.410148148
2381.0,1,08:06:45.005412107
2381.0,5,08:06:45.005716753
2381.1,3,08:06:45.956374837
2381.1,1,08:06:45.956388402
2381.1,2,08:06:45.956676159
2381.0,1,08:06:46.745953605
2381.0,1,08:06:48.251683803
2381.0,1,08:06:48.251925721
2380.9,1,08:06:48.775479560
2381.1,7,08:06:48.949689030
2381.3,1,08:06:48.954024375
2381.3,1,08:06:48.958272732
2381.2,1,08:06:48.965481367
2381.3,1,08:06:48.983385782
2381.3,4,08:06:48.983535297
2381.3,2,08:06:48.983589255
2381.3,4,08:06:48.984019481
2381.3,3,08:06:48.984983296
2381.3,2,08:06:48.985672478
2381.2,1,08:06:48.986364959
2381.3,4,08:06:48.987433204
2381.3,2,08:06:48.998680551
2381.4,1,08:06:49.083072861
2381.4,1,08:06:49.083092410
2381.4,1,08:06:49.083488226
2381.5,1,08:06:49.100900260
2381.5,2,08:06:49.100913249
2381.4,2,08:06:49.102531877
2381.5,2,08:06:49.335658474
2381.5,2,08:06:49.501241222
2381.6,1,08:06:49.763473413
2381.6,1,08:06:49.923459068
2381.4,2,08:06:50.181850840
2381.4,1,08:06:51.111703631
2381.5,3,08:06:51.312539830
2381.3,1,08:06:53.675415932
2381.4,1,08:07:00.301512495
2381.3,1,08:07:01.335293759
2381.5,1,08:07:02.264709076
2381.4,1,08:07:02.265645459
2381.4,2,08:07:04.725278362
2381.4,1,08:07:04.725918883
2381.4,1,08:07:06.460493787
2381.4,1,08:07:06.460544659
2381.5,1,08:07:11.170515744
2381.5,2,08:07:11.171699042
2381.4,4,08:07:11.172174161
2381.4,1,08:07:12.258975960
2381.4,1,08:07:12.259345599
2381.5,2,08:07:12.580156341
2381.4,1,08:07:12.580770065
2381.3,1,08:07:12.707284874
2381.4,1,08:07:12.725938219
2381.4,2,08:07:12.726410894
2381.5,3,08:07:12.782500420
2381.5,1,08:07:12.783139617
2381.5,2,08:07:12.878890889
2381.5,2,08:07:12.879392155
2381.4,1,08:07:13.566089376
2381.4,5,08:07:13.566344492
2381.6,1,08:07:14.603823428
2381.5,1,08:07:15.897716261
2381.6,2,08:07:16.211881367
2381.6,1,08:07:16.212112024
2381.6,2,08:07:16.212195987
2381.7,1,08:07:19.080842631
2381.5,1,08:07:20.136975746
2381.6,2,08:07:21.048121107
2381.6,11,08:07:21.434436983
2381.5,3,08:07:21.435408011
2381.4,3,08:07:21.562022904
2381.3,2,08:07:21.576452679
2381.3,8,08:07:21.576600518
2381.3,1,08:07:21.578451573
2381.2,2,08:07:21.578818122
2381.2,1,08:07:21.579935085
2381.2,1,08:07:21.580854310
2381.2,1,08:07:21.584256141
2381.1,1,08:07:21.692863839
2381.1,1,08:07:21.693073850
2381.1,1,08:07:21.693152024
2381.1,1,08:07:21.694012873
2381.1,1,08:07:21.795848311
2381.0,1,08:07:21.820378951
2381.0,1,08:07:22.006405263
2381.1,2,08:07:22.867872513
2381.2,1,08:07:23.574284312
2381.1,4,08:07:23.576562791
2381.2,1,08:07:24.411797580
2381.1,1,08:07:24.606622003
2381.2,1,08:07:25.555941773
2381.2,1,08:07:25.556306880
2381.3,5,08:07:27.073547673
2381.4,9,08:07:27.073547673
2381.4,1,08:07:27.074556173
2381.4,1,08:07:27.074625566
2381.4,1,08:07:27.074642696
2381.4,1,08:07:27.074680121
2381.4,1,08:07:27.074720240
2381.4,1,08:07:27.074764439
2381.4,1,08:07:27.074850197
2381.4,2,08:07:27.074929585
2381.4,2,08:07:27.074954767
2381.4,1,08:07:27.113024134
2381.3,2,08:07:27.122064332
2381.2,1,08:07:27.581405895
2381.2,1,08:07:27.881401619
2381.2,1,08:07:28.775533739
2381.1,2,08:07:28.780830053
2381.0,2,08:07:28.962720062
2381.1,1,08:07:30.992765250
2381.0,1,08:07:31.708921054
2381.0,1,08:07:34.040140637
2381.1,3,08:07:39.473682134
2381.1,1,08:07:39.474156170
2381.1,1,08:07:39.485809240
2381.2,2,08:07:40.047133076
2381.1,1,08:07:42.412739862
2381.1,1,08:07:42.447336568
2381.1,4,08:07:45.037018270
2381.1,1,08:07:45.037902762
2381.1,1,08:07:45.037975886
2381.2,1,08:07:46.941113242
2381.2,1,08:07:46.941133701
2381.2,1,08:07:46.941386010
2381.2,1,08:07:46.942117135
2381.1,1,08:07:47.984535025
2381.1,4,08:07:55.221644378
2381.1,1,08:07:55.222083056
2381.0,2,08:08:00.087223330
2381.0,1,08:08:00.636332669
2381.1,2,08:08:03.932212797
2381.1,1,08:08:03.945873136
2380.9,1,08:08:06.639164603
2380.9,1,08:08:06.639213819
2380.9,3,08:08:06.639442131
2380.9,1,08:08:06.639560313
2380.5,5,08:08:06.640909939
2380.8,5,08:08:06.640909939
2380.6,10,08:08:06.640909939
2380.7,5,08:08:06.640909939
2380.6,1,08:08:06.645849830
2380.6,2,08:08:06.646352754
2380.7,1,08:08:06.672921676
2380.7,2,08:08:06.673455972
2380.6,1,08:08:06.829459667
2380.8,1,08:08:07.148452211
2380.6,1,08:08:08.357022805
2380.5,1,08:08:08.896602258
2380.7,2,08:08:09.704418709
2380.7,2,08:08:09.705093638
2380.7,2,08:08:11.264100553
2380.7,2,08:08:13.733029253
2380.7,1,08:08:14.016041494
2380.6,1,08:08:14.186111075
2380.6,1,08:08:16.243575307
2380.6,1,08:08:16.244049141
2380.6,1,08:08:20.408924047
2380.6,1,08:08:24.540033854
2380.8,1,08:08:27.720884865
2381.0,3,08:08:40.881173420
2380.9,1,08:08:40.998563131
2381.1,1,08:08:42.357237458
2381.0,1,08:08:42.992768325
2381.0,1,08:08:44.092462394
2381.1,1,08:08:44.182778280
2381.1,1,08:08:44.183148249
2381.0,3,08:08:44.198465066
2380.9,13,08:08:44.198465066
2380.9,1,08:08:44.199545239
2380.9,3,08:08:44.199965503
2380.9,1,08:08:44.200140275
2380.8,2,08:08:44.200834903
2380.9,1,08:08:47.214296405
2381.0,2,08:08:47.214409191
2380.9,2,08:08:47.216265741
2380.9,1,08:08:47.273645311
2380.9,1,08:08:58.663598797
2380.9,1,08:09:03.365420167
2380.9,1,08:09:03.541498277
2380.9,1,08:09:03.542099355
2380.8,8,08:09:08.224330113
2380.8,1,08:09:08.224502478
2380.8,3,08:09:08.224619789
2380.8,1,08:09:08.225269892
2380.9,3,08:09:08.231033972
2380.8,6,08:09:08.787472467
2380.8,2,08:09:08.799908584
2380.7,1,08:09:10.451338066
2380.7,2,08:09:10.451641326
2380.7,1,08:09:10.451828242
2380.7,1,08:09:10.452055207
2380.7,1,08:09:10.484276548
2380.8,1,08:09:12.619746981
2380.9,3,08:09:18.201649299
2380.9,1,08:09:18.201867509
2381.0,3,08:09:18.633884784
2381.0,1,08:09:20.295885068
2381.0,1,08:09:20.296241431
2380.9,1,08:09:27.141807071
2380.9,1,08:09:30.218242236
2380.9,3,08:09:30.218537603
2381.0,1,08:09:32.787872942
2381.0,1,08:09:37.204372601
2381.0,3,08:09:37.204660053
2381.0,1,08:09:37.205173743
2381.0,1,08:09:37.205247355
2381.0,1,08:09:37.205541371
2381.1,1,08:09:37.940737661
2381.2,2,08:09:40.461521689
2381.3,1,08:09:40.463242383
2381.3,1,08:09:40.463519540
2381.3,1,08:09:43.930275841
2381.3,1,08:09:44.420319892
2381.3,1,08:09:50.383866076
2381.3,1,08:09:50.395848864
2381.3,1,08:09:50.396476548
2381.3,1,08:09:51.131262946
2381.3,1,08:09:57.326445776
2381.4,4,08:09:58.848344120
2381.4,1,08:09:58.850257637
2381.5,2,08:10:01.989362212
2381.5,1,08:10:05.172957996
2381.4,1,08:10:05.174385116
2381.4,1,08:10:05.174791978
2381.3,1,08:10:05.617189928
2381.3,1,08:10:07.810815375
2381.2,5,08:10:07.811600975
2381.2,1,08:10:07.812989720
2381.4,8,08:10:09.276205980
2381.5,1,08:10:09.276219996
2381.3,1,08:10:09.700550646
2381.4,1,08:10:12.460174592
2381.4,1,08:10:17.695964967
2381.5,2,08:10:19.655375853
2381.6,1,08:10:20.465257232
2381.6,2,08:10:20.465527906
2381.6,1,08:10:20.465764810
2381.6,1,08:10:20.465814732
2381.6,4,08:10:21.117277986
2381.7,2,08:10:22.014587079
2381.6,5,08:10:22.159646439
2381.7,1,08:10:25.044656090
2381.7,3,08:10:25.044734626
2381.7,1,08:10:25.366335017
2381.8,1,08:10:27.074615113
2381.7,1,08:10:28.656494567
2381.8,4,08:10:31.250358098
2381.8,4,08:10:31.251203577
2381.8,1,08:10:31.252091430
2381.8,1,08:10:31.252254761
2381.8,1,08:10:31.252688501
2381.8,1,08:10:31.253217468
2381.8,1,08:10:31.253451326
2381.8,3,08:10:31.253519877
2381.8,1,08:10:31.253541190
2381.8,1,08:10:31.253601729
2381.8,1,08:10:31.253697401
2381.8,1,08:10:31.253937067
2381.8,6,08:10:31.254002233
2381.8,1,08:10:31.254186979
2381.8,1,08:10:31.254275829
2381.8,1,08:10:31.254428306
2381.8,1,08:10:31.254640767
2381.8,1,08:10:31.254700717
2381.8,1,08:10:31.254749729
2381.8,1,08:10:31.254767986
2381.8,3,08:10:31.254978317
2381.8,1,08:10:31.255027472
2381.8,1,08:10:31.255255871
2381.8,1,08:10:31.255296038
2381.8,1,08:10:31.255550405
2381.8,1,08:10:31.255580511
2381.8,1,08:10:31.255748015
2381.8,1,08:10:31.255818266
2381.8,1,08:10:31.256050780
2381.8,1,08:10:31.256079375
2381.8,4,08:10:31.256160177
2381.8,1,08:10:31.256328782
2381.8,1,08:10:31.256578179
2381.8,1,08:10:31.256664994
2381.8,1,08:10:31.257090907
2381.8,1,08:10:31.257399447
2381.8,1,08:10:31.257673027
2381.8,1,08:10:31.258019200
2381.7,6,08:10:31.300602185
2381.8,5,08:10:31.301114079
2381.7,2,08:10:31.301114079
2381.6,2,08:10:31.301233327
2381.7,1,08:10:31.301444291
2381.7,1,08:10:31.301587014
2381.7,2,08:10:31.301705333
2381.7,1,08:10:31.301719413
2381.7,1,08:10:31.301765718
2381.7,3,08:10:31.301790916
2381.7,1,08:10:31.301907971
2381.7,1,08:10:31.301973108
2381.7,1,08:10:31.302068025
2381.7,2,08:10:31.302460456
2381.7,1,08:10:31.303126427
2381.7,1,08:10:31.413963029
2381.7,1,08:10:31.925663358
2381.7,1,08:10:34.062157096
2381.7,1,08:10:34.062594638
2381.7,1,08:10:34.100773064
2381.6,1,08:10:34.416921594
2381.6,3,08:10:34.417398594
2381.6,3,08:10:34.417905156
2381.7,2,08:10:34.418865687
2381.7,1,08:10:35.838359036
2381.8,3,08:10:37.301657836
2381.8,1,08:10:37.302393451
2381.8,1,08:10:37.303076047
2381.8,1,08:10:37.303111091
2381.8,1,08:10:37.303223797
2381.9,4,08:10:37.303703403
2381.8,1,08:10:37.303703403
2382.0,2,08:10:37.304640300
2382.0,1,08:10:37.304650389
2382.0,1,08:10:37.304656790
2381.9,1,08:10:37.304841110
2381.9,1,08:10:37.305461743
2381.9,1,08:10:37.305872708
2382.0,1,08:10:37.305932982
2381.9,1,08:10:37.306360843
2382.0,3,08:10:37.307477918
2382.1,2,08:10:38.079756429
2382.1,1,08:10:38.080557849
2382.1,1,08:10:38.082043716
2382.2,1,08:10:39.078789222
2382.3,1,08:10:39.085642032
2382.2,1,08:10:39.086063970
2382.3,2,08:10:39.105554840
2382.2,2,08:10:39.105554840
2382.2,2,08:10:39.533617063
2382.2,1,08:10:39.535530874
2382.2,1,08:10:39.535989414
2382.1,1,08:10:39.767491763
2382.1,1,08:10:40.000031668
2382.1,1,08:10:40.000347844
2382.0,3,08:10:41.065875484
2382.0,1,08:10:41.167525785
2382.0,1,08:10:41.372085633
2382.2,2,08:10:41.400046962
2382.1,2,08:10:42.922462112
2382.1,1,08:10:42.923484945
2382.2,2,08:10:42.928973879
2382.2,1,08:10:42.976892620
2382.2,2,08:10:42.977203142
2382.3,1,08:10:43.520776069
2382.4,7,08:10:43.907234262
2382.5,2,08:10:43.907234262
2382.3,1,08:10:43.907234262
2382.5,1,08:10:43.907248467
2382.3,1,08:10:43.908323913
2382.3,1,08:10:43.909303687
2382.3,1,08:10:43.909640408
2382.2,1,08:10:43.948938251
2382.2,1,08:10:43.950031729
2382.3,1,08:10:44.960190980
2382.4,3,08:10:45.400807495
2382.4,1,08:10:45.401507334
2382.4,1,08:10:46.787847460
2382.4,1,08:10:47.017745940
2382.3,1,08:10:47.018276197
2382.3,1,08:10:47.018321241
2382.3,1,08:10:47.018619081
2382.5,3,08:10:47.339425784
2382.4,7,08:10:47.339425784
2382.2,1,08:10:47.410230249
2382.4,5,08:10:47.467899915
2382.4,1,08:10:47.468305389
2382.3,2,08:10:48.018042837
2382.3,1,08:10:48.018772893
2382.4,1,08:10:49.513427150
2382.5,1,08:10:50.393703896
2382.4,1,08:10:50.426836011
2382.3,1,08:10:50.687915833
2382.3,1,08:10:50.688115082
2382.5,3,08:10:51.086019453
2382.5,1,08:10:51.086091169
2382.4,1,08:10:51.086410151
2382.3,1,08:10:51.089074836
2382.3,1,08:10:52.357564209
2382.3,1,08:10:52.891894682
2382.2,2,08:10:52.895633368
2382.2,1,08:10:53.567764652
2382.3,1,08:10:53.567803027
2382.1,1,08:10:55.570121782
2382.2,1,08:10:55.570769622
2382.2,1,08:10:56.674278241
2382.3,2,08:10:56.674278241
2382.3,1,08:10:57.678208419
2382.3,2,08:10:57.678484562
2382.2,1,08:10:57.679078167
2382.2,4,08:10:59.028131754
2382.2,1,08:10:59.028908055
2382.2,1,08:10:59.029363796
2382.2,1,08:11:00.573739014
2382.2,1,08:11:00.574833238
2382.3,2,08:11:00.937965317
2382.2,1,08:11:01.693569407
2382.3,1,08:11:01.946968886
2382.3,2,08:11:01.949072935
2382.3,1,08:11:03.311025755
2382.3,1,08:11:03.386441718
2382.3,1,08:11:03.397707651
2382.3,1,08:11:03.397948466
2382.3,2,08:11:04.228318797
2382.3,2,08:11:04.228711512
2382.3,1,08:11:06.475424099
2382.2,2,08:11:07.618242239
2382.2,1,08:11:07.618867548
2382.2,1,08:11:09.674487216
2382.2,2,08:11:09.674923523
2382.3,1,08:11:09.742221015
2382.3,1,08:11:09.742467954
2382.3,1,08:11:09.743078765
2382.3,1,08:11:11.285881635
2382.4,1,08:11:11.286039026
2382.3,1,08:11:11.286097825
2382.3,1,08:11:11.286519052
2382.3,1,08:11:11.287109791
2382.4,2,08:11:14.490700460
2382.2,6,08:11:14.582646935
2382.2,1,08:11:14.583587384
2382.2,1,08:11:14.583754884
2382.2,1,08:11:14.670962609
2382.2,1,08:11:14.671346551
2382.2,1,08:11:14.671391992
2382.2,1,08:11:14.671637177
2382.2,1,08:11:14.672148183
2382.3,1,08:11:17.843872737
2382.3,4,08:11:17.868554655
2382.3,2,08:11:17.868594704
2382.2,2,08:11:17.869305467
2382.2,3,08:11:17.869384889
2382.2,1,08:11:17.869923941
2382.1,1,08:11:18.707253710
2382.1,2,08:11:18.707482914
2382.1,1,08:11:18.707702567
2382.1,1,08:11:18.707734318
2382.1,2,08:11:18.707856484
2382.1,1,08:11:18.709735773
2382.0,1,08:11:18.710495921
2382.0,1,08:11:18.710503566
2382.0,2,08:11:18.711122150
2382.0,1,08:11:18.711157100
2382.0,1,08:11:18.711386251
2382.0,3,08:11:18.711615067
2382.0,1,08:11:18.711731041
2382.0,1,08:11:18.713788008
2382.0,1,08:11:18.716067838
2382.0,2,08:11:18.716932919
2382.0,1,08:11:18.719443698
2381.9,5,08:11:18.762460095
2381.8,1,08:11:19.057776130
2381.8,1,08:11:19.058022686
2381.8,1,08:11:19.063503993
2381.8,1,08:11:19.808592389
2381.8,1,08:11:20.151776037
2381.8,1,08:11:20.361139217
2381.9,1,08:11:20.361244876
2381.9,1,08:11:20.362792082
2381.9,1,08:11:20.748976000
2382.0,1,08:11:20.976281633
2382.0,1,08:11:20.976597480
2382.0,1,08:11:20.977423961
2382.1,1,08:11:21.000823360
2382.1,3,08:11:21.000919326
2382.2,2,08:11:21.001540062
2382.0,2,08:11:21.001572156
2382.0,2,08:11:21.001603747
2382.1,2,08:11:21.002178981
2382.0,1,08:11:21.433834836
2382.0,1,08:11:22.996464143
2382.0,2,08:11:24.814301684
2381.9,1,08:11:25.031313806
2382.0,2,08:11:26.574192340
2382.0,1,08:11:26.840937237
2382.0,1,08:11:27.030071588
2382.0,1,08:11:27.612876120
2382.1,1,08:11:27.612876120
2382.0,1,08:11:27.613572857
2381.9,3,08:11:27.614602167
2381.9,1,08:11:28.029193632
2382.0,3,08:11:28.029715197
2382.1,2,08:11:31.119132200
2382.1,2,08:11:31.132866302
2382.0,3,08:11:31.157001284
2382.0,1,08:11:31.157861806
2382.1,3,08:11:31.176030953
2382.1,1,08:11:31.277361219
2382.0,1,08:11:34.150800646
2382.0,1,08:11:34.257541671
2382.0,1,08:11:34.618394789
2382.0,1,08:11:34.936441156
2382.0,1,08:11:36.479730566
2382.1,3,08:11:36.480734016
2382.1,1,08:11:36.507084372
2382.1,5,08:11:36.507343571
2382.2,1,08:11:36.607514622
2382.2,2,08:11:36.608082937
2382.2,1,08:11:36.616917074
2382.2,1,08:11:36.617405013
2382.3,2,08:11:36.722414316
2382.3,2,08:11:36.722686417
2382.3,1,08:11:36.722943453
2382.3,1,08:11:36.722997703
2382.3,1,08:11:36.739129536
2382.3,1,08:11:36.884677179
2382.2,2,08:11:37.426376919
2382.3,1,08:11:37.426956115
2382.2,2,08:11:38.078526520
2382.1,5,08:11:38.541801374
2382.3,3,08:11:39.152903010
2382.2,6,08:11:39.152903010
2382.2,1,08:11:39.628373288
2382.2,2,08:11:40.104343523
2382.1,3,08:11:42.600263734
2382.1,1,08:11:42.607072755
2382.2,8,08:11:43.197370329
2382.3,1,08:11:43.197370329
2382.2,1,08:11:44.532491926
2382.1,2,08:11:44.981040249
2382.1,1,08:11:48.599780789
2382.0,5,08:11:49.436785536
2382.0,1,08:11:49.437083635
2382.0,1,08:11:49.437400147
2382.0,2,08:11:49.437783182
2382.0,1,08:11:49.438136149
2382.1,4,08:11:50.064225013
2382.2,2,08:11:50.064464471
2382.1,1,08:11:50.072041853
2382.2,1,08:11:50.072119898
2382.1,2,08:11:50.075432331
2382.2,2,08:11:50.474771248
2382.1,1,08:11:50.475519855
2382.0,5,08:11:51.100982777
2382.0,1,08:11:51.243103515
2382.1,1,08:11:54.194206331
2381.8,10,08:11:54.965838865
2381.9,6,08:11:54.965838865
2381.7,5,08:11:54.965838865
2381.7,1,08:11:54.967692090
2381.7,1,08:11:54.968060046
2381.7,1,08:11:54.968490125
2381.8,1,08:11:54.985483309
2381.7,1,08:11:54.985483309
2381.8,1,08:11:54.991239560
2381.7,3,08:11:54.992781040
2381.8,1,08:11:55.040069619
2381.6,4,08:11:55.362590840
2381.6,2,08:11:55.363392367
2381.6,2,08:11:55.363729724
2381.5,4,08:11:56.386508467
2381.4,1,08:11:56.388127578
2381.4,2,08:11:56.388512409
2381.5,1,08:11:56.408044860
2381.4,1,08:11:56.408435072
2381.4,1,08:11:56.408502754
2381.4,1,08:11:56.408957291
2381.3,5,08:11:56.661345186
2381.2,2,08:11:56.662123298
2381.2,6,08:11:56.662216330
2381.1,1,08:11:56.663884255
2381.1,8,08:11:56.664136055
2381.0,3,08:11:56.666533230
2381.0,1,08:11:56.669524513
2381.1,1,08:11:56.669700523
2381.0,1,08:11:56.669767026
2381.2,1,08:11:56.702966473
2381.2,2,08:11:56.703022519
2381.2,2,08:11:56.703090066
2381.2,1,08:11:56.703139120
2381.2,1,08:11:56.703856017
2381.2,1,08:11:56.704734493
2381.2,1,08:11:56.704781127
2381.3,5,08:11:56.706739224
2381.2,1,08:11:56.777203569
2381.3,2,08:11:56.777619152
2381.2,2,08:11:56.778763866
2381.1,3,08:11:56.933437072
2381.1,1,08:11:56.933911223
2381.1,1,08:11:56.934089819
2381.1,1,08:11:56.934146470
2381.1,1,08:11:56.934961808
2381.1,2,08:11:57.059118776
2381.0,2,08:11:57.126023305
2381.1,1,08:11:57.234882804
2381.1,1,08:11:57.235329901
2381.0,2,08:11:57.235399352
2381.0,1,08:11:57.235820906
2381.0,3,08:11:57.260570486
2381.0,1,08:11:58.000977396
2381.2,1,08:12:01.735586316
2381.2,1,08:12:02.066564491
2381.2,3,08:12:02.303091834
2381.3,1,08:12:02.745118385
2381.3,1,08:12:03.144981112
2381.2,2,08:12:03.882145338
2381.2,1,08:12:04.654206047
2381.2,1,08:12:04.654420451
2381.2,2,08:12:04.654478547
2381.2,1,08:12:04.654953387
2381.2,1,08:12:05.137589538
2381.1,2,08:12:05.996700690
2381.1,4,08:12:06.567337891
2381.1,3,08:12:07.861578793
2381.0,1,08:12:07.862687948
2381.0,1,08:12:07.863828311
2381.0,1,08:12:08.872910799
2381.0,6,08:12:08.873185339
2381.0,2,08:12:08.873476852
2381.0,1,08:12:08.874477528
2381.1,5,08:12:09.807509870
2381.1,4,08:12:09.820075113
2381.1,1,08:12:09.820365416
2381.0,3,08:12:12.606197839
2381.1,1,08:12:12.606724160
2381.1,1,08:12:12.607453593
2381.0,5,08:12:14.086990337
2381.0,1,08:12:14.087635797
2381.0,1,08:12:14.088382777
2381.1,1,08:12:14.823353055
2381.2,3,08:12:14.830875949
2381.1,3,08:12:14.910352044
2381.2,1,08:12:14.910998137
2381.1,1,08:12:14.911311074
2381.3,1,08:12:16.290659169
2381.2,4,08:12:16.290659169
2381.1,2,08:12:18.499152128
2381.0,1,08:12:19.512764058
2381.0,1,08:12:21.534372991
2381.0,1,08:12:25.473312906
2381.0,1,08:12:25.924713055
2381.0,1,08:12:27.790021716
2381.0,1,08:12:27.790338283
2381.0,1,08:12:30.755208677
2381.0,1,08:12:30.756029330
2380.9,2,08:12:31.122110280
2380.9,1,08:12:31.122122242
2380.9,1,08:12:31.124084903
2380.9,1,08:12:32.509740832
2380.9,1,08:12:32.510101661
2380.9,1,08:12:32.510576477
2380.8,1,08:12:35.270283012
2380.8,1,08:12:35.270573159
2380.8,2,08:12:38.674770666
2380.8,1,08:12:38.675802357
2380.8,1,08:12:38.677660516
2380.7,5,08:12:39.039529645
2380.7,1,08:12:39.040397458
2380.8,2,08:12:39.265978260
2380.7,1,08:12:42.606845633
2380.7,1,08:12:42.607269939
2380.6,1,08:12:44.006775800
2380.6,1,08:12:44.688055035
2380.5,7,08:12:45.489940960
2380.4,10,08:12:45.489940960
2380.4,2,08:12:45.491067604
2380.4,1,08:12:45.491126642
2380.5,1,08:12:45.492597763
2380.5,1,08:12:45.492771949
2380.5,1,08:12:45.492851652
2380.5,1,08:12:45.492961108
2380.4,1,08:12:45.493107738
2380.4,5,08:12:45.515963062
2380.4,1,08:12:45.516665601
2380.4,1,08:12:45.516729305
2380.2,1,08:12:48.041129554
2380.3,1,08:12:49.023075844
2380.2,10,08:12:49.170901279
2380.3,1,08:12:49.171625710
2380.3,1,08:12:49.171665899
2380.2,2,08:12:49.172332770
2380.3,1,08:12:49.173128444
2380.3,1,08:12:49.483582873
2380.3,1,08:12:49.483963114
2380.3,1,08:12:50.190696178
2380.3,1,08:12:53.029034855
2380.3,1,08:12:53.029103746
2380.3,1,08:12:54.242846565
2380.3,1,08:12:54.449300199
2380.2,8,08:12:55.065829141
2380.1,1,08:12:55.724894280
2380.1,4,08:12:55.725357870
2380.1,1,08:12:55.726118503
2380.0,1,08:12:56.595160072
2380.1,1,08:12:56.651130344
2380.0,1,08:12:56.658191866
2380.0,3,08:12:57.222339544
2380.1,1,08:12:58.780759716
2380.1,1,08:12:59.010179378
2380.0,9,08:13:02.645732406
2380.0,1,08:13:02.646868128
2379.8,2,08:13:04.873245817
2379.7,2,08:13:05.007458030
2379.7,1,08:13:05.008011756
2379.6,2,08:13:05.232461413
2379.7,1,08:13:05.386664262
2379.7,1,08:13:05.386730295
2379.8,6,08:13:05.387129097
2379.7,1,08:13:05.388127242
2379.8,1,08:13:05.578024846
2379.7,2,08:13:05.908198999
2379.6,2,08:13:06.160918112
2379.7,5,08:13:06.706239794
2379.5,1,08:13:07.554763325
2379.5,1,08:13:07.554779091
2379.5,2,08:13:07.554779091
2379.6,1,08:13:08.160308793
2379.6,1,08:13:08.161612874
2379.7,2,08:13:08.263099294
2379.6,3,08:13:08.525793393
2379.6,1,08:13:08.973619401
2379.6,1,08:13:09.250058531
2379.6,1,08:13:10.265832839
2379.7,1,08:13:14.280349131
2379.5,1,08:13:18.541778171
2379.4,1,08:13:19.005813994
2379.2,1,08:13:19.005829229
2379.3,7,08:13:19.005829229
2379.4,1,08:13:19.122197356
2379.2,1,08:13:19.268405849
2379.2,1,08:13:19.766584751
2379.4,1,08:13:20.028461139
2379.4,4,08:13:20.028596671
2379.4,1,08:13:20.028647025
2379.5,2,08:13:20.030490249
2379.4,1,08:13:20.030683856
2379.6,1,08:13:20.069823013
2379.6,2,08:13:21.145724671
2379.6,1,08:13:21.146316056
2379.5,1,08:13:21.146316056
2379.5,2,08:13:21.146364739
2379.5,1,08:13:21.457966243
2379.5,1,08:13:21.458750060
2379.7,4,08:13:23.337048976
2379.7,5,08:13:23.337576430
2379.7,1,08:13:23.338754438
2379.7,1,08:13:23.338986728
2379.7,1,08:13:23.339425364
2379.6,1,08:13:23.696466093
2379.7,1,08:13:24.307926609
2379.7,1,08:13:25.312124025
2379.8,3,08:13:25.510114629
2379.8,2,08:13:27.646789502
2379.7,1,08:13:27.710205465
2379.7,2,08:13:27.710530358
2379.8,1,08:13:28.142326900
2379.9,3,08:13:28.142326900
2379.9,1,08:13:29.177984276
2380.1,12,08:13:35.526217623
2379.9,3,08:13:35.526217623
2380.2,1,08:13:35.526217623
2380.0,12,08:13:35.526217623
2380.2,5,08:13:35.528044255
2380.2,1,08:13:35.554438945
2380.2,2,08:13:35.554503680
2380.3,1,08:13:35.696659048
2380.2,1,08:13:35.864798942
2380.2,1,08:13:36.006647295
2380.3,1,08:13:37.998593551
2380.3,1,08:13:37.998805626
2380.2,7,08:13:38.449079443
2380.1,3,08:13:38.449079443
2380.1,1,08:13:38.519467713
2380.1,1,08:13:38.520383753
2380.1,1,08:13:41.628370541
2380.1,1,08:13:41.628441304
2380.2,1,08:13:42.931524732
2380.2,1,08:13:42.932360329
2380.2,1,08:13:42.932628360
2380.2,1,08:13:43.317530134
2380.1,3,08:13:43.624659272
2380.1,1,08:13:50.189843246
2380.0,1,08:13:51.797770862
2380.2,1,08:13:52.775827452
2380.3,3,08:13:53.339770483
2380.3,1,08:13:53.340539458
2380.2,8,08:13:54.830903848
2380.1,2,08:13:54.830903848
2380.1,2,08:13:54.955005389
2380.3,1,08:13:56.356984512
2380.3,2,08:13:56.357305568
2380.2,1,08:14:00.705101373
2380.4,3,08:14:04.067906598
2380.5,1,08:14:05.794930152
2380.5,1,08:14:06.310079553
2380.4,1,08:14:06.466419847
2380.4,1,08:14:06.471238948
2380.1,6,08:14:10.142120132
2380.1,2,08:14:10.142517572
2380.1,1,08:14:10.143900636
2380.1,1,08:14:11.066342046
2380.0,1,08:14:16.006640238
2380.0,1,08:14:16.025570904
2380.0,1,08:14:16.033569263
2380.1,1,08:14:16.562399522
2380.3,3,08:14:19.429291086
2380.1,3,08:14:19.429291086
2380.2,9,08:14:19.429291086
2380.3,3,08:14:19.430546864
2380.2,1,08:14:19.432478719
2380.2,2,08:14:19.433702123
2380.2,2,08:14:19.433766307
2380.3,1,08:14:21.145720199
2380.2,4,08:14:21.989093985
2380.2,1,08:14:21.989325030
2380.2,1,08:14:23.517650457
2380.2,2,08:14:25.056263016
2380.0,3,08:14:33.801621696
2380.0,1,08:14:36.328185680
2379.9,1,08:14:36.616144047
2379.8,1,08:14:36.616155174
2379.8,3,08:14:39.830834210
2379.8,1,08:14:41.376742155
2379.8,1,08:14:41.377010177
2379.7,3,08:14:41.377318771
2379.7,1,08:14:41.377372763
2379.8,1,08:14:41.783805285
2379.8,1,08:14:45.027567177
2379.9,1,08:14:46.048003176
2379.8,1,08:14:52.477388697
2379.6,6,08:14:53.032496499
2379.5,1,08:14:53.032496499
2379.7,3,08:14:53.032496499
2379.6,1,08:14:53.034791653
2379.6,1,08:14:53.034884780
2379.7,1,08:14:58.393755573
2379.5,2,08:14:58.718685958
2379.5,1,08:15:00.024536322
2379.5,2,08:15:00.024861465
2379.4,2,08:15:00.025508620
2379.4,3,08:15:00.025863602
2379.4,1,08:15:00.025898913
2379.4,1,08:15:00.102241679
2379.4,1,08:15:00.688032101
2379.4,1,08:15:00.688702048
2379.5,1,08:15:00.937790049
2379.5,1,08:15:00.938472454
2379.5,1,08:15:01.696003685
2379.4,3,08:15:01.696296398
2379.4,1,08:15:01.696345068
2379.5,1,08:15:01.702500782
2379.6,1,08:15:01.858536505
2379.7,3,08:15:01.870531539
2379.8,1,08:15:01.873369744
2379.9,3,08:15:03.195931140
2379.9,2,08:15:03.376844170
2379.9,1,08:15:04.721617500
2379.9,2,08:15:04.721861844
2379.9,1,08:15:05.091562989
2379.9,1,08:15:05.091795413
2380.0,1,08:15:08.915558008
2380.0,1,08:15:08.915599379
2380.0,1,08:15:08.916090851
2380.0,1,08:15:08.916594004
2380.1,4,08:15:10.006300683
2380.2,1,08:15:10.657814440
2380.3,1,08:15:10.658910296
2380.3,1,08:15:12.304724155
2380.2,6,08:15:13.190677988
2380.2,1,08:15:13.192278278
2380.1,1,08:15:13.343186146
2380.2,1,08:15:13.501256354
2380.3,1,08:15:14.038979329
2380.4,1,08:15:14.179068132
2380.5,1,08:15:15.277117881
2380.5,1,08:15:15.296947049
2380.6,3,08:15:16.376719055
2380.5,1,08:15:18.977856758
2380.6,1,08:15:19.278269860
2380.6,1,08:15:19.279925023
2380.6,1,08:15:19.299143493
2380.7,1,08:15:19.303202400
2380.7,1,08:15:19.303466169
2380.6,1,08:15:19.886183636
2380.6,2,08:15:19.886483210
2380.5,1,08:15:21.628376362
2380.6,1,08:15:23.288726727
2380.5,1,08:15:27.899234318
2380.6,1,08:15:28.050547055
2380.7,1,08:15:28.765634451
2380.7,1,08:15:29.785697108
2380.8,1,08:15:30.467041464
2380.6,2,08:15:31.710152251
2380.4,1,08:15:32.147566000
2380.3,1,08:15:32.845784538
2380.4,1,08:15:33.007042539
2380.4,1,08:15:33.234134364
2380.4,1,08:15:35.517026736
2380.4,1,08:15:37.321795890
2380.5,1,08:15:37.322475782
2380.6,4,08:15:38.838283149
2380.8,1,08:15:39.408900638
2380.7,6,08:15:39.408900638
2380.7,1,08:15:39.411564468
2380.6,1,08:15:41.495792592
2380.6,4,08:15:41.496292077
2380.6,1,08:15:41.752167656
2380.6,1,08:15:45.026772974
2380.6,1,08:15:47.372714688
2380.5,2,08:15:47.776756250
2380.5,2,08:15:47.777781659
2380.5,1,08:15:47.778246996
2380.6,2,08:15:48.234539997
2380.8,2,08:15:51.234364742
2380.8,1,08:15:51.237261049
2380.8,1,08:15:51.237309664
2380.8,1,08:15:51.237368641
2380.8,3,08:15:51.237451625
2380.9,1,08:15:51.242510724
2380.9,1,08:15:51.254315662
2381.0,1,08:15:51.255050241
2381.0,2,08:15:51.263433475
2381.0,1,08:15:51.294949695
2381.1,1,08:15:51.330548931
2381.0,1,08:15:51.330823790
2381.1,1,08:15:51.330907072
2381.1,3,08:15:51.395490752
2381.2,4,08:15:51.641492410
2381.0,1,08:15:51.663848234
2381.0,1,08:15:51.664411279
2381.0,1,08:15:51.664643600
2380.9,1,08:15:52.692066052
2381.0,5,08:15:53.092310329
2381.2,1,08:15:53.100975045
2381.3,1,08:15:57.773611488
2381.2,2,08:15:57.773611488
2381.2,1,08:15:57.815731710
2381.0,4,08:15:59.423545183
2381.0,6,08:15:59.423951658
2381.0,2,08:15:59.424328709
2381.0,6,08:15:59.424362296
2381.0,1,08:15:59.424411683
2381.0,1,08:15:59.424476408
2381.1,1,08:15:59.738936034
2380.9,4,08:16:00.252316745
2380.8,1,08:16:01.219612137
2380.7,4,08:16:02.256431178
2380.7,1,08:16:02.256845155
2380.7,1,08:16:02.257707246
2380.9,3,08:16:08.901402790
2381.0,1,08:16:11.505874741
2380.9,2,08:16:12.148332499
2381.0,1,08:16:19.643746492
2380.9,3,08:16:20.556875727
2380.9,1,08:16:20.575932927
2380.9,1,08:16:22.618327947
2380.9,1,08:16:28.758790475
2381.0,1,08:16:29.200793299
2380.9,1,08:16:33.017282302
2380.9,1,08:16:33.017783173
2380.9,1,08:16:33.036034702
2380.8,1,08:16:33.375859148
2380.7,8,08:16:39.249459193
2380.7,2,08:16:39.249863896
2380.7,3,08:16:39.251014726
2380.7,1,08:16:39.251489967
2380.7,1,08:16:39.253131476
2380.7,1,08:16:39.254066480
2380.7,1,08:16:41.266920245
2380.7,2,08:16:44.346841562
2380.7,3,08:16:44.348134312
2380.6,1,08:16:44.828335599
2380.5,2,08:16:45.005800221
2380.5,1,08:16:45.028321212
2380.5,1,08:16:45.880712815
2380.5,1,08:16:48.007742717
2380.4,1,08:16:57.308603731
2380.3,1,08:17:00.732440966
2380.3,1,08:17:01.434291225
2380.3,1,08:17:05.003573794
2380.2,2,08:17:09.400437629
2380.2,1,08:17:09.683246969
2380.1,1,08:17:13.568429339
2380.1,1,08:17:13.569602396
2380.0,1,08:17:16.816627968
2380.0,2,08:17:19.941952301
2380.0,1,08:17:19.943218666
2379.9,3,08:17:20.451612851
2379.8,1,08:17:27.103372437
2379.8,1,08:17:28.361740630
2379.8,1,08:17:29.540560481
2379.7,2,08:17:30.977758809
2379.7,1,08:17:30.978169680
2379.7,1,08:17:30.978708463
2379.7,1,08:17:31.974766286
2379.8,1,08:17:34.046625724
2379.8,1,08:17:34.047133549
2379.8,1,08:17:34.048524339
2379.8,1,08:17:39.096384780
2379.7,1,08:17:39.349462942
2379.9,1,08:17:41.567005086
2379.9,1,08:17:41.568802837
2379.8,1,08:17:42.809686013
2379.8,1,08:17:42.810530114
2379.8,1,08:17:43.603942807
2379.8,2,08:17:43.604191980
2379.8,1,08:17:43.604654069
2379.8,1,08:17:43.604744775
2379.8,2,08:17:43.743591785
2379.8,1,08:17:43.745208669
2379.8,1,08:17:45.028936106
2379.9,5,08:17:45.478143575
2379.9,1,08:17:45.478641717
2379.8,1,08:17:47.471169549
2379.8,1,08:17:50.060776267
2379.9,1,08:17:50.075936480
2379.9,1,08:17:50.076448039
2379.8,1,08:17:50.367391860
2379.8,1,08:17:50.475662837
2379.8,1,08:17:50.476726074
2379.8,2,08:17:50.560655883
2379.7,2,08:17:50.560655883
2379.7,1,08:17:51.664097646
2379.8,1,08:17:55.400600975
2379.8,1,08:17:55.401378914
2379.9,1,08:17:55.401825294
2379.9,1,08:17:55.402081882
2380.0,3,08:17:56.775321864
2380.0,1,08:17:57.956520290
2380.0,3,08:17:57.957226161
2380.2,5,08:17:59.263964722
2380.3,1,08:17:59.272433190
2380.3,1,08:18:00.087488329
2380.4,3,08:18:00.088050971
2380.3,1,08:18:00.099050565
2380.4,1,08:18:01.145871830
2380.3,1,08:18:01.708525745
2380.3,1,08:18:02.882070128
2380.2,2,08:18:05.459829619
2380.2,3,08:18:05.459870587
2380.2,1,08:18:06.036197276
2380.1,3,08:18:09.532975632
2380.0,1,08:18:10.038561346
2380.0,3,08:18:10.039016222
2379.9,1,08:18:14.589880733
2380.1,1,08:18:14.919658081
2380.0,1,08:18:14.919720850
2380.1,1,08:18:14.919904457
2380.2,1,08:18:14.938891128
2380.2,1,08:18:16.704370254
2380.3,1,08:18:22.628657588
2380.3,1,08:18:22.628855079
2380.3,1,08:18:22.629876192
2380.3,1,08:18:22.630627851
2380.3,1,08:18:23.383372871
2380.3,1,08:18:23.383780006
2380.4,2,08:18:26.034651811
2380.4,3,08:18:26.035417375
2380.4,1,08:18:26.036621966
2380.3,2,08:18:28.837747744
2380.3,1,08:18:28.839093908
2380.3,1,08:18:28.839127653
2380.3,1,08:18:28.839607758
2380.4,2,08:18:28.850257630
2380.4,1,08:18:28.851133325
2380.4,1,08:18:29.761076026
2380.3,3,08:18:30.601384947
2380.3,1,08:18:30.602582207
2380.3,1,08:18:30.602655636
2380.3,1,08:18:30.620966731
2380.2,1,08:18:30.629517716
2380.2,1,08:18:30.629724861
2380.2,1,08:18:30.755269417
2380.1,1,08:18:30.806150481
2380.1,1,08:18:30.806556214
2380.1,2,08:18:30.806648008
2380.2,1,08:18:31.169211908
2380.4,1,08:18:32.370489260
2380.4,2,08:18:35.967220613
2380.4,1,08:18:35.967973422
2380.5,1,08:18:37.695369011
2380.5,2,08:18:37.695829039
2380.5,1,08:18:37.697470794
2380.6,1,08:18:40.092876926
2380.6,3,08:18:40.638590993
2380.4,8,08:18:41.619225693
2380.2,9,08:18:41.619225693
2380.3,9,08:18:41.619225693
2380.5,12,08:18:41.619225693
2380.6,3,08:18:41.619225693
2380.2,2,08:18:41.620662624
2380.2,2,08:18:41.621085346
2380.2,1,08:18:41.621543237
2380.2,4,08:18:41.622112247
2380.4,1,08:18:41.622535682
2380.3,1,08:18:41.625324398
2380.3,1,08:18:41.626912129
2380.3,1,08:18:41.627189482
2380.3,1,08:18:41.751135593
2380.3,2,08:18:41.751412293
2380.4,1,08:18:41.768885583
2380.3,2,08:18:41.915005094
2380.2,1,08:18:47.286380410
2380.3,1,08:18:50.751842458
2380.4,2,08:18:54.853409672
2380.3,5,08:18:55.097199359
2380.2,4,08:18:55.097744220
2380.3,7,08:18:55.098051956
2380.2,1,08:18:55.098398403
2380.3,1,08:18:55.098566820
2380.2,1,08:18:55.100155828
2380.1,1,08:18:55.100783860
2380.1,1,08:18:55.100880716
2380.2,3,08:18:55.101787707
2380.2,1,08:18:55.102041412
2380.1,1,08:18:55.102916415
2380.2,1,08:18:55.104443406
2380.2,1,08:18:55.124014667
2380.2,1,08:18:55.124286752
2380.1,3,08:18:55.127042334
2380.1,2,08:18:55.127483402
2380.1,1,08:18:55.127529198
2380.1,1,08:18:55.351815076
2380.2,3,08:18:55.374020520
2380.2,1,08:18:58.002175492
2380.1,1,08:18:58.003236793
2380.2,1,08:18:58.003584563
2380.3,7,08:19:01.229169180
2380.3,31,08:19:01.229522967
2380.3,2,08:19:01.231654395
2380.3,1,08:19:01.231703974
2380.4,2,08:19:01.231916260
2380.4,1,08:19:01.232151775
2380.3,1,08:19:03.253341193
2380.2,1,08:19:08.043571901
2380.2,1,08:19:08.149882794
2380.0,1,08:19:12.027235062
2380.0,3,08:19:12.027846891
2380.0,1,08:19:12.027883771
2379.8,1,08:19:13.874975659
2379.8,1,08:19:13.874982891
2379.8,1,08:19:13.875537446
2379.8,1,08:19:13.876137192
2379.8,1,08:19:13.892402909
2379.8,1,08:19:14.655163738
2379.7,1,08:19:14.657662335
2379.6,1,08:19:15.038340529
2379.6,1,08:19:15.038791111
2379.4,1,08:19:19.488821524
2379.2,6,08:19:21.247087717
2379.3,1,08:19:21.247087717
2379.2,1,08:19:21.934053188
2379.3,1,08:19:22.861749738
2379.2,1,08:19:23.717919038
2379.3,1,08:19:26.087507737
2379.2,1,08:19:26.294505867
2379.2,1,08:19:26.295102887
2379.2,1,08:19:26.351252400
2379.3,2,08:19:26.882438644
2379.3,1,08:19:26.884221067
2379.3,1,08:19:28.075689186
2379.4,1,08:19:29.037708262
2379.4,1,08:19:29.038008737
2379.4,1,08:19:31.157465565
2379.4,1,08:19:31.157629043
2379.4,1,08:19:31.157744060
2379.3,2,08:19:31.880842218
2379.4,1,08:19:32.454996804
2379.4,2,08:19:32.642088041
2379.4,1,08:19:32.642413638
2379.5,1,08:19:37.169103605
2379.5,4,08:19:37.442066720
2379.4,1,08:19:45.061925530
2379.3,1,08:19:48.394538212
2379.3,1,08:19:48.395204018
2379.3,1,08:19:48.395717299
2379.2,1,08:19:49.383179512
2379.1,6,08:19:54.923312377
2378.8,10,08:19:54.923312377
2379.0,17,08:19:54.923312377
2379.2,4,08:19:54.923312377
2378.9,13,08:19:54.923312377
2379.0,1,08:19:54.928726522
2379.0,1,08:19:54.928800283
2379.0,1,08:19:54.930029441
2379.0,1,08:19:54.930300592
2379.0,1,08:19:54.931013562
2379.1,1,08:19:54.954679217
2379.0,1,08:19:54.955109658
2379.1,2,08:19:54.955204252
2379.1,1,08:19:55.023113003
2379.1,1,08:19:55.031630881
2379.1,1,08:19:55.046414327
2379.1,1,08:19:55.216617655
2379.1,3,08:19:55.216883088
2379.0,1,08:19:55.223776434
2379.2,1,08:19:55.518195781
2378.9,1,08:19:57.373096926
2379.0,1,08:19:57.937907240
2379.0,1,08:19:58.038418243
2379.1,2,08:19:58.123024007
2379.1,1,08:19:58.265669699
2379.0,2,08:20:00.086880400
2379.2,2,08:20:00.093162286
2379.1,10,08:20:00.093162286
2379.2,6,08:20:00.093239417
2379.1,1,08:20:00.095170096
2379.1,1,08:20:00.096347445
2379.1,1,08:20:00.096392870
2379.2,2,08:20:00.106541795
2379.2,2,08:20:00.106861440
2379.2,3,08:20:00.106986239
2379.2,1,08:20:00.108220862
2379.2,1,08:20:00.109340136
2379.3,1,08:20:00.725983442
2379.3,2,08:20:00.725995785
2379.3,1,08:20:00.727226436
2379.3,1,08:20:00.778533509
2379.1,1,08:20:00.857279933
2379.1,3,08:20:00.866255989
2379.1,1,08:20:00.939768654
2378.9,3,08:20:00.947609218
2379.0,5,08:20:00.947609218
2379.1,1,08:20:01.456025347
2379.0,1,08:20:01.625998189
2378.9,1,08:20:01.649213796
2378.9,2,08:20:01.650620244
2378.9,1,08:20:01.678590212
2378.9,1,08:20:01.678916817
2378.8,1,08:20:01.845399528
2378.8,1,08:20:01.847163327
2378.7,1,08:20:01.892218001
2378.7,2,08:20:01.964408217
2378.5,2,08:20:02.319591593
2378.4,2,08:20:02.358377898
2378.4,1,08:20:02.358611858
2378.4,1,08:20:02.358777032
2378.4,1,08:20:02.359237541
2378.4,1,08:20:02.360175128
2378.5,1,08:20:02.393892098
2378.5,2,08:20:02.566299679
2378.3,2,08:20:02.619030873
2378.3,1,08:20:02.619047081
2378.4,2,08:20:02.630188029
2378.3,2,08:20:03.026740695
2378.3,1,08:20:03.251876161
2378.2,1,08:20:03.457293198
2378.2,1,08:20:03.457308852
2378.2,2,08:20:03.625262968
2378.2,1,08:20:03.756907683
2378.3,1,08:20:03.757296952
2378.3,3,08:20:03.757798657
2378.4,1,08:20:03.913156564
2378.2,1,08:20:04.172978186
2378.2,2,08:20:04.173189157
2378.2,2,08:20:04.197029237
2378.2,1,08:20:04.197502984
2378.2,1,08:20:04.197724611
2378.2,5,08:20:04.891482049
2377.8,14,08:20:04.891482049
2378.0,13,08:20:04.891482049
2377.9,9,08:20:04.891482049
2378.1,9,08:20:04.891482049
2377.8,1,08:20:04.891695587
2377.8,1,08:20:04.891704902
2378.1,2,08:20:04.893257765
2377.6,11,08:20:04.895051702
2377.9,3,08:20:04.895051702
2377.5,1,08:20:04.895051702
2377.8,10,08:20:04.895051702
2377.7,6,08:20:04.895051702
2377.5,1,08:20:04.895100942
2378.1,1,08:20:04.897260233
2378.1,1,08:20:04.897413673
2378.0,1,08:20:04.897485873
2377.9,1,08:20:04.897974555
2378.0,1,08:20:04.897974555
2377.9,1,08:20:04.898295608
2377.9,1,08:20:04.898371696
2377.9,1,08:20:04.899051325
2377.9,1,08:20:04.899123445
2377.9,1,08:20:04.899433743
2377.9,1,08:20:04.902514931
2377.9,1,08:20:04.903376708
2377.9,2,08:20:04.905993552
2377.9,1,08:20:04.907292707
2378.0,3,08:20:05.007218437
2378.0,1,08:20:05.007935591
2378.0,1,08:20:05.008203411
2377.9,2,08:20:05.008900715
2377.9,1,08:20:05.008975958
2378.0,1,08:20:05.011451317
2378.0,4,08:20:05.022881553
2378.1,1,08:20:05.058695799
2378.1,1,08:20:05.074138200
2378.1,5,08:20:05.104186351
2378.0,1,08:20:05.297826448
2378.1,2,08:20:05.298247286
2378.1,1,08:20:05.298463162
2378.1,1,08:20:05.298998728
2378.1,1,08:20:05.548358727
2378.1,1,08:20:05.548437689
2378.1,1,08:20:05.548679857
2378.2,1,08:20:05.778812820
2378.2,1,08:20:05.779229033
2378.1,3,08:20:06.079415671
2378.1,4,08:20:06.079859754
2378.0,1,08:20:06.129690617
2378.1,1,08:20:06.785470249
2378.1,4,08:20:06.860182488
2378.1,1,08:20:07.254822806
2378.2,1,08:20:07.460761279
2378.2,1,08:20:07.867991552
2378.1,1,08:20:08.044122344
2378.1,1,08:20:09.112412087
2378.0,1,08:20:09.219946446
2378.1,3,08:20:10.302134635
2378.0,1,08:20:11.195091645
2378.0,1,08:20:11.195349113
2378.0,2,08:20:12.052898897
2377.9,7,08:20:12.053501370
2377.9,3,08:20:12.053766047
2377.9,1,08:20:12.253187030
2377.9,2,08:20:12.644405752
2378.0,1,08:20:12.684018367
2378.0,5,08:20:12.914874943
2378.0,2,08:20:12.915117101
2378.0,1,08:20:12.915231897
2378.0,39,08:20:12.915406854
2378.1,3,08:20:12.916354435
2378.1,1,08:20:12.917629769
2378.2,1,08:20:13.019286716
2378.1,1,08:20:13.642727352
2378.1,1,08:20:13.653673006
2378.1,3,08:20:13.768690854
2378.2,1,08:20:13.940864517
2378.2,1,08:20:14.038344338
2378.1,1,08:20:15.026381491
2378.0,1,08:20:15.205529199
2378.1,1,08:20:15.206874324
2378.2,1,08:20:15.206970665
2378.2,2,08:20:15.207707643
2378.2,3,08:20:15.207887627
2378.3,2,08:20:15.852685332
2378.3,3,08:20:15.852901656
2378.3,1,08:20:15.852930546
2378.3,1,08:20:15.852968861
2378.3,1,08:20:15.856305782
2378.3,1,08:20:15.856559226
2378.2,2,08:20:15.939535731
2378.2,1,08:20:16.031825832
2378.1,1,08:20:16.064559250
2378.0,1,08:20:16.977783693
2377.9,1,08:20:18.024188932
2378.0,1,08:20:19.202381398
2378.1,2,08:20:21.134032039
2378.1,2,08:20:21.134381514
2378.2,1,08:20:21.790039859
2378.0,5,08:20:21.920569904
2378.1,4,08:20:21.920569904
2378.0,1,08:20:21.921376451
2378.0,1,08:20:21.921418410
2378.0,1,08:20:21.921447767
2378.0,1,08:20:21.921477883
2378.0,1,08:20:21.921508537
2378.0,1,08:20:21.921614219
2378.0,1,08:20:21.921669280
2378.0,2,08:20:21.921761003
2378.0,1,08:20:21.922089000
2378.0,1,08:20:21.922166291
2378.0,4,08:20:21.922659101
2377.9,2,08:20:21.922853428
2378.0,6,08:20:21.923591744
2377.9,1,08:20:21.923672520
2377.9,2,08:20:21.995173919
2377.9,1,08:20:23.379667114
2377.8,2,08:20:23.657566906
2377.8,1,08:20:23.902050329
2377.8,1,08:20:23.902252190
2377.8,1,08:20:24.164558553
2377.8,1,08:20:24.164796996
2377.7,2,08:20:24.168232563
2377.7,1,08:20:24.168580070
2377.6,1,08:20:24.598297339
2377.7,1,08:20:25.316521177
2377.9,1,08:20:26.236509050
2377.9,1,08:20:26.539436416
2377.9,2,08:20:27.332199442
2377.8,4,08:20:27.332467207
2377.8,1,08:20:27.333667334
2377.7,1,08:20:27.335959741
2377.7,1,08:20:27.513445501
2377.7,3,08:20:28.939341203
2377.7,1,08:20:28.954856079
2377.7,1,08:20:28.959131558
2377.7,1,08:20:29.243011599
2377.7,1,08:20:29.243376189
2377.8,1,08:20:29.739547945
2377.6,2,08:20:30.098724811
2377.7,1,08:20:30.390232498
2377.7,2,08:20:30.464825494
2377.6,2,08:20:30.474435435
2377.7,3,08:20:30.781423534
2377.8,3,08:20:30.788744104
2377.8,1,08:20:30.788801370
2377.8,1,08:20:30.788913699
2377.8,2,08:20:30.788965735
2377.9,1,08:20:30.800816204
2377.9,3,08:20:30.801051383
2377.9,1,08:20:30.801117711
2377.9,1,08:20:30.801800359
2377.9,1,08:20:30.802028783
2378.0,1,08:20:30.814279737
2378.0,3,08:20:30.814524023
2378.0,6,08:20:30.814656700
2378.0,6,08:20:30.814740197
2378.0,22,08:20:30.814920998
2378.0,4,08:20:30.814947542
2378.0,6,08:20:30.815004580
2378.0,2,08:20:30.815100844
2378.0,1,08:20:30.815238169
2378.0,2,08:20:30.815283440
2378.0,1,08:20:30.815325534
2378.1,1,08:20:30.816171083
2378.1,2,08:20:30.816425662
2378.2,1,08:20:30.819657516
2378.1,3,08:20:30.848625455
2378.1,2,08:20:30.849407969
2378.1,1,08:20:30.849979497
2378.1,1,08:20:30.850027120
2378.2,1,08:20:30.853133327
2378.2,1,08:20:30.958244477
2378.3,1,08:20:31.009883090
2378.3,1,08:20:31.027328472
2378.2,1,08:20:31.304106044
2378.1,1,08:20:31.322100407
2378.1,1,08:20:31.322427437
2378.0,3,08:20:33.901662910
2378.0,1,08:20:33.901831349
2378.1,1,08:20:34.193473907
2378.1,1,08:20:34.352135268
2378.0,1,08:20:34.828682270
2377.9,1,08:20:34.937811163
2377.8,1,08:20:35.011484874
2377.8,1,08:20:35.872993374
2377.8,1,08:20:35.873040888
2377.9,1,08:20:36.057137061
2377.6,1,08:20:37.418875297
2377.5,3,08:20:37.645067431
2377.4,2,08:20:37.749827654
2377.2,4,08:20:37.749827654
2377.3,4,08:20:37.749827654
2377.4,1,08:20:37.752257383
2377.3,2,08:20:37.752732865
2377.4,1,08:20:37.752998812
2377.4,1,08:20:37.753048800
2377.5,1,08:20:37.754230581
2377.5,2,08:20:37.754286253
2377.4,1,08:20:37.884521213
2377.4,1,08:20:37.885411848
2377.3,1,08:20:38.136395062
2377.2,3,08:20:38.275664982
2377.3,1,08:20:38.275664982
2377.2,1,08:20:38.692724624
2377.0,1,08:20:38.881486328
2377.2,4,08:20:38.881486328
2377.1,5,08:20:38.881486328
2377.0,1,08:20:38.881500231
2377.2,1,08:20:38.883994273
2377.2,1,08:20:38.885995267
2377.2,1,08:20:38.992662747
2377.3,1,08:20:39.064160683
2377.2,1,08:20:39.081315416
2377.3,1,08:20:39.169388352
2377.4,1,08:20:39.282547857
2377.2,4,08:20:39.289455858
2377.4,1,08:20:39.564453284
2377.3,5,08:20:39.564512767
2377.3,1,08:20:39.566695163
2377.2,1,08:20:40.048543289
2377.2,1,08:20:40.279951109
2377.2,1,08:20:40.280071889
2377.3,1,08:20:40.833748314
2377.3,2,08:20:40.834020812
2377.3,1,08:20:41.145763636
2377.3,1,08:20:41.145810415
2377.1,7,08:20:41.184150354
2377.2,4,08:20:41.184150354
2377.1,3,08:20:41.184887098
2377.1,1,08:20:41.186793732
2377.2,1,08:20:41.186827368
2377.2,1,08:20:41.380034404
2377.4,5,08:20:41.699334188
2377.4,2,08:20:41.701384026
2377.5,2,08:20:42.119328312
2377.5,2,08:20:42.119372882
2377.5,1,08:20:42.165694622
2377.5,1,08:20:42.165919781
2377.6,1,08:20:42.278306602
2377.6,1,08:20:42.392714522
2377.6,1,08:20:42.395436455
2377.4,1,08:20:44.210961218
2377.6,1,08:20:44.284968140
2377.6,1,08:20:45.155143008
2377.7,1,08:20:45.219464858
2377.7,1,08:20:45.219633120
2377.7,1,08:20:45.220013211
2377.6,1,08:20:46.221811831
2377.6,1,08:20:46.225896916
2377.7,1,08:20:48.620686799
2377.6,1,08:20:48.976841147
2377.6,1,08:20:48.977203377
2377.4,2,08:20:49.484918481
2377.5,3,08:20:49.484918481
2377.4,1,08:20:49.564687851
2377.4,1,08:20:49.565364127
2377.4,1,08:20:49.565874154
2377.5,1,08:20:51.374383805
2377.4,1,08:20:51.531472758
2377.4,3,08:20:52.601648190
2377.3,3,08:20:52.602421054
2377.4,1,08:20:52.602582660
2377.3,1,08:20:52.604238950
2377.3,1,08:20:52.605168985
2377.4,1,08:20:52.891042749
2377.2,1,08:20:53.239421584
2377.2,2,08:20:53.239628202
2377.2,1,08:20:53.462564049
2377.1,1,08:20:53.660071099
2377.1,1,08:20:53.876114150
2377.0,1,08:20:55.648342274
2377.1,1,08:20:55.868498685
2377.1,1,08:20:55.919565442
2377.0,1,08:20:55.988547440
2377.0,2,08:20:56.141942911
2377.0,2,08:20:56.142031837
2377.0,1,08:20:56.158175676
2376.9,7,08:20:56.326685176
2376.8,1,08:20:56.326698770
2376.8,5,08:20:56.326698770
2376.8,1,08:20:56.327586916
2376.9,3,08:20:56.329053242
2376.9,1,08:20:56.329100540
2376.9,1,08:20:56.329278166
2377.0,1,08:20:56.546368584
2377.0,1,08:20:56.546874793
2377.0,1,08:20:56.547173532
2377.0,2,08:20:56.547251712
2377.0,5,08:20:56.547373896
2377.0,1,08:20:56.549416905
2377.0,1,08:20:56.549720833
2377.0,1,08:20:56.550446263
2377.0,2,08:20:56.550515273
2377.1,1,08:20:56.681782621
2377.1,1,08:20:57.586297980
2377.1,1,08:20:57.586706026
2377.1,2,08:20:57.827871856
2377.2,3,08:20:57.829361389
2377.3,1,08:20:57.831893809
2377.3,1,08:20:57.832443836
2377.3,1,08:20:57.832738136
2377.2,1,08:20:57.850858658
2377.3,1,08:20:57.858231581
2377.2,1,08:20:57.872064375
2377.2,1,08:20:57.893270271
2377.2,1,08:20:57.915164360
2377.2,1,08:20:58.526737272
2377.3,1,08:21:00.019049762
2377.3,1,08:21:00.090143469
2377.4,1,08:21:00.693026577
2377.4,1,08:21:01.207719261
2377.4,7,08:21:01.623498897
2377.5,10,08:21:01.623498897
2377.5,1,08:21:02.020978336
2377.5,1,08:21:02.498105421
2377.5,3,08:21:02.498364776
2377.5,3,08:21:02.498686398
2377.5,5,08:21:02.498733171
2377.5,30,08:21:02.498791780
2377.6,1,08:21:02.500021730
2377.6,1,08:21:02.500073726
2377.7,2,08:21:02.647213855
2377.8,1,08:21:02.819876808
2377.7,1,08:21:02.875694063
2377.7,1,08:21:02.962615337
2377.8,1,08:21:02.999685178
2377.7,1,08:21:03.185831654
2377.7,1,08:21:03.356741116
2377.6,3,08:21:04.081023758
2377.6,1,08:21:04.102314072
2377.5,1,08:21:05.352463676
2377.5,1,08:21:05.352754060
2377.5,1,08:21:05.353100579
2377.6,1,08:21:05.353100579
2377.6,2,08:21:05.353190744
2377.5,1,08:21:05.353970667
2377.6,1,08:21:05.740911266
2377.6,3,08:21:05.776226775
2377.5,2,08:21:05.870887562
2377.6,1,08:21:07.475365820
2377.6,1,08:21:07.498670328
2377.6,6,08:21:07.499418432
2377.6,1,08:21:07.517592974
2377.5,2,08:21:08.453431442
2377.4,1,08:21:08.462028783
2377.5,5,08:21:08.722668161
2377.7,6,08:21:08.722668161
2377.6,7,08:21:08.722668161
2377.7,1,08:21:08.723993432
2377.7,1,08:21:08.724123172
2377.7,3,08:21:08.777576662
2377.8,1,08:21:08.793633066
2377.6,2,08:21:08.843151687
2377.5,1,08:21:08.894814911
2377.5,1,08:21:08.895196957
2377.3,1,08:21:09.355065989
2377.4,3,08:21:09.508840762
2377.4,1,08:21:09.508874805
2377.4,1,08:21:09.510227245
2377.5,1,08:21:09.920601584
2377.4,1,08:21:09.925978473
2377.4,1,08:21:10.642973914
2377.4,1,08:21:10.643712272
2377.3,3,08:21:10.647819440
2377.5,9,08:21:11.505933799
2377.4,6,08:21:11.505933799
2377.5,1,08:21:11.507080113
2377.5,1,08:21:11.507101754
2377.5,1,08:21:11.507128532
2377.5,2,08:21:11.507212206
2377.5,1,08:21:11.508512523
2377.5,2,08:21:11.508913053
2377.5,1,08:21:11.509318523
2377.6,3,08:21:12.962940221
2377.7,1,08:21:13.063311736
2377.7,2,08:21:13.947204881
2377.7,1,08:21:15.162307235
2377.6,7,08:21:15.162307235
2377.5,7,08:21:15.162307235
2377.5,2,08:21:15.163734296
2377.4,4,08:21:15.164267181
2377.4,1,08:21:15.166019201
2377.4,2,08:21:15.167012437
2377.4,1,08:21:15.167527206
2377.3,1,08:21:15.167725818
2377.4,1,08:21:15.735375816
2377.4,1,08:21:16.337605520
2377.4,1,08:21:17.156342322
2377.5,1,08:21:17.361198769
2377.3,1,08:21:17.520479713
2377.3,1,08:21:18.464928654
2377.4,1,08:21:19.274108765
2377.5,1,08:21:19.291944694
2377.5,1,08:21:20.060793725
2377.3,1,08:21:20.568852375
2377.3,2,08:21:20.655874205
2377.3,1,08:21:20.656126155
2377.4,2,08:21:21.261206014
2377.4,1,08:21:21.261510654
2377.4,1,08:21:21.262171038
2377.3,2,08:21:22.286102441
2377.4,2,08:21:22.286673383
2377.4,1,08:21:22.286814596
2377.3,1,08:21:22.305608491
2377.4,1,08:21:22.576893297
2377.5,13,08:21:25.229152794
2377.5,1,08:21:25.229240530
2377.5,19,08:21:25.229478409
2377.5,1,08:21:25.230430618
2377.5,1,08:21:25.230903523
2377.6,1,08:21:25.246094738
2377.6,1,08:21:25.282085588
2377.5,1,08:21:25.869247281
2377.5,1,08:21:25.869572259
2377.5,3,08:21:25.869674817
2377.5,2,08:21:26.810895374
2377.5,1,08:21:26.811208958
2377.5,2,08:21:26.812361157
2377.5,1,08:21:26.812649950
2377.5,2,08:21:27.881878395
2377.5,1,08:21:27.902767690
2377.5,1,08:21:28.338672351
2377.4,1,08:21:28.790352992
2377.5,1,08:21:28.845313776
2377.5,1,08:21:29.120289476
2377.5,1,08:21:29.261271573
2377.4,4,08:21:29.467760912
2377.4,1,08:21:29.467936916
2377.3,3,08:21:30.654469802
2377.4,1,08:21:30.760739498
2377.4,1,08:21:30.760945758
2377.5,1,08:21:30.870701302
2377.5,1,08:21:30.871036058
2377.6,4,08:21:31.154623144
2377.7,1,08:21:31.391791107
2377.7,1,08:21:31.392042875
2377.7,1,08:21:31.392856556
2377.7,1,08:21:31.393392989
2377.6,1,08:21:31.633470837
2377.6,1,08:21:31.633731306
2377.5,1,08:21:32.241064832
2377.5,1,08:21:32.241441047
2377.6,1,08:21:32.605425571
2377.6,1,08:21:32.861675947
2377.5,1,08:21:34.965225290
2377.6,2,08:21:36.881344378
2377.6,1,08:21:36.881547892
2377.5,2,08:21:37.082380552
2377.4,2,08:21:37.812846348
2377.4,1,08:21:37.984201160
2377.3,1,08:21:38.004546547
2377.2,3,08:21:38.216909795
2377.2,2,08:21:39.004685886
2377.2,1,08:21:39.005537125
2377.2,1,08:21:39.006041135
2377.2,1,08:21:39.006281291
2377.3,2,08:21:39.610516259
2377.4,1,08:21:39.612163751
2377.4,1,08:21:39.613082394
2377.4,3,08:21:39.956188536
2377.3,1,08:21:40.930554451
2377.3,1,08:21:40.953492509
2377.2,3,08:21:41.053053835
2377.2,2,08:21:41.742449586
2377.1,1,08:21:42.060766496
2377.1,1,08:21:42.060837538
2377.1,2,08:21:42.646904501
2377.2,1,08:21:42.775137196
2377.3,1,08:21:42.810739817
2377.4,1,08:21:42.862683142
2377.5,2,08:21:42.881785904
2377.5,3,08:21:42.881836270
2377.5,1,08:21:42.881882145
2377.5,2,08:21:42.882012299
2377.5,1,08:21:42.882077109
2377.5,2,08:21:42.882137044
2377.5,2,08:21:42.882208729
2377.3,3,08:21:43.543544363
2377.2,6,08:21:43.543544363
2377.1,1,08:21:43.543544363
2377.2,1,08:21:44.430074765
2377.2,1,08:21:45.024206135
2377.1,4,08:21:46.071159707
2377.1,1,08:21:46.090632814
2377.1,1,08:21:46.101839872
2377.2,2,08:21:46.159374016
2377.2,1,08:21:46.160002886
2377.1,5,08:21:46.699454836
2377.0,5,08:21:46.699454836
2377.1,1,08:21:46.700932618
2377.2,3,08:21:47.225768605
2377.2,2,08:21:48.294337475
2377.2,1,08:21:48.294822550
2377.2,2,08:21:48.865917628
2377.2,2,08:21:49.347807421
2377.0,1,08:21:51.382111094
2376.9,1,08:21:51.715908211
2376.8,2,08:21:52.066888335
2376.8,1,08:21:52.067106122
2376.8,1,08:21:52.067247894
2376.9,2,08:21:52.723376478
2376.9,1,08:21:52.724123766
2377.0,3,08:21:52.724199771
2376.9,1,08:21:54.574039272
2376.8,3,08:21:56.511435217
2376.7,10,08:21:56.512274290
2376.7,1,08:21:56.545972722
2376.7,3,08:21:56.546276633
2376.6,3,08:21:57.025143278
2376.5,2,08:21:57.028191676
2376.4,1,08:21:57.028201625
2376.4,1,08:21:57.028208534
2376.3,9,08:21:57.028229587
2376.1,4,08:21:57.028229587
2376.2,9,08:21:57.028229587
2376.4,3,08:21:57.028229587
2376.1,1,08:21:57.028458120
2376.4,1,08:21:57.033246495
2376.3,1,08:21:57.033345633
2376.3,1,08:21:57.034365695
2376.4,1,08:21:57.034511467
2376.4,1,08:21:57.034539842
2376.4,3,08:21:57.034753421
2376.3,1,08:21:57.035903780
2376.4,1,08:21:57.056986730
2376.3,4,08:21:57.063421301
2376.5,2,08:21:57.130485825
2376.5,1,08:21:57.209830061
2376.5,1,08:21:57.210133133
2376.5,1,08:21:57.210595702
2376.4,1,08:21:57.228386134
2376.4,1,08:21:57.228786382
2376.5,5,08:21:57.356922072
2376.5,2,08:21:57.680013822
2376.6,2,08:21:57.929793092
2376.7,5,08:21:58.432497763
2376.7,1,08:21:58.433183421
2376.8,2,08:21:58.517013232
2376.7,4,08:21:58.517013232
2376.8,1,08:21:58.520894458
2376.8,3,08:21:58.554729584
2376.8,1,08:21:59.497211862
2376.9,1,08:21:59.747572596
2376.9,1,08:21:59.763825936
2376.9,3,08:21:59.764055386
2376.9,1,08:21:59.764347520
2376.6,1,08:22:00.056537461
2376.5,1,08:22:00.150529015
2376.5,3,08:22:00.150704583
2376.5,1,08:22:00.152447367
2376.6,2,08:22:00.564398095
2376.6,1,08:22:00.565452599
2376.6,2,08:22:01.168850619
2376.7,1,08:22:01.202313895
2376.7,1,08:22:01.202635530
2376.7,1,08:22:01.203973288
2376.6,2,08:22:01.351936861
2376.5,1,08:22:01.351936861
2376.6,1,08:22:01.951683062
2376.5,5,08:22:02.003954099
2376.4,5,08:22:02.003954099
2376.5,1,08:22:02.132493943
2376.5,1,08:22:02.364152850
2376.5,2,08:22:02.364396852
2376.5,1,08:22:02.426690411
2376.3,2,08:22:03.115891595
2376.3,1,08:22:03.135573161
2376.2,2,08:22:03.389620209
2376.2,1,08:22:03.389660340
2376.2,4,08:22:03.389744070
2376.2,1,08:22:03.390266244
2376.1,1,08:22:03.391174172
2376.1,1,08:22:03.395631383
2376.2,1,08:22:03.402267436
2376.1,1,08:22:03.783881497
2376.0,1,08:22:04.157330995
2375.9,2,08:22:04.157343629
2376.0,3,08:22:04.157343629
2375.9,2,08:22:04.157364591
2376.0,1,08:22:04.208063788
2376.0,1,08:22:04.380615734
2376.1,2,08:22:04.404597177
2376.0,1,08:22:04.956899286
2376.0,4,08:22:04.957186062
2375.9,4,08:22:04.957269897
2375.9,1,08:22:04.958782891
2376.0,5,08:22:04.958782891
2376.0,2,08:22:04.958845392
2376.1,1,08:22:04.975732757
2376.2,1,08:22:04.989427714
2376.2,3,08:22:04.989517248
2376.2,1,08:22:04.989685406
2376.3,1,08:22:05.020110031
2376.3,3,08:22:05.020327159
2376.3,4,08:22:05.020565109
2376.2,3,08:22:05.168429679
2376.3,1,08:22:05.516494944
2376.5,1,08:22:05.593034720
2376.4,1,08:22:05.593766299
2376.4,1,08:22:05.605295901
2376.4,1,08:22:05.605707528
2376.4,2,08:22:05.605801284
2376.3,1,08:22:05.639552962
2376.3,3,08:22:05.639892463
2376.3,1,08:22:05.924898024
2376.2,3,08:22:06.236239642
2376.3,1,08:22:06.237464983
2376.2,1,08:22:06.243041687
2376.3,1,08:22:06.380123373
2376.3,2,08:22:07.240009626
2376.4,2,08:22:07.243192512
2376.4,1,08:22:07.322719694
2376.2,1,08:22:07.332738962
2376.3,1,08:22:07.387571890
2376.2,2,08:22:08.247984132
2376.3,1,08:22:08.252643781
2376.2,2,08:22:09.172021159
2376.2,1,08:22:09.852245444
2376.2,1,08:22:10.049568224
2376.1,2,08:22:10.250409641
2376.2,1,08:22:10.354752935
2376.2,1,08:22:10.790995395
2376.2,4,08:22:10.791415896
2376.3,1,08:22:10.802692642
2376.3,5,08:22:10.821722904
2376.2,1,08:22:10.981821479
2376.2,1,08:22:10.981858017
2376.1,1,08:22:11.177972697
2376.1,1,08:22:11.178416139
2376.2,1,08:22:11.864251536
2376.0,1,08:22:12.269029330
2376.0,1,08:22:12.470468030
2376.0,1,08:22:12.649723096
2375.9,1,08:22:13.403529954
2376.1,1,08:22:13.423973159
2376.1,1,08:22:13.974340356
2376.1,1,08:22:13.974745455
2376.2,2,08:22:13.983631103
2376.2,1,08:22:13.983990470
2376.3,1,08:22:14.172785193
2376.4,3,08:22:14.380114570
2376.3,1,08:22:14.489451729
2376.4,1,08:22:14.641382418
2376.2,1,08:22:15.400177568
2376.1,1,08:22:15.814048837
2376.1,1,08:22:16.582325808
2376.3,2,08:22:16.712772635
2376.2,8,08:22:16.712772635
2376.1,1,08:22:16.715326937
2376.2,3,08:22:16.715639416
2376.2,1,08:22:16.716020992
2376.2,1,08:22:16.716121359
2376.2,1,08:22:17.787665119
2376.1,2,08:22:18.299105027
2376.0,1,08:22:18.632539121
2376.0,1,08:22:18.632609711
2376.0,1,08:22:19.035685657
2376.0,2,08:22:19.035817995
2375.9,2,08:22:19.331523363
2375.9,2,08:22:19.331715344
2375.9,1,08:22:19.331744902
2375.9,1,08:22:19.331910826
2375.9,1,08:22:19.332284546
2375.9,1,08:22:19.332811878
2375.9,1,08:22:19.332862202
2376.0,1,08:22:19.664974202
2376.0,1,08:22:20.092769821
2376.0,2,08:22:20.093034476
2376.0,2,08:22:20.364080875
2375.9,1,08:22:20.942745415
2375.9,1,08:22:20.942978693
2376.0,2,08:22:22.471759182
2375.9,1,08:22:22.653274131
2376.0,5,08:22:24.252685424
2376.1,1,08:22:24.254726313
2376.2,1,08:22:24.271723833
2376.0,1,08:22:24.273547940
2376.0,1,08:22:24.273889237
2376.0,3,08:22:24.274302582
2376.0,1,08:22:24.274326733
2376.0,2,08:22:24.274510723
2376.1,1,08:22:24.291185076
2376.0,3,08:22:24.349116222
2376.0,1,08:22:24.350593116
2375.9,2,08:22:24.795191905
2376.0,2,08:22:25.352759200
2376.1,1,08:22:25.353774244
2376.1,1,08:22:25.373473946
2375.9,1,08:22:27.842925016
2375.8,1,08:22:27.864753653
2375.8,1,08:22:27.865026168
2375.7,1,08:22:27.896796759
2375.7,2,08:22:27.896808046
2375.6,1,08:22:27.896814791
2375.6,3,08:22:27.896871646
2374.6,10,08:22:27.896929264
2375.0,49,08:22:27.896929264
2374.7,12,08:22:27.896929264
2374.9,7,08:22:27.896929264
2375.1,9,08:22:27.896929264
2375.3,10,08:22:27.896929264
2375.6,1,08:22:27.896929264
2374.8,15,08:22:27.896929264
2374.2,8,08:22:27.896929264
2375.5,4,08:22:27.896929264
2375.4,8,08:22:27.896929264
2374.3,18,08:22:27.896929264
2374.5,19,08:22:27.896929264
2374.4,11,08:22:27.896929264
2375.2,19,08:22:27.896929264
2374.2,1,08:22:27.896952103
2374.2,4,08:22:27.898476214
2374.0,19,08:22:27.898485443
2374.2,3,08:22:27.898485443
2374.1,10,08:22:27.898485443
2373.9,1,08:22:27.898492272
2374.0,2,08:22:27.898492272
2374.0,1,08:22:27.898492272
2373.7,15,08:22:27.898503126
2373.8,11,08:22:27.898503126
2373.6,1,08:22:27.898503126
2373.9,13,08:22:27.898503126
2373.6,2,08:22:27.898508623
2373.6,1,08:22:27.898508623
2373.6,1,08:22:27.898516515
2373.6,2,08:22:27.898516515
2373.6,1,08:22:27.898522758
2373.6,1,08:22:27.898528819
2373.6,1,08:22:27.899348161
2375.0,1,08:22:27.901406663
2375.0,2,08:22:27.903390904
2375.0,2,08:22:27.904452855
2374.8,1,08:22:27.904452855
2375.0,1,08:22:27.904646677
2374.9,1,08:22:27.907053858
2374.3,1,08:22:27.907111228
2374.3,1,08:22:27.907846191
2373.6,1,08:22:27.907846191
2374.2,5,08:22:27.907846191
2373.7,1,08:22:27.907846191
2374.0,1,08:22:27.907846191
2373.6,2,08:22:27.907852447
2374.4,1,08:22:27.912328838
2374.6,1,08:22:27.913626983
2374.9,5,08:22:27.914009821
2374.7,5,08:22:27.914009821
2374.8,8,08:22:27.914009821
2374.5,1,08:22:27.917219644
2374.4,1,08:22:27.917503246
2374.4,1,08:22:27.917530146
2374.3,1,08:22:27.917583823
2374.3,1,08:22:27.917738160
2374.3,1,08:22:27.918073795
2374.3,1,08:22:27.918300728
2374.3,1,08:22:27.918396650
2374.3,1,08:22:27.918428113
2374.3,1,08:22:27.918501186
2374.2,1,08:22:27.918560608
2374.2,1,08:22:27.918638053
2374.4,1,08:22:27.918683513
2374.2,1,08:22:27.918822293
2374.4,4,08:22:27.919417719
2374.5,1,08:22:27.920608896
2374.5,1,08:22:27.920827505
2374.6,1,08:22:27.922809945
2374.4,1,08:22:27.925259329
2374.5,3,08:22:27.925259329
2374.4,1,08:22:27.925320517
2374.4,1,08:22:27.926017053
2374.4,1,08:22:27.926353923
2374.5,1,08:22:27.926504957
2374.4,1,08:22:27.926802521
2374.6,1,08:22:27.927407237
2374.5,1,08:22:27.927627599
2374.6,1,08:22:27.928631883
2374.5,1,08:22:27.928794020
2374.6,1,08:22:27.929143631
2374.6,1,08:22:27.930009850
2374.6,1,08:22:27.931147325
2374.5,1,08:22:27.931259660
2374.6,1,08:22:27.931608196
2374.6,1,08:22:27.932813733
2374.6,1,08:22:27.932901418
2374.6,1,08:22:27.934542136
2374.6,1,08:22:27.934745052
2374.7,1,08:22:27.936252260
2374.7,4,08:22:27.936921064
2374.7,1,08:22:27.937881749
2374.6,2,08:22:27.941259315
2374.5,1,08:22:27.941671899
2374.5,1,08:22:27.961381489
2374.5,1,08:22:27.961714305
2374.5,1,08:22:27.965989233
2374.5,1,08:22:27.970434545
2374.6,1,08:22:27.978896264
2374.6,4,08:22:27.979221675
2374.6,1,08:22:27.980379807
2374.7,1,08:22:27.980486936
2374.6,4,08:22:27.999986144
2374.6,1,08:22:28.000663675
2374.5,2,08:22:28.001348431
2374.7,1,08:22:28.011726125
2374.5,1,08:22:28.022357215
2374.6,1,08:22:28.022798357
2374.6,2,08:22:28.023069691
2374.6,1,08:22:28.023379223
2374.6,1,08:22:28.080395259
2374.5,1,08:22:28.080473005
2374.6,1,08:22:28.080616391
2374.6,1,08:22:28.080855698
2374.6,1,08:22:28.081570704
2374.6,1,08:22:28.081776526
2374.6,1,08:22:28.086149117
2374.5,1,08:22:28.110302809
2374.5,1,08:22:28.110532628
2374.6,1,08:22:28.110887797
2374.6,1,08:22:28.111116233
2374.7,4,08:22:28.111702408
2374.6,1,08:22:28.111731702
2374.7,4,08:22:28.112009296
2374.7,1,08:22:28.112349273
2374.7,1,08:22:28.112452529
2374.7,1,08:22:28.112663887
2374.6,1,08:22:28.118369435
2374.6,1,08:22:28.118588437
2374.7,1,08:22:28.120633622
2374.7,1,08:22:28.141814739
2374.5,1,08:22:28.153358261
2374.5,1,08:22:28.157275668
2374.6,1,08:22:28.196461602
2374.6,2,08:22:28.196677894
2374.6,1,08:22:28.196961945
2374.5,1,08:22:28.210109880
2374.7,1,08:22:28.223651464
2374.7,1,08:22:28.229968094
2374.7,1,08:22:28.298965626
2374.7,6,08:22:28.299253039
2374.7,1,08:22:28.306229407
2374.7,1,08:22:28.363763720
2374.7,1,08:22:28.363976396
2374.7,2,08:22:28.364026452
2374.6,1,08:22:28.385228949
2374.6,4,08:22:28.385452508
2374.6,1,08:22:28.385486343
2374.4,1,08:22:28.404255520
2374.5,1,08:22:28.404690793
2374.5,1,08:22:28.405644096
2374.4,1,08:22:28.472166798
2374.5,2,08:22:28.543060686
2374.5,1,08:22:28.543477497
2374.5,1,08:22:28.543823312
2374.4,1,08:22:28.649080535
2374.4,2,08:22:28.649680903
2374.4,1,08:22:28.650579065
2374.4,1,08:22:28.699521387
2374.4,1,08:22:28.700826819
2374.3,1,08:22:28.723822754
2374.3,1,08:22:28.793324754
2374.3,1,08:22:28.793511702
2374.3,1,08:22:28.794206061
2374.2,1,08:22:28.994069679
2374.2,1,08:22:28.994913267
2374.2,4,08:22:29.307744115
2374.1,1,08:22:29.307857090
2374.2,2,08:22:29.307857090
2374.2,1,08:22:29.308360736
2374.1,1,08:22:29.308426609
2374.1,1,08:22:29.308512512
2374.2,1,08:22:29.309108306
2374.2,1,08:22:29.309678055
2374.2,2,08:22:29.321458161
2374.2,3,08:22:29.444716214
2374.1,2,08:22:29.447671376
2374.1,3,08:22:29.623548847
2374.1,1,08:22:29.623777184
2374.1,1,08:22:29.624883645
2374.1,1,08:22:29.624972632
2374.2,3,08:22:29.668770995
2374.1,1,08:22:29.702789628
2374.0,1,08:22:29.805637155
2374.0,1,08:22:29.805721791
2373.9,1,08:22:29.806581251
2373.8,2,08:22:29.806721065
2373.9,1,08:22:29.809625028
2373.9,1,08:22:29.809874581
2373.9,2,08:22:29.810071933
2373.8,1,08:22:29.814355216
2373.8,1,08:22:29.814732513
2373.7,1,08:22:29.836066725
2373.7,1,08:22:29.836572920
2373.8,1,08:22:29.841548333
2373.8,1,08:22:29.893225069
2373.7,1,08:22:30.023782746
2373.6,3,08:22:30.024068701
2373.7,1,08:22:30.024282283
2373.7,1,08:22:30.024473688
2373.6,2,08:22:30.045034720
2373.6,2,08:22:30.045630341
2373.6,1,08:22:30.046374923
2373.7,8,08:22:30.087994247
2373.8,2,08:22:30.087994247
2373.7,2,08:22:30.089160408
2373.8,1,08:22:30.098495738
2373.8,5,08:22:30.098928310
2373.7,3,08:22:30.108673348
2373.8,1,08:22:30.108755438
2373.8,2,08:22:30.199691507
2373.8,3,08:22:30.200164946
2373.8,1,08:22:30.200532804
2373.9,1,08:22:30.288271069
2373.9,4,08:22:30.398636813
2373.9,3,08:22:30.398960183
2373.9,1,08:22:30.399006279
2374.0,1,08:22:30.399783534
2374.1,1,08:22:30.401313514
2374.2,1,08:22:30.474478758
2374.2,1,08:22:30.474992360
2374.1,2,08:22:30.629254127
2374.3,4,08:22:30.690816358
2374.3,2,08:22:30.691130298
2374.4,1,08:22:30.709298497
2374.2,1,08:22:30.749719643
2374.2,5,08:22:30.750154586
2374.3,1,08:22:30.750283690
2374.1,1,08:22:30.755005891
2374.1,2,08:22:30.903070169
2374.2,1,08:22:30.929291020
2374.2,1,08:22:30.929544151
2374.3,2,08:22:30.964803498
2374.3,1,08:22:31.076063783
2374.4,1,08:22:31.209164243
2374.5,6,08:22:31.292404754
2374.4,4,08:22:31.292404754
2374.4,1,08:22:31.294318937
2374.3,1,08:22:31.577474604
2374.3,1,08:22:31.641188533
2374.3,1,08:22:31.641569683
2374.3,1,08:22:31.641943182
2374.3,1,08:22:32.214546442
2374.4,1,08:22:32.376603907
2374.4,1,08:22:32.377544950
2374.4,1,08:22:32.556042781
2374.3,1,08:22:32.572478789
2374.3,1,08:22:32.575650936
2374.4,2,08:22:32.651269322
2374.4,1,08:22:32.651561657
2374.3,1,08:22:32.872092875
2374.4,1,08:22:32.879618882
2374.3,2,08:22:32.951817528
2374.3,1,08:22:33.237878693
2374.3,1,08:22:33.239503094
2374.3,1,08:22:33.941824541
2374.3,2,08:22:34.005724021
2374.3,2,08:22:34.132201671
2374.2,3,08:22:34.557081679
2374.2,1,08:22:34.557743612
2374.2,1,08:22:34.591342999
2374.1,1,08:22:34.762210757
2374.2,1,08:22:34.841644504
2374.2,1,08:22:34.841879366
2374.3,1,08:22:34.888677077
2374.2,1,08:22:35.122622355
2374.0,4,08:22:35.254205773
2373.9,16,08:22:35.254205773
2373.9,3,08:22:35.255787374
2374.0,3,08:22:35.258380817
2374.1,1,08:22:35.312544891
2374.0,5,08:22:35.378200629
2374.1,3,08:22:35.378584934
2374.0,1,08:22:35.378939764
2374.0,1,08:22:35.379294366
2373.9,1,08:22:35.379294366
2374.0,1,08:22:35.390907945
2374.1,2,08:22:35.405684524
2374.2,1,08:22:35.468232609
2374.2,1,08:22:35.661049817
2374.0,1,08:22:36.000055453
2374.0,1,08:22:36.000248256
2374.1,5,08:22:36.360854694
2374.2,1,08:22:36.403758817
2374.3,1,08:22:36.455230445
2374.2,1,08:22:36.683017375
2374.3,1,08:22:36.909485291
2374.3,3,08:22:37.255231278
2374.3,1,08:22:37.255879918
2374.3,1,08:22:37.821697548
2374.3,1,08:22:37.821966251
2374.3,2,08:22:37.852852544
2374.2,3,08:22:37.987534400
2374.2,1,08:22:38.015041901
2374.2,1,08:22:38.015115039
2374.1,1,08:22:38.095090701
2374.1,1,08:22:38.363235535
2374.0,2,08:22:38.477829961
2373.9,1,08:22:38.479703870
2373.9,2,08:22:38.791596545
2374.0,2,08:22:38.821981064
2374.0,1,08:22:38.822828668
2374.1,1,08:22:38.838846130
2374.1,1,08:22:38.839600280
2374.0,1,08:22:38.922713446
2374.0,2,08:22:39.313713162
2374.1,1,08:22:39.317680899
2374.1,2,08:22:39.318499306
2374.2,3,08:22:39.320354796
2374.3,1,08:22:39.346824885
2374.2,2,08:22:39.414036579
2374.2,1,08:22:39.414357286
2374.3,1,08:22:39.484305596
2374.3,2,08:22:39.697618547
2374.3,1,08:22:39.697784368
2374.2,1,08:22:39.698691820
2374.1,1,08:22:39.940417487
2374.2,1,08:22:41.233379840
2374.2,1,08:22:41.312811119
2374.2,3,08:22:41.613119563
2374.3,1,08:22:42.178547948
2374.3,1,08:22:42.178632501
2374.3,1,08:22:42.179323734
2374.2,2,08:22:42.306317575
2374.2,1,08:22:42.309969276
2374.1,2,08:22:42.653845291
2374.0,1,08:22:42.687632071
2374.1,1,08:22:42.769954640
2374.1,1,08:22:42.992672294
2374.0,3,08:22:43.351884278
2374.0,2,08:22:43.351915895
2374.1,2,08:22:43.786571688
2374.1,1,08:22:43.787168339
2374.1,1,08:22:43.787797229
2374.0,3,08:22:44.414349304
2374.0,3,08:22:44.957586538
2374.0,1,08:22:45.029466833
2374.0,1,08:22:45.449469076
2373.9,2,08:22:45.809351754
2374.0,1,08:22:45.834193277
2374.1,1,08:22:45.934802906
2374.1,1,08:22:45.935015130
2374.1,1,08:22:45.935280922
2374.1,1,08:22:45.972404808
2374.1,1,08:22:46.009487865
2374.2,1,08:22:46.038413654
2374.2,2,08:22:46.051474439
2374.2,6,08:22:46.051527486
2374.3,13,08:22:46.103567904
2374.3,2,08:22:46.103621370
2374.3,1,08:22:46.103647895
2374.3,3,08:22:46.103736662
2374.3,1,08:22:46.104704336
2374.3,4,08:22:46.118209775
2374.3,1,08:22:46.219011299
2374.3,1,08:22:46.219403963
2374.2,1,08:22:46.235527411
2374.2,1,08:22:46.241829768
2374.4,1,08:22:46.715221797
2374.4,1,08:22:46.715487144
2374.5,1,08:22:47.781510507
2374.5,1,08:22:47.781517711
2374.6,3,08:22:47.911408904
2374.6,1,08:22:47.911421301
2374.6,2,08:22:47.912177985
2374.5,2,08:22:48.325663930
2374.4,1,08:22:48.327189829
2374.4,1,08:22:48.327453450
2374.5,1,08:22:48.350271033
2374.5,1,08:22:48.980172675
2374.5,1,08:22:49.030326629
2374.5,2,08:22:49.123140278
2374.4,1,08:22:49.277782873
2374.5,1,08:22:49.367557760
2374.5,1,08:22:49.367766020
2374.5,1,08:22:49.376364263
2374.4,1,08:22:49.417394203
2374.4,1,08:22:49.417619875
2374.6,1,08:22:50.590592305
2374.5,5,08:22:50.608828324
2374.6,4,08:22:50.608828324
2374.4,1,08:22:50.608828324
2374.5,2,08:22:50.739677014
2374.6,1,08:22:51.252067914
2374.6,1,08:22:51.252996406
2374.6,1,08:22:51.628289822
2374.7,6,08:22:51.855600677
2374.7,1,08:22:51.855909749
2374.7,1,08:22:51.930769174
2374.7,1,08:22:52.045393500
2374.6,1,08:22:52.120018079
2374.6,1,08:22:52.120481487
2374.4,1,08:22:52.784971091
2374.5,1,08:22:52.784971091
2374.6,2,08:22:52.937339343
2374.7,1,08:22:52.938377798
2374.6,3,08:22:53.145986711
2374.6,4,08:22:53.146322919
2374.6,2,08:22:53.146350056
2374.6,2,08:22:53.146840814
2374.6,1,08:22:54.260748641
2374.8,2,08:22:54.452933160
2374.8,1,08:22:54.452949788
2374.8,2,08:22:54.453220408
2375.0,10,08:22:54.793588103
2374.9,10,08:22:54.793588103
2375.0,1,08:22:54.793606983
2375.0,1,08:22:54.793915786
2375.0,1,08:22:54.834644206
2374.9,1,08:22:55.021366179
2375.0,1,08:22:55.214783131
2375.0,3,08:22:55.599060429
2375.0,2,08:22:55.603233904
2374.9,2,08:22:56.203628578
2374.7,2,08:22:56.463075474
2374.7,1,08:22:56.862471914
2374.8,1,08:22:57.122566133
2374.7,1,08:22:58.150065077
2374.7,1,08:22:58.151010433
2374.8,3,08:22:59.177663645
2374.8,1,08:22:59.178163972
2374.9,1,08:22:59.782109041
2374.8,1,08:22:59.802124970
2374.8,2,08:23:00.081953610
2374.8,1,08:23:00.225719166
2374.8,1,08:23:00.225964707
2374.9,1,08:23:00.340293303
2374.9,2,08:23:00.784371251
2374.9,1,08:23:00.784654526
2374.8,3,08:23:00.784771728
2374.9,1,08:23:00.785471132
2374.8,1,08:23:01.232632172
2374.8,1,08:23:01.271746592
2374.9,1,08:23:01.271746592
2374.7,4,08:23:01.395087930
2374.7,1,08:23:01.395573582
2374.8,1,08:23:02.185801738
2374.9,1,08:23:02.185969534
2374.8,2,08:23:02.229983843
2374.9,1,08:23:02.619965138
2374.9,1,08:23:02.620229169
2374.9,1,08:23:02.642021444
2374.9,1,08:23:03.119786124
2374.9,1,08:23:03.120367963
2374.8,1,08:23:03.205770075
2374.8,1,08:23:03.248824308
2374.7,1,08:23:03.570768907
2374.8,1,08:23:03.680619438
2374.8,2,08:23:03.933863631
2374.8,1,08:23:04.615258152
2374.7,2,08:23:04.844686055
2374.7,2,08:23:05.122335316
2374.8,1,08:23:05.584771217
2374.7,1,08:23:05.596719163
2374.6,1,08:23:05.611971617
2374.6,2,08:23:05.612573623
2374.6,1,08:23:05.612630238
2374.7,1,08:23:06.450421505
2374.5,1,08:23:06.475332202
2374.5,1,08:23:06.475710878
2374.6,1,08:23:06.942871432
2374.6,1,08:23:06.943430020
2374.6,2,08:23:07.044112282
2374.7,1,08:23:07.535631227
2374.7,3,08:23:07.535867424
2374.7,1,08:23:07.536584484
2374.7,1,08:23:07.537125090
2374.6,1,08:23:08.654943988
2374.5,3,08:23:08.662468830
2374.5,3,08:23:08.666512615
2374.5,1,08:23:08.748857314
2374.5,1,08:23:08.749294712
2374.6,1,08:23:08.866192519
2374.7,1,08:23:09.329581559
2374.7,1,08:23:09.329848521
2374.8,1,08:23:09.403334771
2374.8,1,08:23:10.473291788
2374.8,2,08:23:11.432525209
2374.8,5,08:23:11.432878716
2374.8,1,08:23:11.433941010
2374.7,1,08:23:11.991548368
2374.8,1,08:23:12.235663001
2374.7,2,08:23:12.733506445
2374.8,1,08:23:14.312787550
2374.6,1,08:23:14.371118603
2374.5,4,08:23:14.422614412
2374.5,2,08:23:14.423672709
2374.5,1,08:23:14.551652469
2374.4,1,08:23:14.561756820
2374.3,3,08:23:14.562819091
2374.4,1,08:23:14.700764180
2374.4,1,08:23:14.700856350
2374.4,1,08:23:14.715847207
2374.3,2,08:23:14.790678863
2374.3,1,08:23:14.790816936
2374.2,3,08:23:14.792156397
2374.2,1,08:23:14.793358402
2374.2,3,08:23:14.793606605
2374.2,2,08:23:14.794165576
2374.3,1,08:23:14.850107707
2374.3,1,08:23:14.850469417
2374.3,3,08:23:15.053836146
2374.4,1,08:23:15.142478417
2374.4,1,08:23:15.142802113
2374.5,3,08:23:15.148131752
2374.6,1,08:23:15.195062588
2374.6,2,08:23:15.198409318
2374.6,3,08:23:15.198721862
2374.6,1,08:23:15.198839006
2374.6,2,08:23:15.965679159
2374.6,1,08:23:16.422202518
2374.6,1,08:23:16.422533359
2374.5,4,08:23:16.428072469
2374.5,1,08:23:16.429823109
2374.6,1,08:23:16.799538767
2374.5,1,08:23:17.007104364
2374.4,1,08:23:17.889934365
2374.4,1,08:23:17.891482621
2374.3,1,08:23:17.953244452
2374.3,1,08:23:18.108064091
2374.4,1,08:23:18.129504980
2374.4,1,08:23:18.129766828
2374.3,1,08:23:18.874734319
2374.5,1,08:23:19.485253523
2374.5,1,08:23:20.801192104
2374.5,1,08:23:21.714140396
2374.5,2,08:23:21.790312973
2374.6,10,08:23:21.790312973
2374.6,1,08:23:21.791074544
2374.6,1,08:23:21.791105914
2374.6,1,08:23:21.791137972
2374.6,1,08:23:21.791205173
2374.6,1,08:23:21.791232784
2374.6,1,08:23:21.791421060
2374.6,1,08:23:21.791888675
2374.6,1,08:23:21.792064324
2374.4,1,08:23:21.831334186
2374.4,2,08:23:21.882322538
2374.5,1,08:23:22.122544185
2374.7,1,08:23:22.184483407
2374.7,1,08:23:22.247691438
2374.9,2,08:23:22.658262440
2374.7,1,08:23:22.677526325
2374.6,2,08:23:22.679307142
2374.6,1,08:23:22.679423375
2374.6,1,08:23:22.679462478
2374.7,1,08:23:22.683200807
2374.6,1,08:23:22.692857431
2374.6,1,08:23:23.229276247
2374.5,1,08:23:23.813834387
2374.6,3,08:23:24.442163211
2374.7,1,08:23:24.572894928
2374.7,1,08:23:24.577486688
2374.7,1,08:23:24.641313627
2374.6,3,08:23:25.686040828
2374.6,1,08:23:25.686874143
2374.5,1,08:23:25.762259831
2374.5,1,08:23:25.762380816
2374.4,3,08:23:25.762380816
2374.4,1,08:23:25.763282072
2374.6,3,08:23:25.878571405
2374.7,1,08:23:25.891448465
2374.6,2,08:23:26.156818945
2374.7,1,08:23:26.174279000
2374.6,1,08:23:26.261699916
2374.7,1,08:23:26.262622321
2374.6,1,08:23:26.439723034
2374.6,2,08:23:26.440055380
2374.6,1,08:23:27.186994496
2374.6,1,08:23:27.187261618
2374.6,1,08:23:27.187549317
2374.5,1,08:23:27.198406061
2374.6,1,08:23:28.285787034
2374.6,1,08:23:28.286243930
2374.7,1,08:23:28.484993337
2374.7,1,08:23:28.485260142
2374.7,1,08:23:28.493652919
2374.7,2,08:23:29.975791327
2374.6,5,08:23:29.976420769
2374.7,1,08:23:29.979338107
2374.7,1,08:23:29.979960342
2374.6,1,08:23:30.029486695
2374.7,1,08:23:30.041458588
2374.7,3,08:23:30.067818913
2374.7,2,08:23:30.068379962
2374.7,1,08:23:30.450268321
2374.7,1,08:23:31.188078356
2374.7,2,08:23:31.743246000
2374.7,1,08:23:31.743627953
2374.8,1,08:23:31.898476301
2374.9,4,08:23:32.110284678
2374.9,1,08:23:32.110625859
2374.7,2,08:23:32.118238939
2374.8,1,08:23:32.197237707
2374.7,3,08:23:32.255688193
2374.7,12,08:23:32.256341874
2374.6,2,08:23:32.257825958
2374.7,1,08:23:33.388277231
2374.8,1,08:23:33.421154245
2374.7,1,08:23:33.478413678
2374.8,2,08:23:33.539137604
2374.8,1,08:23:34.560860479
2374.7,2,08:23:34.561669642
2374.8,1,08:23:34.655745022
2374.7,4,08:23:35.874808669
2374.7,2,08:23:36.116863958
2374.7,1,08:23:36.116912813
2374.7,1,08:23:36.117654969
2374.7,1,08:23:36.118164336
2374.7,1,08:23:36.424070149
2374.7,1,08:23:36.425197948
2374.8,1,08:23:36.430152348
2374.7,1,08:23:37.351907333
2374.7,1,08:23:37.352188977
2374.7,1,08:23:37.586643404
2374.6,2,08:23:37.844034642
2374.6,1,08:23:37.844563138
2374.6,2,08:23:37.844591046
2374.6,1,08:23:38.130965389
2374.6,1,08:23:40.768486131
2374.6,1,08:23:41.165507915
2374.5,1,08:23:41.319247322
2374.5,1,08:23:41.319705082
2374.5,1,08:23:41.319753412
2374.4,1,08:23:41.344634163
2374.5,1,08:23:41.916335123
2374.5,1,08:23:41.916617523
2374.5,1,08:23:41.916891682
2374.5,1,08:23:41.916928105
2374.5,1,08:23:41.916957459
2374.6,1,08:23:41.917798071
2374.5,1,08:23:42.225411214
2374.6,1,08:23:42.337890141
2374.5,3,08:23:42.522222928
2374.5,1,08:23:42.522446862
2374.5,1,08:23:42.522663391
2374.5,1,08:23:42.522736404
2374.5,1,08:23:42.522877668
2374.5,1,08:23:42.523054759
2374.5,1,08:23:42.523098930
2374.5,1,08:23:42.523447548
2374.5,3,08:23:42.523490807
2374.5,2,08:23:43.207658231
2374.5,1,08:23:43.208009147
2374.5,1,08:23:43.213530480
2374.5,1,08:23:43.213621087
2374.4,3,08:23:43.213792952
2374.4,2,08:23:43.213930335
2374.3,1,08:23:43.218079409
2374.4,3,08:23:44.415533023
2374.5,2,08:23:44.422900318
2374.4,1,08:23:44.423364075
2374.5,1,08:23:45.592909748
2374.3,1,08:23:45.825772660
2374.4,1,08:23:45.825772660
2374.3,1,08:23:46.259672635
2374.3,2,08:23:46.260015881
2374.4,1,08:23:46.260074771
2374.4,1,08:23:47.567624628
2374.2,2,08:23:47.570273027
2374.2,1,08:23:47.595665311
2374.2,1,08:23:47.595948561
2374.3,1,08:23:49.831570900
2374.2,1,08:23:49.831753796
2374.3,1,08:23:50.634446266
2374.3,1,08:23:51.231752768
2374.3,2,08:23:51.936475819
2374.3,1,08:23:52.066083662
2374.3,1,08:23:52.274013362
2374.1,2,08:23:53.122644291
2374.1,2,08:23:53.122842810
2374.1,3,08:23:53.123000429
2374.1,1,08:23:53.943821285
2374.2,1,08:23:53.957143928
2374.2,1,08:23:53.957398250
2374.2,1,08:23:53.978197514
2374.1,1,08:23:54.364046867
2374.2,1,08:23:54.364405415
2374.2,1,08:23:54.364945532
2374.2,2,08:23:55.464639008
2374.3,5,08:23:55.499419705
2374.1,1,08:23:58.243214198
2374.1,1,08:23:58.243696022
2374.2,1,08:23:58.243842976
2374.2,1,08:23:58.676167157
2374.2,1,08:23:58.677741963
2374.1,1,08:23:59.514388507
2374.2,1,08:24:00.072497813
2374.0,1,08:24:00.321425689
2374.0,3,08:24:00.351941798
2374.0,5,08:24:00.352344520
2373.8,3,08:24:01.347538793
2373.7,2,08:24:01.356673057
2373.6,1,08:24:01.487088718
2373.6,2,08:24:01.488723196
2373.6,1,08:24:01.489524561
2373.9,10,08:24:01.806647771
2373.7,7,08:24:01.806647771
2373.8,8,08:24:01.806647771
2373.9,1,08:24:01.821709573
2373.9,2,08:24:01.821953078
2373.9,4,08:24:01.865742547
2373.8,3,08:24:02.160837062
2373.8,3,08:24:02.161313766
2373.8,1,08:24:02.267416289
2373.8,4,08:24:02.792251749
2373.5,3,08:24:04.006857498
2373.5,1,08:24:04.006873819
2373.5,2,08:24:04.007003428
2373.5,13,08:24:04.007195384
2373.5,2,08:24:04.007792394
2373.5,32,08:24:04.007872984
2373.4,5,08:24:04.008872480
2373.3,1,08:24:04.010035495
2373.3,3,08:24:04.010847303
2373.3,1,08:24:04.019488249
2373.3,1,08:24:04.029979174
2373.2,4,08:24:04.034228776
2373.3,9,08:24:04.035507233
2373.4,1,08:24:04.035507233
2373.2,5,08:24:04.054391681
2373.3,1,08:24:04.075544242
2373.3,1,08:24:04.075664318
2373.4,1,08:24:04.076658837
2373.5,2,08:24:04.092058063
2373.5,1,08:24:04.124322559
2373.4,1,08:24:04.215085947
2373.4,1,08:24:04.228663844
2373.5,1,08:24:04.303730306
2373.6,5,08:24:04.598765028
2373.7,4,08:24:04.598765028
2373.6,1,08:24:04.616674759
2373.4,2,08:24:05.560224366
2373.3,1,08:24:05.692008999
2373.4,1,08:24:05.815657922
2373.4,1,08:24:05.816130862
2373.5,3,08:24:07.306196022
2373.4,1,08:24:07.306683853
2373.5,1,08:24:07.306864410
2373.4,1,08:24:07.306918322
2373.4,1,08:24:07.307297091
2373.3,1,08:24:07.485478187
2373.2,1,08:24:08.110991714
2373.1,4,08:24:08.384521559
2373.2,6,08:24:08.384521559
2373.1,5,08:24:08.489775025
2373.1,1,08:24:08.491708229
2373.2,1,08:24:08.557336385
2373.2,2,08:24:08.557702953
2373.2,3,08:24:08.557804814
2373.2,2,08:24:08.558863357
2373.1,1,08:24:08.595955108
2373.2,2,08:24:08.638687849
2373.3,4,08:24:08.638687849
2373.2,1,08:24:08.812857857
2373.1,1,08:24:08.818076173
2373.2,1,08:24:09.257734243
2373.1,1,08:24:09.351866537
2373.1,1,08:24:09.352301198
2373.0,1,08:24:09.371790426
2372.8,6,08:24:09.371802435
2373.0,14,08:24:09.371802435
2372.9,5,08:24:09.371802435
2373.0,6,08:24:09.386292321
2372.8,2,08:24:09.386393024
2372.9,1,08:24:09.387374227
2372.9,1,08:24:09.392266835
2372.8,1,08:24:09.869965248
2373.0,8,08:24:10.321578283
2373.1,2,08:24:10.321578283
2373.0,1,08:24:10.322956631
2372.9,3,08:24:10.609932642
2373.0,4,08:24:10.611200210
2373.0,1,08:24:10.612450364
2373.1,3,08:24:10.629941077
2373.2,2,08:24:10.631445677
2373.3,4,08:24:10.901524070
2373.3,1,08:24:10.901872759
2373.4,4,08:24:11.145718504
2373.4,7,08:24:11.146124612
2373.4,2,08:24:11.146206575
2373.5,1,08:24:11.180631329
2373.5,2,08:24:11.180992354
2373.6,1,08:24:11.183225151
2373.6,1,08:24:11.281601819
2373.6,1,08:24:11.324125082
2373.6,1,08:24:11.615249436
2373.7,1,08:24:11.806208895
2373.6,3,08:24:11.963139460
2373.7,3,08:24:11.963139460
2373.7,1,08:24:11.964188457
2373.7,1,08:24:11.964427617
2373.8,1,08:24:11.977078467
2373.8,1,08:24:11.977285969
2373.8,1,08:24:11.977485250
2373.7,1,08:24:12.003669186
2373.6,2,08:24:12.262306534
2373.6,1,08:24:12.274876410
2373.6,1,08:24:12.345064074
2373.6,1,08:24:12.345331814
2373.7,1,08:24:12.405358096
2373.7,1,08:24:12.674227636
2373.6,1,08:24:12.740746347
2373.8,1,08:24:12.798679154
2373.8,2,08:24:12.798718940
2373.9,1,08:24:12.886712149
2373.9,1,08:24:12.888283687
2373.9,2,08:24:12.888477970
2374.0,1,08:24:12.889917128
2374.0,1,08:24:12.902378660
2374.0,1,08:24:12.922424594
2373.9,4,08:24:13.054060685
2373.8,1,08:24:13.054594203
2373.8,1,08:24:13.054651337
2373.7,4,08:24:13.056421707
2373.8,2,08:24:13.056421707
2373.7,1,08:24:13.056457494
2373.8,1,08:24:13.139490536
2373.9,1,08:24:13.154730827
2373.8,1,08:24:13.274733759
2373.8,1,08:24:13.594435884
2373.7,3,08:24:13.737203164
2373.7,1,08:24:13.737305483
2373.7,1,08:24:14.739361401
2373.6,3,08:24:14.739799943
2373.7,1,08:24:14.740932603
2373.9,4,08:24:15.135415881
2373.8,2,08:24:15.250220761
2373.8,1,08:24:15.250262041
2373.8,1,08:24:15.250294961
2373.9,1,08:24:15.268713056
2373.9,1,08:24:15.269439878
2374.0,1,08:24:15.302301676
2374.0,3,08:24:15.302337999
2374.0,1,08:24:15.493197449
2373.8,1,08:24:15.597907405
2374.1,9,08:24:15.873365015
2374.2,7,08:24:15.873365015
2374.1,1,08:24:15.874806484
2374.3,14,08:24:15.875870941
2374.2,4,08:24:15.875870941
2374.4,3,08:24:15.875870941
2374.3,1,08:24:15.880958810
2374.2,2,08:24:16.003010200
2374.2,1,08:24:16.317451527
2374.1,2,08:24:17.276260078
2374.1,2,08:24:17.276309711
2374.0,1,08:24:17.278034197
2374.0,2,08:24:17.278394333
2374.0,1,08:24:17.278593978
2374.0,4,08:24:17.279032320
2374.0,1,08:24:17.279298229
2374.0,1,08:24:17.279339532
2374.1,2,08:24:17.279944316
2374.1,1,08:24:17.280225761
2373.9,1,08:24:17.321561516
2374.1,1,08:24:17.408562173
2374.1,2,08:24:17.699529242
2373.9,4,08:24:17.700774553
2374.0,1,08:24:17.724813646
2374.1,1,08:24:17.760533618
2374.1,2,08:24:17.768757394
2374.1,3,08:24:17.768979440
2374.1,1,08:24:17.769055527
2374.1,1,08:24:17.786286313
2374.1,1,08:24:18.282700909
2374.0,4,08:24:18.448286841
2374.0,3,08:24:18.448542936
2374.1,1,08:24:18.697072910
2374.1,1,08:24:19.265286514
2374.2,1,08:24:19.526911645
2374.1,1,08:24:21.220039579
2374.2,1,08:24:21.344251817
2374.2,1,08:24:21.344549253
2374.0,2,08:24:21.941331968
2374.0,2,08:24:22.329705553
2373.9,4,08:24:22.463982205
2373.8,1,08:24:22.463994832
2373.8,1,08:24:22.661734817
2373.8,2,08:24:22.662037831
2373.9,1,08:24:22.758580768
2373.8,1,08:24:23.020956240
2373.7,1,08:24:23.403025460
2373.8,1,08:24:23.403542472
2373.8,1,08:24:23.403842526
2374.0,1,08:24:23.796556980
2373.9,1,08:24:23.796718727
2374.0,2,08:24:23.800219035
2374.1,1,08:24:23.833695959
2374.0,3,08:24:25.052257290
2374.0,10,08:24:25.614340336
2374.0,1,08:24:25.685149449
2374.0,1,08:24:26.096724773
2374.1,3,08:24:26.474917072
2374.1,1,08:24:27.469925468
2374.0,1,08:24:28.693550025
2374.0,1,08:24:28.697422573
2374.1,1,08:24:28.697498293
2374.0,1,08:24:28.697498293
2374.1,1,08:24:28.699396600
2374.0,1,08:24:28.699644119
2374.0,1,08:24:28.706454455
2374.0,1,08:24:28.795176591
2373.9,1,08:24:28.869348341
2374.0,2,08:24:28.924597150
2373.9,1,08:24:28.924597150
2373.8,1,08:24:28.926350964
2373.7,2,08:24:29.227724587
2373.6,5,08:24:29.228117884
2373.6,2,08:24:29.229163218
2373.5,1,08:24:29.239881981
2373.5,1,08:24:29.240165628
2373.5,1,08:24:29.240359958
2373.5,1,08:24:29.435543951
2373.6,1,08:24:29.517363007
2373.5,1,08:24:29.518261168
2373.4,1,08:24:29.803476770
2373.5,2,08:24:29.961764701
2373.6,1,08:24:30.210044397
2373.5,1,08:24:30.210354464
2373.6,1,08:24:30.214228716
2373.5,1,08:24:31.334765513
2373.4,7,08:24:31.526185153
2373.4,1,08:24:31.526701211
2373.3,1,08:24:32.586628382
2373.4,1,08:24:32.587165753
