price,volume,timestamp
5243.0,5,08:45:43.002692304
5243.25,1,08:45:43.003698030
5243.25,1,08:45:43.003877627
5243.25,1,08:45:43.003904815
5243.25,2,08:45:43.004061471
5243.25,1,08:45:43.004094073
5243.25,2,08:45:43.004136656
5243.25,17,08:45:43.004394649
5243.25,1,08:45:43.004520831
5243.25,11,08:45:43.005974879
5243.25,2,08:45:43.006700648
5243.25,4,08:45:43.007794711
5243.25,2,08:45:43.008031747
5243.25,1,08:45:43.008793595
5243.25,1,08:45:43.008823231
5243.25,1,08:45:43.008967404
5243.25,2,08:45:43.009025376
5243.25,1,08:45:43.009275832
5243.25,1,08:45:43.010109152
5243.25,7,08:45:43.012000726
5243.25,1,08:45:43.012198298
5243.25,3,08:45:43.012308726
5243.25,1,08:45:43.012308726
5243.25,1,08:45:43.012349181
5243.25,1,08:45:43.012564529
5243.25,1,08:45:43.012630053
5243.25,3,08:45:43.012707092
5243.25,1,08:45:43.012759454
5243.25,1,08:45:43.012959088
5243.25,2,08:45:43.013171159
5243.0,2,08:45:43.013300870
5243.0,3,08:45:43.013607677
5243.0,2,08:45:43.015333686
5243.25,11,08:45:43.017138291
5243.25,4,08:45:43.020156602
5243.25,4,08:45:43.020200553
5243.25,3,08:45:43.020431648
5243.25,1,08:45:43.023268173
5243.25,6,08:45:43.024334612
5243.25,2,08:45:43.024373350
5243.25,1,08:45:43.029593805
5243.25,5,08:45:43.030029128
5243.0,11,08:45:43.030532617
5243.25,2,08:45:43.030532617
5243.0,2,08:45:43.031670115
5243.25,2,08:45:43.033195029
5243.0,1,08:45:43.033254282
5243.25,5,08:45:43.033434983
5243.25,1,08:45:43.033753655
5243.25,2,08:45:43.034115179
5243.25,4,08:45:43.035561221
5243.25,2,08:45:43.036510376
5243.25,1,08:45:43.036684341
5243.25,2,08:45:43.037840931
5243.25,1,08:45:43.037996627
5243.25,4,08:45:43.039952999
5243.25,1,08:45:43.040031977
5243.25,1,08:45:43.040135335
5243.25,1,08:45:43.040209177
5243.25,3,08:45:43.044310633
5243.25,2,08:45:43.045456301
5243.25,1,08:45:43.046195935
5243.5,1,08:45:43.048275174
5243.5,1,08:45:43.048287929
5243.5,1,08:45:43.048747023
5243.5,12,08:45:43.050026467
5243.5,1,08:45:43.050823593
5243.5,1,08:45:43.050850324
5243.5,1,08:45:43.051062433
5243.25,2,08:45:43.057921385
5243.25,3,08:45:43.058690789
5243.25,3,08:45:43.059232931
5243.25,9,08:45:43.059500982
5243.25,1,08:45:43.059576432
5243.0,2,08:45:43.060512886
5243.0,9,08:45:43.062272055
5243.0,2,08:45:43.067635831
5243.25,1,08:45:43.074675458
5243.0,8,08:45:43.129819736
5243.0,9,08:45:43.129976469
5243.0,1,08:45:43.130005656
5243.0,2,08:45:43.130039488
5243.0,2,08:45:43.130141317
5243.0,1,08:45:43.130160255
5243.0,58,08:45:43.130242302
5243.0,11,08:45:43.130268811
5243.0,1,08:45:43.130324406
5243.0,11,08:45:43.130435170
5243.0,1,08:45:43.130485081
5243.0,76,08:45:43.130507091
5243.0,10,08:45:43.130571757
5243.0,2,08:45:43.130571757
5243.0,1,08:45:43.130628512
5243.0,2,08:45:43.130628512
5243.0,2,08:45:43.130708509
5243.0,1,08:45:43.130799769
5243.0,2,08:45:43.130892593
5243.0,1,08:45:43.130892593
5243.0,1,08:45:43.131181585
5243.0,1,08:45:43.131219032
5243.25,1,08:45:43.203504672
5243.25,1,08:45:43.225555802
5243.0,20,08:45:43.340830515
5243.0,1,08:45:43.341104651
5243.0,1,08:45:43.341140876
5243.0,1,08:45:43.341390920
5243.25,1,08:45:43.353708717
5243.0,2,08:45:43.408078577
5243.0,1,08:45:43.408226858
5243.0,123,08:45:43.408267298
5243.0,1,08:45:43.408286437
5243.0,1,08:45:43.408342864
5243.0,2,08:45:43.408415483
5243.0,1,08:45:43.408447881
5243.0,1,08:45:43.408522788
5243.0,2,08:45:43.408575007
5243.0,1,08:45:43.408575007
5243.0,3,08:45:43.408599272
5243.0,1,08:45:43.408645264
5243.0,2,08:45:43.408690433
5243.0,3,08:45:43.408736994
5243.0,1,08:45:43.408803350
5243.0,22,08:45:43.408858561
5243.0,1,08:45:43.408858561
5243.0,1,08:45:43.408888363
5243.0,1,08:45:43.408946374
5243.0,2,08:45:43.408980509
5243.0,5,08:45:43.409015396
5243.0,1,08:45:43.409036852
5243.0,3,08:45:43.409087471
5243.0,1,08:45:43.409154641
5243.0,3,08:45:43.409192337
5243.0,2,08:45:43.409225180
5243.25,2,08:45:43.409281382
5243.0,1,08:45:43.431948727
5243.0,7,08:45:43.568873401
5243.0,6,08:45:43.569048725
5243.0,1,08:45:43.569110605
5243.0,1,08:45:43.569303563
5243.25,3,08:45:44.016181154
5243.0,1,08:45:44.021480752
5243.25,1,08:45:44.053136934
5243.0,1,08:45:44.059773094
5243.25,1,08:45:44.154508352
5243.0,3,08:45:44.154741579
5243.0,1,08:45:44.518182323
5243.0,6,08:45:44.535864081
5243.0,1,08:45:44.536069311
5243.0,2,08:45:44.666707861
5243.0,1,08:45:44.667965163
5243.0,1,08:45:44.668004057
5243.0,2,08:45:44.668673831
5243.0,1,08:45:44.668698641
5243.0,1,08:45:44.668743675
5243.0,2,08:45:44.668795292
5243.0,1,08:45:44.668835517
5243.0,1,08:45:44.668935490
5243.0,1,08:45:44.669001437
5243.0,2,08:45:44.669089903
5243.0,1,08:45:44.669875445
5243.0,1,08:45:44.670032693
5243.0,1,08:45:44.670220998
5243.0,1,08:45:44.704197457
5243.0,5,08:45:44.740437638
5243.0,2,08:45:44.741234727
5243.0,2,08:45:44.741280698
5243.0,3,08:45:44.741353241
5243.0,1,08:45:44.741438055
5243.0,1,08:45:44.742152950
5243.0,1,08:45:44.768031815
5243.0,1,08:45:44.768326221
5243.0,1,08:45:44.768534667
5243.0,1,08:45:44.864012878
5243.0,1,08:45:44.869726734
5243.0,1,08:45:44.870063775
5243.0,1,08:45:44.870103510
5243.0,1,08:45:44.870242559
5242.25,30,08:45:44.967981291
5242.75,32,08:45:44.967981291
5242.5,31,08:45:44.967981291
5243.0,7,08:45:44.967981291
5242.75,1,08:45:44.969040894
5242.5,1,08:45:44.969796637
5242.75,14,08:45:44.970100765
5242.75,2,08:45:44.970269617
5242.75,1,08:45:44.970304119
5242.75,1,08:45:44.970360098
5242.75,1,08:45:44.970421052
5242.75,1,08:45:44.970467710
5242.75,1,08:45:44.970555702
5242.75,1,08:45:44.970730890
5242.75,1,08:45:44.970759383
5242.75,8,08:45:44.973483122
5242.75,1,08:45:44.973819692
5242.75,1,08:45:44.973898016
5242.75,3,08:45:44.974725565
5242.75,1,08:45:44.975040807
5242.75,1,08:45:44.975075320
5242.75,2,08:45:44.975278953
5242.75,2,08:45:44.975315443
5242.75,1,08:45:44.975563825
5243.0,6,08:45:44.987683671
5243.0,1,08:45:44.987876913
5243.0,5,08:45:44.988015962
5243.0,1,08:45:44.988045371
5243.0,2,08:45:44.988159098
5243.0,1,08:45:44.988196683
5243.0,1,08:45:44.988372510
5243.0,1,08:45:44.988462311
5243.0,2,08:45:44.989038758
5243.0,2,08:45:44.995171691
5243.0,2,08:45:45.438879651
5243.0,6,08:45:45.715344467
5243.0,1,08:45:45.715364682
5243.0,2,08:45:45.715500243
5242.75,2,08:45:45.820525095
5243.0,1,08:45:46.005641789
5242.75,2,08:45:46.005855422
5242.75,1,08:45:46.006236041
5242.75,2,08:45:46.006352299
5243.0,13,08:45:46.039593355
5243.0,1,08:45:46.039767746
5242.75,2,08:45:46.293007308
5242.75,4,08:45:46.293241609
5242.75,4,08:45:46.425206628
5242.75,4,08:45:46.425751125
5242.75,1,08:45:46.425912319
5242.75,1,08:45:46.425942294
5242.75,5,08:45:46.613427548
5242.75,7,08:45:47.264053995
5242.75,15,08:45:47.661403816
5242.75,2,08:45:47.662686024
5242.5,5,08:45:47.793984575
5242.75,1,08:45:48.145388402
5242.75,1,08:45:48.260174664
5242.75,1,08:45:48.273849318
5242.75,2,08:45:48.273915054
5242.75,1,08:45:48.274030006
5242.75,1,08:45:48.274061859
5242.75,1,08:45:48.274157548
5242.75,1,08:45:48.274222692
5242.75,2,08:45:48.274257096
5242.75,2,08:45:48.274472761
5242.75,2,08:45:48.274657245
5242.75,2,08:45:48.274696720
5242.75,1,08:45:48.274735368
5242.75,1,08:45:48.274865796
5242.75,1,08:45:48.275083394
5243.0,2,08:45:48.735454746
5243.0,1,08:45:48.735468122
5243.0,2,08:45:48.735619079
5243.0,5,08:45:48.735673521
5243.25,7,08:45:49.111467330
5243.25,1,08:45:49.112115622
5243.25,1,08:45:49.115669783
5243.25,1,08:45:49.115712727
5243.25,2,08:45:49.116557811
5243.25,5,08:45:49.116626096
5243.25,1,08:45:49.117494841
5243.25,2,08:45:49.124896063
5243.0,24,08:45:49.248489968
5243.25,2,08:45:49.536187889
5243.25,2,08:45:49.536257132
5243.25,5,08:45:49.536427493
5243.25,2,08:45:49.547459169
5243.25,1,08:45:49.547650607
5243.25,1,08:45:49.547686598
5243.25,4,08:45:49.548916588
5243.25,3,08:45:49.556738038
5243.0,2,08:45:49.784817293
5243.0,1,08:45:50.134717277
5243.25,1,08:45:50.208885201
5243.25,7,08:45:50.209750754
5243.25,5,08:45:50.209815466
5243.25,6,08:45:50.320860613
5243.5,2,08:45:50.453875690
5243.5,1,08:45:50.454073496
5243.5,1,08:45:50.454118120
5243.5,1,08:45:50.454530945
5243.5,1,08:45:50.454628518
5243.5,1,08:45:50.454667446
5243.5,1,08:45:50.454809872
5243.25,2,08:45:50.490307196
5243.5,7,08:45:50.599968356
5243.75,5,08:45:50.599968356
5243.75,1,08:45:50.599983893
5243.75,9,08:45:50.778490689
5243.75,1,08:45:50.903782009
5244.0,1,08:45:51.031712477
5244.0,1,08:45:51.033438515
5244.0,1,08:45:51.058006032
5244.0,1,08:45:51.069029477
5244.0,1,08:45:51.079234429
5243.75,1,08:45:51.118006627
5243.75,3,08:45:51.118176147
5243.75,1,08:45:51.118209511
5243.75,2,08:45:51.118258491
5243.75,2,08:45:51.120575578
5243.75,4,08:45:51.120852233
5243.75,2,08:45:51.120921384
5243.75,1,08:45:51.121025341
5243.75,1,08:45:51.121066609
5243.75,2,08:45:51.121195171
5243.75,8,08:45:51.121195171
5243.75,1,08:45:51.121297926
5243.75,1,08:45:51.121403262
5243.75,2,08:45:51.121478054
5243.75,1,08:45:51.121478054
5243.75,3,08:45:51.121517238
5243.75,6,08:45:51.122255804
5243.75,1,08:45:51.122283612
5243.5,1,08:45:51.151675391
5243.75,1,08:45:51.190160520
5243.75,1,08:45:51.203064468
5243.75,1,08:45:51.269919502
5243.75,1,08:45:51.333349901
5243.5,1,08:45:51.333553079
5243.5,3,08:45:51.334332935
5243.25,2,08:45:52.026623302
5243.5,1,08:45:52.407889034
5243.5,8,08:45:52.409383416
5243.5,5,08:45:52.409685851
5243.5,1,08:45:52.409685851
5243.75,1,08:45:52.411290139
5243.75,1,08:45:52.411301231
5243.5,3,08:45:52.411572650
5243.5,3,08:45:52.411754222
5243.25,10,08:45:52.482754963
5243.25,10,08:45:52.618753061
5243.0,1,08:45:52.786127761
5243.0,3,08:45:52.878183322
5243.25,1,08:45:52.939580918
5243.25,1,08:45:53.102549049
5243.5,2,08:45:53.211594461
5243.5,1,08:45:53.211756066
5243.5,3,08:45:53.211837127
5243.5,1,08:45:53.296820348
5243.75,8,08:45:53.531247912
5243.75,2,08:45:53.531459149
5243.75,1,08:45:53.608424374
5243.75,2,08:45:53.608619361
5244.0,1,08:45:53.921132749
5244.0,1,08:45:53.944730326
5243.75,1,08:45:53.962373941
5244.0,1,08:45:53.967622555
5243.75,1,08:45:54.035272636
5243.75,1,08:45:54.118938849
5243.75,1,08:45:54.224177135
5243.75,1,08:45:54.318502843
5243.75,1,08:45:54.388150040
5243.75,3,08:45:54.388410483
5244.0,17,08:45:54.540433790
5244.0,1,08:45:54.601197592
5244.25,6,08:45:54.615674456
5244.25,1,08:45:54.615687692
5244.25,1,08:45:54.615819638
5244.25,1,08:45:54.615874139
5244.25,2,08:45:54.617018437
5244.25,3,08:45:54.617540485
5244.25,1,08:45:54.617686924
5244.25,1,08:45:54.618091358
5244.25,1,08:45:54.618244782
5244.25,3,08:45:54.618506537
5244.25,8,08:45:54.628964140
5244.25,1,08:45:54.664976604
5244.5,1,08:45:54.686616981
5244.25,1,08:45:54.786819369
5244.25,1,08:45:54.949140342
5244.5,1,08:45:55.007476322
5244.25,3,08:45:55.013664386
5244.5,1,08:45:55.082480962
5244.5,5,08:45:55.147454762
5244.25,1,08:45:55.153354853
5244.25,2,08:45:55.163082810
5244.5,1,08:45:55.299007920
5244.25,1,08:45:55.532390137
5244.25,1,08:45:55.532443021
5244.25,2,08:45:55.532464954
5244.25,1,08:45:55.532589875
5244.25,2,08:45:55.532644669
5244.25,1,08:45:55.532688978
5244.25,1,08:45:55.532721740
5244.25,1,08:45:55.532823841
5244.25,1,08:45:55.532855068
5244.25,3,08:45:55.533550601
5244.25,1,08:45:55.619187155
5244.0,2,08:45:56.175679183
5244.0,2,08:45:56.175850252
5244.0,1,08:45:56.175891958
5244.0,1,08:45:56.175947057
5244.0,1,08:45:56.176296171
5244.0,1,08:45:56.176412145
5244.0,4,08:45:56.407649159
5244.0,1,08:45:56.408517709
5243.75,1,08:45:57.686849262
5243.75,1,08:45:57.824094574
5243.75,1,08:45:57.824121378
5243.75,3,08:45:57.824340975
5243.75,1,08:45:57.824491647
5243.75,1,08:45:57.824539104
5243.75,14,08:45:57.825668993
5243.75,1,08:45:57.827142699
5243.75,1,08:45:57.827204067
5243.75,1,08:45:57.828100252
5243.5,1,08:45:57.883521891
5243.5,1,08:45:58.075213025
5243.5,1,08:45:58.144524679
5243.5,2,08:45:58.144715625
5243.5,1,08:45:58.194114880
5243.5,1,08:45:58.194136729
5243.5,1,08:45:58.194309560
5243.5,1,08:45:58.194486546
5243.75,1,08:45:58.593542713
5243.75,1,08:45:58.783292296
5243.75,2,08:45:58.783496659
5243.75,1,08:45:58.783561293
5243.75,1,08:45:58.783766529
5243.75,2,08:45:58.799928693
5243.75,1,08:45:58.829182504
5243.75,1,08:45:59.169241675
5243.75,1,08:45:59.273073414
5243.75,2,08:45:59.510375130
5243.75,2,08:45:59.510459330
5243.75,1,08:45:59.510459330
5243.75,2,08:45:59.510549169
5243.75,1,08:45:59.510549169
5243.75,1,08:45:59.511057231
5243.75,1,08:45:59.511767501
5243.75,6,08:45:59.511976001
5243.75,1,08:45:59.512009541
5243.75,1,08:45:59.520638129
5243.75,2,08:45:59.667826509
5243.5,6,08:46:00.021597720
5243.5,6,08:46:00.397153055
5243.5,2,08:46:00.397252532
5243.5,1,08:46:00.397252532
5243.5,2,08:46:00.596576960
5243.5,2,08:46:00.892205987
5243.25,5,08:46:00.894698757
5243.5,4,08:46:00.961789379
5243.5,1,08:46:01.213113664
5243.5,2,08:46:01.219669701
5243.5,1,08:46:01.219713529
5243.5,1,08:46:01.410814647
5243.25,1,08:46:01.429886273
5243.25,2,08:46:02.450623376
5243.25,3,08:46:02.450891755
5243.25,1,08:46:02.452270942
5243.25,1,08:46:02.453508097
5243.0,1,08:46:02.478992007
5243.25,1,08:46:02.995620485
5243.25,1,08:46:02.995664956
5243.25,2,08:46:02.995664956
5243.25,1,08:46:02.995748564
5243.25,3,08:46:02.995748564
5243.25,1,08:46:02.995834845
5243.25,3,08:46:02.995834845
5243.25,2,08:46:02.995834845
5243.25,2,08:46:02.995936628
5243.25,8,08:46:02.995936628
5243.25,13,08:46:02.995977851
5243.5,7,08:46:02.998258912
5243.25,2,08:46:03.019441674
5243.25,2,08:46:03.019596791
5243.25,1,08:46:03.019632068
5243.25,3,08:46:03.019971649
5243.25,1,08:46:03.020148152
5243.25,1,08:46:03.020386601
5243.25,1,08:46:03.020578122
5243.25,1,08:46:03.020779153
5243.0,1,08:46:03.230994170
5243.0,1,08:46:03.757506451
5243.0,1,08:46:03.757661994
5243.0,1,08:46:03.757812224
5243.0,1,08:46:03.973561158
5243.0,10,08:46:03.973822520
5243.0,2,08:46:04.103503538
5243.0,1,08:46:04.106118996
5243.0,5,08:46:04.106235561
5243.25,6,08:46:04.222561740
5243.0,6,08:46:04.227487831
5243.0,5,08:46:04.817613452
5243.0,9,08:46:04.820072088
5243.0,6,08:46:04.820714997
5243.0,1,08:46:04.821339407
5243.0,1,08:46:04.821479822
5243.0,1,08:46:04.821517042
5243.0,1,08:46:04.821561113
5243.0,2,08:46:04.821798202
5243.0,1,08:46:04.821896563
5243.0,1,08:46:04.822094846
5243.0,2,08:46:05.692852032
5243.0,2,08:46:05.693079195
5243.0,1,08:46:06.156288206
5243.0,1,08:46:06.325129869
5243.0,1,08:46:06.965561025
5243.0,1,08:46:07.156155425
5242.75,1,08:46:07.508794756
5243.0,2,08:46:09.161835458
5243.0,1,08:46:09.162023951
5243.0,1,08:46:09.162087584
5243.0,1,08:46:09.162165730
5243.0,1,08:46:09.162276417
5243.0,2,08:46:09.162276417
5243.0,4,08:46:09.162717347
5243.0,1,08:46:09.162994876
5243.0,1,08:46:09.163476348
5243.0,1,08:46:09.167129379
5242.75,2,08:46:09.267620372
5242.75,2,08:46:09.267678863
5242.75,1,08:46:09.267678863
5242.75,2,08:46:09.267738915
5242.75,3,08:46:09.267785296
5242.75,1,08:46:09.267807524
5242.75,2,08:46:09.267884700
5242.75,22,08:46:09.470413489
5242.75,1,08:46:09.470468649
5242.75,2,08:46:09.470846996
5242.75,1,08:46:09.498504054
5243.0,6,08:46:09.922383481
5243.0,1,08:46:09.922443283
5243.0,2,08:46:09.922546966
5243.0,9,08:46:09.922993372
5243.0,1,08:46:09.923192105
5243.0,1,08:46:09.923271675
5243.0,1,08:46:09.923702528
5243.0,2,08:46:09.923747128
5242.75,11,08:46:09.937459318
5242.75,1,08:46:09.938143758
5242.75,1,08:46:09.938685241
5242.75,1,08:46:09.943739548
5242.75,1,08:46:09.943901330
5242.75,2,08:46:09.943952563
5242.75,1,08:46:09.944039704
5242.75,1,08:46:09.944098656
5242.75,2,08:46:09.944318456
5242.75,1,08:46:09.944539221
5242.75,2,08:46:10.996451055
5242.75,1,08:46:10.996562833
5242.75,2,08:46:10.996562833
5242.75,7,08:46:10.996598607
5242.75,1,08:46:10.996598607
5242.75,4,08:46:10.998197227
5242.5,2,08:46:11.899960053
5242.5,1,08:46:11.899974645
5242.5,3,08:46:11.900058720
5242.5,2,08:46:11.900130856
5242.5,2,08:46:11.900196390
5242.5,1,08:46:11.900196390
5242.5,5,08:46:11.900229550
5242.5,9,08:46:11.900315135
5242.5,1,08:46:11.901338987
5242.5,2,08:46:11.901384456
5242.5,2,08:46:11.901619783
5242.5,1,08:46:11.901661389
5242.5,2,08:46:11.901735104
5242.5,2,08:46:11.902476850
5242.25,1,08:46:12.069274048
5242.5,2,08:46:12.681776624
5242.5,5,08:46:12.683086749
5242.25,1,08:46:13.029638790
5242.25,2,08:46:13.298414046
5242.25,1,08:46:13.298508118
5242.25,2,08:46:13.298612133
5242.25,5,08:46:13.298674755
5242.0,1,08:46:13.565457506
5242.0,1,08:46:13.902367624
5242.0,2,08:46:14.057589409
5242.0,32,08:46:14.242487841
5242.0,2,08:46:14.242522716
5242.0,1,08:46:14.242522716
5241.75,10,08:46:14.360743589
5241.75,1,08:46:14.656592707
5241.75,4,08:46:14.714578257
5241.75,3,08:46:14.714715617
5241.75,1,08:46:14.714746213
5241.75,6,08:46:14.718586473
5241.75,1,08:46:14.718639530
5241.75,1,08:46:14.718785536
5241.75,2,08:46:14.718961303
5241.75,1,08:46:14.719237114
5241.75,3,08:46:14.719285162
5241.75,2,08:46:14.720752418
5241.75,1,08:46:14.720982873
5242.0,1,08:46:14.742899742
5241.75,1,08:46:14.791053733
5241.75,1,08:46:14.791752275
5241.75,1,08:46:14.828219553
5241.75,1,08:46:14.828244712
5241.75,1,08:46:14.828533870
5241.75,1,08:46:14.935554151
5241.75,4,08:46:15.052629388
5241.75,8,08:46:15.436676658
5242.0,7,08:46:16.468368088
5242.0,1,08:46:16.469313467
5242.0,3,08:46:16.469475511
5242.0,1,08:46:16.469581299
5242.25,1,08:46:16.600852543
5241.75,43,08:46:16.947413039
5242.0,15,08:46:16.947413039
5241.75,42,08:46:16.947979549
5241.75,4,08:46:16.948147267
5242.0,1,08:46:17.015612249
5242.0,4,08:46:17.018820320
5242.0,1,08:46:17.021703006
5242.0,1,08:46:17.026568566
5242.0,2,08:46:17.058190029
5242.0,4,08:46:17.062531806
5242.0,2,08:46:17.062770387
5242.0,1,08:46:17.062806269
5242.0,9,08:46:17.290516770
5242.0,1,08:46:17.290793809
5242.0,3,08:46:17.291001937
5242.0,1,08:46:17.305184270
5242.0,1,08:46:17.423700462
5242.0,1,08:46:17.543760534
5242.0,1,08:46:17.775559281
5241.75,1,08:46:17.962859609
5241.75,3,08:46:18.046039585
5241.75,8,08:46:18.676720142
5241.75,1,08:46:18.676932127
5241.75,1,08:46:18.851857465
5241.75,1,08:46:18.886884270
5241.5,3,08:46:18.886884270
5241.5,1,08:46:18.901191738
5241.75,1,08:46:19.164041314
5241.75,2,08:46:19.498495632
5241.75,1,08:46:19.498588964
5241.75,2,08:46:19.498588964
5241.75,1,08:46:19.498648453
5241.75,2,08:46:19.498707300
5241.75,1,08:46:19.498911544
5241.75,3,08:46:19.499099074
5241.75,2,08:46:19.499155386
5241.75,1,08:46:19.890624300
5241.75,1,08:46:19.928215937
5242.0,1,08:46:20.024339374
5242.0,2,08:46:20.193252959
5242.0,3,08:46:20.867976905
5242.0,4,08:46:20.938040565
5242.25,1,08:46:21.518136886
5242.25,2,08:46:21.518242418
5242.25,14,08:46:21.518436665
5242.25,6,08:46:21.526045413
5242.25,1,08:46:21.526125732
5242.25,2,08:46:21.526125732
5242.25,2,08:46:21.526164024
5242.0,1,08:46:21.715099646
5242.25,2,08:46:21.986013758
5242.25,4,08:46:21.993317303
5242.25,1,08:46:21.995347149
5242.25,3,08:46:21.995543745
5242.25,7,08:46:22.001360070
5242.25,5,08:46:22.704588610
5242.25,1,08:46:22.739625827
5242.25,2,08:46:22.898368358
5242.25,3,08:46:22.898551405
5242.25,1,08:46:22.898599531
5242.25,1,08:46:22.898987922
5242.25,1,08:46:22.978966127
5242.25,2,08:46:22.979064178
5242.0,1,08:46:23.464673328
5242.0,6,08:46:23.464898750
5241.75,3,08:46:23.823991363
5242.0,6,08:46:24.222252433
5242.0,1,08:46:24.222290318
5242.0,3,08:46:24.284777859
5242.0,1,08:46:24.544891411
5242.25,2,08:46:24.635883121
5242.25,1,08:46:24.635911147
5242.25,2,08:46:24.635962745
5242.25,2,08:46:24.636087679
5242.25,1,08:46:24.636229573
5242.25,2,08:46:24.653279054
5242.5,1,08:46:24.729592255
5242.5,2,08:46:24.729667486
5242.5,1,08:46:24.729667486
5242.5,1,08:46:24.729746831
5242.5,2,08:46:24.729746831
5242.5,5,08:46:24.729936563
5242.5,1,08:46:24.730020027
5242.5,1,08:46:24.732404181
5242.75,5,08:46:24.755054767
5242.75,1,08:46:24.755109332
5242.75,2,08:46:24.755583904
5242.75,5,08:46:24.755824907
5242.75,1,08:46:24.757759257
5242.5,5,08:46:25.138571897
5242.5,2,08:46:25.138731944
5242.5,1,08:46:25.354960266
5242.25,6,08:46:26.389391724
5242.25,2,08:46:26.389430675
5242.0,1,08:46:26.825862479
5242.25,6,08:46:27.275497597
5242.25,2,08:46:27.275607216
5242.5,2,08:46:27.450709204
5242.5,2,08:46:27.874777998
5242.5,2,08:46:27.874945627
5242.5,1,08:46:27.874970376
5242.5,1,08:46:27.875057952
5242.5,1,08:46:27.875112657
5242.5,2,08:46:27.875146070
5242.5,5,08:46:27.968133183
5242.5,1,08:46:28.560844355
5242.5,3,08:46:28.561185539
5242.5,1,08:46:28.591157653
5242.5,2,08:46:28.690698107
5242.5,1,08:46:30.269074822
5242.5,2,08:46:30.269146064
5242.5,3,08:46:30.269285606
5242.5,1,08:46:30.269308487
5242.5,2,08:46:30.269615981
5242.25,1,08:46:30.269651333
5242.5,3,08:46:30.269694222
5242.5,1,08:46:30.269847365
5242.25,1,08:46:30.269942720
5242.5,1,08:46:30.270009073
5242.5,1,08:46:30.270051507
5242.5,1,08:46:30.270090676
5242.5,1,08:46:30.270188921
5242.25,1,08:46:30.270224352
5242.5,1,08:46:30.271834634
5242.5,1,08:46:30.272020823
5242.5,2,08:46:30.399654471
5242.5,1,08:46:30.476479399
5242.5,12,08:46:31.095298008
5242.0,1,08:46:31.095298008
5242.25,37,08:46:31.095298008
5242.25,2,08:46:31.096334873
5242.25,2,08:46:31.101825973
5242.25,1,08:46:31.101911437
5242.25,1,08:46:31.101997391
5242.0,10,08:46:31.448954679
5242.0,1,08:46:31.706109374
5241.75,6,08:46:32.104330244
5241.75,1,08:46:32.104394044
5241.75,2,08:46:32.104394044
5241.75,2,08:46:32.104473153
5241.75,12,08:46:32.115811289
5241.75,2,08:46:32.145224208
5241.75,1,08:46:32.284955174
5241.75,1,08:46:32.285107471
5241.75,1,08:46:32.967350608
5241.75,1,08:46:33.007956620
5242.0,2,08:46:33.389204301
5242.0,2,08:46:33.389386801
5242.0,2,08:46:33.389449780
5242.0,2,08:46:33.389495078
5242.0,2,08:46:33.442653484
5242.0,1,08:46:33.442682230
5242.0,1,08:46:33.489459394
5242.0,1,08:46:33.779654232
5241.75,1,08:46:34.007744614
5241.5,1,08:46:34.118524397
5241.5,2,08:46:34.118565081
5241.5,27,08:46:34.118931423
5241.5,6,08:46:34.133251690
5241.5,7,08:46:34.137199313
5241.5,5,08:46:34.138870927
5241.5,1,08:46:34.186565233
5241.5,1,08:46:34.186613198
5241.5,1,08:46:34.186640463
5241.5,3,08:46:34.191926871
5241.5,1,08:46:34.484720283
5241.5,1,08:46:34.488369365
5241.5,1,08:46:34.593221128
5241.5,1,08:46:34.593681236
5241.5,1,08:46:34.594038376
5241.5,3,08:46:34.972328725
5241.25,1,08:46:35.290548697
5241.25,1,08:46:35.290558712
5241.5,2,08:46:35.329804496
5241.5,2,08:46:35.329859059
5241.5,2,08:46:35.329951538
5241.5,1,08:46:35.330002886
5241.5,1,08:46:35.330276226
5241.5,1,08:46:35.330676475
5241.25,5,08:46:35.446010034
5241.25,1,08:46:35.759267788
5241.25,1,08:46:36.717413387
5241.25,1,08:46:36.917774647
5241.25,18,08:46:37.875390491
5241.25,1,08:46:38.076017947
5241.25,1,08:46:38.076058704
5241.25,2,08:46:38.076134394
5241.25,1,08:46:38.076204156
5241.25,5,08:46:38.076288948
5241.25,6,08:46:38.486658170
5241.25,1,08:46:38.486694743
5241.25,1,08:46:38.488602805
5241.25,1,08:46:38.723847381
5241.25,2,08:46:38.724125217
5241.25,2,08:46:38.724167646
5241.25,2,08:46:38.724457668
5241.25,2,08:46:38.971636012
5241.25,5,08:46:38.971778616
5241.25,2,08:46:38.971822355
5241.25,3,08:46:39.356857381
5241.25,1,08:46:39.959253466
5241.5,1,08:46:39.975623108
5241.25,1,08:46:39.982644768
5241.25,1,08:46:40.029887885
5241.5,5,08:46:40.053409479
5241.5,4,08:46:40.053493089
5241.5,1,08:46:40.053493089
5241.5,8,08:46:40.053573263
5241.5,1,08:46:40.077759135
5241.75,1,08:46:40.475315372
5241.75,1,08:46:40.475369913
5241.75,1,08:46:40.475468594
5241.75,1,08:46:40.537359671
5241.75,1,08:46:40.537426709
5241.75,2,08:46:40.537508461
5241.75,1,08:46:40.537567972
5241.75,2,08:46:40.537610587
5241.75,5,08:46:40.537639161
5241.75,2,08:46:40.538175399
5241.75,8,08:46:40.539542447
5241.5,6,08:46:41.017960756
5241.5,1,08:46:41.017990795
5241.5,1,08:46:41.018644200
5241.5,7,08:46:41.018916398
5241.5,3,08:46:41.019087582
5241.5,3,08:46:41.091417406
5241.5,2,08:46:41.128714990
5241.5,1,08:46:41.451581396
5241.5,1,08:46:41.459101011
5241.5,1,08:46:41.478418736
5241.5,1,08:46:41.992393265
5241.5,1,08:46:41.992547831
5241.5,1,08:46:41.992593963
5241.5,4,08:46:42.263885637
5241.75,6,08:46:43.169923623
5241.75,1,08:46:43.169953679
5241.75,2,08:46:43.170083181
5241.75,1,08:46:43.170268648
5241.75,2,08:46:43.170268648
5241.75,2,08:46:43.170290515
5241.75,2,08:46:43.171847362
5241.75,2,08:46:43.171927229
5241.5,1,08:46:43.890150446
5241.75,2,08:46:44.008278359
5241.75,2,08:46:44.008353855
5241.75,2,08:46:44.008437830
5241.75,1,08:46:44.008437830
5241.75,2,08:46:44.008483854
5241.75,1,08:46:44.008524239
5242.0,8,08:46:44.101882286
5242.0,1,08:46:44.571699639
5242.0,1,08:46:44.721471291
5242.0,6,08:46:44.721578349
5242.0,1,08:46:44.721603111
5242.0,4,08:46:44.722060240
5242.0,3,08:46:44.722123723
5242.0,1,08:46:44.731698723
5242.0,2,08:46:44.775765221
5241.75,8,08:46:44.775765221
5242.0,21,08:46:44.776984579
5242.0,1,08:46:44.777048990
5242.0,2,08:46:44.777543116
5242.0,1,08:46:44.777651002
5242.0,2,08:46:44.777698331
5242.0,1,08:46:44.777807243
5242.0,1,08:46:45.007167374
5242.0,1,08:46:45.109419873
5242.25,6,08:46:45.285036370
5242.0,19,08:46:45.285036370
5242.25,1,08:46:45.285057417
5242.0,1,08:46:45.285525030
5242.0,3,08:46:45.285762740
5242.0,1,08:46:45.285762740
5242.0,3,08:46:45.285826377
5242.0,1,08:46:45.285826377
5242.0,1,08:46:45.286282293
5242.0,2,08:46:45.286331763
5242.0,5,08:46:45.582315017
5242.0,1,08:46:45.587660121
5241.75,7,08:46:46.720258748
5241.75,1,08:46:46.720906182
5241.75,2,08:46:46.831618495
5241.75,1,08:46:47.508910890
5241.75,1,08:46:47.508941879
5242.0,1,08:46:48.085870418
5241.75,1,08:46:48.169277223
5242.0,2,08:46:49.157198834
5242.0,4,08:46:50.077048790
5242.0,1,08:46:50.077089850
5242.0,1,08:46:50.077166338
5242.0,2,08:46:50.077224007
5242.0,1,08:46:50.077314159
5242.0,1,08:46:50.077350498
5242.0,1,08:46:50.254886805
5242.0,2,08:46:50.259145989
5242.0,6,08:46:50.321020772
5242.0,2,08:46:50.359326571
5242.0,9,08:46:50.359664235
5242.0,1,08:46:50.359794113
5242.0,2,08:46:50.360117083
5242.0,5,08:46:50.362750543
5242.0,3,08:46:50.430603598
5242.0,1,08:46:50.430807990
5242.0,3,08:46:50.613429729
5242.0,1,08:46:50.613596555
5242.0,2,08:46:50.982965726
5242.0,5,08:46:51.011891920
5242.0,2,08:46:51.012121931
5241.75,10,08:46:51.275644502
5241.75,3,08:46:51.721175896
5241.75,2,08:46:51.721581236
5241.75,3,08:46:51.721626068
5241.75,2,08:46:51.721853981
5241.75,1,08:46:51.722031642
5241.75,1,08:46:51.722331245
5241.75,1,08:46:51.730365234
5241.75,1,08:46:51.752605984
5241.75,1,08:46:51.752764342
5241.75,2,08:46:51.752819399
5241.75,1,08:46:51.752846306
5241.75,1,08:46:51.755238149
5242.0,2,08:46:52.041137648
5242.0,1,08:46:52.041162490
5242.0,1,08:46:52.041215329
5242.0,1,08:46:52.041294223
5242.0,1,08:46:52.041366619
5242.0,2,08:46:52.045624379
5242.0,2,08:46:52.125177867
5242.0,2,08:46:52.129364352
5242.0,3,08:46:52.129799493
5242.0,1,08:46:52.129967289
5241.75,1,08:46:52.136494345
5242.0,1,08:46:52.190070448
5241.75,1,08:46:52.652220325
5241.75,2,08:46:53.019406040
5241.75,8,08:46:53.158792935
5241.75,2,08:46:53.404230456
5241.75,2,08:46:53.404257723
5241.75,2,08:46:53.404559442
5241.75,3,08:46:53.404603750
5241.75,1,08:46:53.431407379
5242.0,4,08:46:54.246450483
5241.25,35,08:46:54.563810828
5241.5,42,08:46:54.563810828
5241.75,23,08:46:54.563810828
5241.5,1,08:46:54.606742380
5241.75,1,08:46:55.296603937
5242.0,4,08:46:55.487602030
5241.75,1,08:46:55.904865010
5241.75,4,08:46:55.905214985
5241.75,1,08:46:55.905368422
5241.75,1,08:46:55.905406641
5241.75,1,08:46:55.905905614
5241.75,1,08:46:55.905924778
5241.75,1,08:46:55.906119772
5241.75,4,08:46:56.511141536
5241.75,8,08:46:59.742776691
5241.75,1,08:46:59.743029836
5241.75,6,08:46:59.743263120
5241.75,1,08:46:59.743309006
5241.5,1,08:47:00.171921532
5241.75,2,08:47:00.487831409
5241.75,1,08:47:00.554238225
5241.75,1,08:47:01.367410925
5242.0,1,08:47:01.769364429
5242.0,1,08:47:01.769446447
5242.0,6,08:47:01.769571586
5242.0,2,08:47:01.769615176
5242.0,1,08:47:01.769633027
5242.0,3,08:47:01.774944817
5242.0,6,08:47:01.775187692
5242.0,1,08:47:01.775811990
5241.75,1,08:47:01.899332980
5242.0,6,08:47:02.830501954
5241.75,1,08:47:02.929332931
5241.75,2,08:47:03.418472534
5241.75,5,08:47:03.631611463
5241.75,2,08:47:03.632030928
5241.75,2,08:47:03.632074171
5241.5,1,08:47:03.997684992
5241.5,11,08:47:03.999678527
5241.5,1,08:47:04.000606558
5241.25,2,08:47:04.713352084
5241.25,1,08:47:04.715953189
5241.25,2,08:47:04.716004281
5241.25,1,08:47:04.716080468
5241.25,1,08:47:04.716185388
5241.25,1,08:47:04.716280626
5241.5,2,08:47:05.813575276
5241.5,1,08:47:05.813635821
5241.5,2,08:47:05.813711832
5241.5,1,08:47:05.813750690
5241.5,1,08:47:05.813805789
5241.5,1,08:47:05.813887535
5241.5,1,08:47:05.814051932
5241.5,2,08:47:05.814262256
5241.5,2,08:47:05.914949058
5241.5,4,08:47:05.915128674
5241.25,6,08:47:07.487563812
5241.25,32,08:47:07.487877814
5241.25,4,08:47:07.487936004
5241.25,6,08:47:07.488244938
5241.25,1,08:47:07.488834567
5241.5,4,08:47:07.489366619
5241.5,2,08:47:07.489498689
5241.5,1,08:47:07.494084698
5241.5,2,08:47:08.143139194
5241.5,2,08:47:08.717601077
5241.5,9,08:47:08.717822086
5241.5,1,08:47:08.720889300
5241.25,1,08:47:09.060950907
5241.25,2,08:47:09.540378674
5241.5,2,08:47:09.583748702
5241.25,3,08:47:09.657360979
5241.25,1,08:47:10.007614232
5241.0,1,08:47:10.054243515
5241.0,1,08:47:10.054254609
5241.0,1,08:47:10.168783414
5241.25,1,08:47:10.172771562
5241.0,1,08:47:10.310191496
5241.25,5,08:47:10.524734576
5241.25,1,08:47:10.679887089
5241.25,1,08:47:10.758859151
5241.25,1,08:47:10.848845394
5241.25,2,08:47:10.861059157
5241.5,1,08:47:11.338261070
5241.5,2,08:47:12.026567711
5241.5,5,08:47:12.026641987
5241.5,1,08:47:12.026641987
5241.5,1,08:47:12.026741016
5241.5,1,08:47:12.026823705
5241.5,1,08:47:12.387496929
5241.75,6,08:47:12.840990867
5241.75,1,08:47:13.476514457
5241.75,4,08:47:14.492736241
5241.75,4,08:47:14.492961576
5242.0,2,08:47:14.601593645
5242.0,1,08:47:16.211532730
5242.0,2,08:47:16.211705422
5242.0,1,08:47:16.211802454
5242.0,2,08:47:16.211802454
5242.0,1,08:47:16.211820806
5242.0,2,08:47:16.216244643
5242.0,2,08:47:16.370073024
5242.0,1,08:47:16.370223900
5242.0,5,08:47:16.370311422
5242.0,2,08:47:16.400023206
5242.0,2,08:47:16.465057551
5242.0,3,08:47:16.465200675
5241.75,1,08:47:16.479257899
5241.75,3,08:47:16.740352025
5241.75,2,08:47:16.740443153
5241.75,1,08:47:16.740552122
5241.75,4,08:47:16.740552122
5241.75,4,08:47:16.830566614
5241.75,4,08:47:17.290118947
5241.75,1,08:47:17.290290355
5241.75,1,08:47:17.290326522
5241.75,1,08:47:17.373679523
5241.75,1,08:47:17.398279274
5241.75,2,08:47:17.398442880
5241.75,1,08:47:17.398484913
5241.75,7,08:47:18.787900724
5242.0,10,08:47:18.790950366
5242.25,1,08:47:18.790965592
5242.0,1,08:47:18.874808934
5242.25,1,08:47:18.928798978
5242.25,3,08:47:18.929346851
5242.25,2,08:47:18.929425128
5242.0,2,08:47:19.079511396
5242.0,10,08:47:20.076157598
5242.0,1,08:47:20.269718909
5242.25,1,08:47:20.789758534
5242.0,20,08:47:21.223360885
5241.75,23,08:47:21.223360885
5241.75,1,08:47:21.261939626
5241.75,2,08:47:21.476543584
5241.75,2,08:47:21.476563556
5241.75,5,08:47:21.476929428
5241.75,1,08:47:21.477028893
5242.0,1,08:47:21.598081279
5241.75,1,08:47:21.821836470
5241.75,1,08:47:21.821913693
5241.75,2,08:47:21.821913693
5241.5,7,08:47:22.619302722
5241.5,2,08:47:22.916712286
5241.5,20,08:47:22.916935375
5241.25,1,08:47:23.503371369
5241.25,3,08:47:23.503487134
5241.0,1,08:47:24.475935522
5241.0,1,08:47:24.476127065
5241.0,3,08:47:24.476204103
5241.0,2,08:47:24.476288345
5241.0,1,08:47:24.476288345
5241.0,4,08:47:24.476382820
5241.0,6,08:47:24.493234443
5241.0,2,08:47:24.493292269
5241.0,1,08:47:24.493292269
5241.0,2,08:47:24.493371212
5241.0,1,08:47:24.493413020
5241.0,1,08:47:24.919087726
5240.75,10,08:47:25.407852494
5240.75,1,08:47:25.407864043
5240.75,1,08:47:25.510303150
5241.0,5,08:47:25.511619701
5240.75,1,08:47:25.813567477
5241.0,1,08:47:25.852325956
5241.0,1,08:47:25.852500897
5241.0,1,08:47:25.951149614
5241.0,1,08:47:25.951342254
5241.0,5,08:47:25.955949720
5241.0,1,08:47:26.290521963
5241.0,1,08:47:26.683615441
5240.75,4,08:47:27.552826788
5240.75,1,08:47:27.552912525
5240.75,1,08:47:27.552942276
5240.75,5,08:47:27.553008095
5240.5,1,08:47:27.579227785
5240.5,2,08:47:27.579367703
5240.5,15,08:47:27.579543844
5240.5,1,08:47:27.579593176
5240.5,1,08:47:27.579623605
5240.5,1,08:47:27.579667871
5240.5,2,08:47:27.579769247
5240.5,1,08:47:27.580173026
5240.5,4,08:47:27.580343883
5240.5,1,08:47:27.586519725
5240.5,1,08:47:27.610784116
5240.5,1,08:47:27.668674850
5240.5,1,08:47:27.672533926
5240.75,1,08:47:27.872734753
5240.75,4,08:47:27.872864039
5240.5,20,08:47:28.245388179
5240.75,10,08:47:28.245388179
5240.5,1,08:47:28.550096521
5240.5,1,08:47:28.637999344
5240.5,10,08:47:29.247667550
5240.5,3,08:47:29.247943537
5240.5,1,08:47:29.248068413
5240.5,2,08:47:29.248143576
5240.75,1,08:47:29.467190957
5240.75,1,08:47:29.473883541
5240.75,4,08:47:29.685532106
5240.75,1,08:47:29.685700139
5240.75,4,08:47:29.687973474
5241.0,1,08:47:30.021788374
5240.75,2,08:47:30.086828735
5240.75,4,08:47:30.152449389
5240.75,1,08:47:30.152675913
5240.75,1,08:47:31.002704686
5240.75,2,08:47:31.004847686
5240.75,3,08:47:31.005906939
5240.75,2,08:47:31.006377254
5240.75,1,08:47:31.009419721
5240.5,1,08:47:31.153285467
5240.5,2,08:47:31.277510618
5240.5,1,08:47:31.293124702
5240.75,1,08:47:31.315172500
5240.75,2,08:47:31.320389556
5240.75,1,08:47:31.320446341
5240.75,1,08:47:31.360744984
5240.75,1,08:47:31.377988225
5240.5,1,08:47:32.889493996
5240.75,1,08:47:33.586047657
5240.75,1,08:47:33.592435562
5240.75,1,08:47:33.593582587
5240.75,1,08:47:33.593755307
5240.75,1,08:47:33.619972213
5240.75,1,08:47:33.620001398
5240.75,1,08:47:33.818975636
5240.75,1,08:47:33.944735429
5240.75,1,08:47:33.979894900
5240.75,2,08:47:34.001382357
5240.5,1,08:47:34.234703909
5240.5,2,08:47:34.599569180
5240.5,1,08:47:34.599738031
5240.5,1,08:47:34.599880441
5240.5,1,08:47:34.599915158
5240.5,1,08:47:34.600072224
5240.25,1,08:47:34.649310900
5240.25,1,08:47:34.649321463
5240.25,1,08:47:34.847810504
5240.25,17,08:47:35.219975962
5240.25,10,08:47:35.221102928
5240.25,2,08:47:35.222176646
5240.25,1,08:47:35.222254046
5240.5,2,08:47:35.267483784
5240.5,1,08:47:35.427443084
5240.25,2,08:47:35.669000640
5240.25,8,08:47:35.881016874
5240.0,20,08:47:35.972326226
5240.0,1,08:47:35.972355664
5240.0,3,08:47:35.972355664
5240.0,2,08:47:35.972355664
5240.0,1,08:47:35.972554896
5240.0,65,08:47:35.972670108
5240.0,5,08:47:35.982786770
5240.0,2,08:47:36.047314749
5240.0,1,08:47:36.047411971
5240.0,1,08:47:36.047457075
5240.0,1,08:47:36.047498008
5240.0,2,08:47:36.060404105
5240.0,1,08:47:36.272356229
5240.25,1,08:47:36.322905591
5240.0,4,08:47:36.887978833
5240.0,1,08:47:36.888146388
5240.0,1,08:47:36.944653697
5240.0,5,08:47:37.007316038
5240.25,7,08:47:37.410408609
5240.25,6,08:47:38.118314052
5240.25,1,08:47:38.182360446
5240.0,1,08:47:38.202514282
5240.0,2,08:47:38.241881539
5240.25,1,08:47:39.003960075
5240.0,1,08:47:39.193191673
5240.0,1,08:47:39.229916723
5240.0,1,08:47:39.497268819
5240.0,1,08:47:39.497456849
5240.0,1,08:47:39.497786623
5240.0,1,08:47:40.057935584
5240.0,1,08:47:40.130848700
5240.0,1,08:47:40.131058023
5240.0,1,08:47:40.131256872
5240.25,1,08:47:40.144217911
5240.0,2,08:47:40.350053648
5240.0,4,08:47:40.390501455
5240.0,2,08:47:40.390583207
5240.0,1,08:47:40.390676130
5240.0,6,08:47:40.390950068
5240.0,1,08:47:40.607099149
5239.75,1,08:47:40.681765498
5239.75,1,08:47:40.681782624
5239.75,5,08:47:40.681782624
5239.75,1,08:47:40.734921263
5239.75,10,08:47:40.735930799
5239.75,13,08:47:40.842249372
5240.0,7,08:47:40.873594193
5240.0,2,08:47:41.145518779
5240.25,3,08:47:41.151829727
5240.25,2,08:47:41.151881214
5240.25,1,08:47:41.151996106
5240.25,1,08:47:41.152066020
5240.25,2,08:47:41.152066020
5240.25,2,08:47:41.176247250
5240.25,1,08:47:41.176441131
5240.25,1,08:47:41.176519118
5240.25,2,08:47:41.403703923
5240.25,2,08:47:41.454754308
5240.25,2,08:47:41.663577638
5240.0,4,08:47:42.152090391
5240.25,1,08:47:43.224971222
5240.25,1,08:47:43.328131608
5240.0,10,08:47:43.587777714
5240.0,1,08:47:43.773549745
5240.0,27,08:47:44.431636104
5240.0,4,08:47:44.431996054
5240.0,4,08:47:44.432133222
5240.0,3,08:47:44.432185760
5240.0,5,08:47:44.546682596
5240.0,1,08:47:44.546908915
5240.0,1,08:47:44.547864915
5240.25,1,08:47:44.625618908
5240.25,1,08:47:45.254686146
5240.25,5,08:47:45.262880327
5240.25,1,08:47:45.472869211
5240.0,2,08:47:45.607298067
5240.25,1,08:47:46.519225997
5240.25,1,08:47:46.519881629
5240.25,1,08:47:47.048826426
5240.25,3,08:47:47.049048075
5240.25,1,08:47:47.049087922
5240.25,1,08:47:47.049233282
5240.5,5,08:47:47.466521545
5240.5,1,08:47:47.466535420
5240.5,6,08:47:47.479456385
5240.5,2,08:47:47.479521135
5240.5,1,08:47:47.479521135
5240.5,4,08:47:47.479560675
5240.5,1,08:47:47.479678065
5240.5,8,08:47:47.479678065
5240.5,1,08:47:47.479722099
5240.5,16,08:47:47.479785802
5240.5,1,08:47:47.480170034
5240.5,1,08:47:47.480431009
5240.5,1,08:47:47.480505533
5240.5,2,08:47:47.480571857
5240.5,1,08:47:47.888216592
5240.25,1,08:47:48.180380086
5240.25,3,08:47:48.180589504
5240.25,2,08:47:48.180961484
5240.25,2,08:47:48.181009170
5240.25,3,08:47:48.298114421
5240.25,1,08:47:48.300999637
5240.25,4,08:47:48.331239830
5240.25,1,08:47:48.424022424
5240.25,2,08:47:48.595734036
5240.0,2,08:47:49.078245156
5240.25,2,08:47:49.156153758
5240.25,1,08:47:49.156342530
5240.5,3,08:47:49.211100814
5240.5,1,08:47:49.259255412
5240.25,3,08:47:49.414169658
5240.25,1,08:47:49.639677419
5240.25,6,08:47:49.642607216
5240.25,5,08:47:49.887818821
5240.25,5,08:47:50.048811354
5240.25,1,08:47:50.048928710
5240.25,4,08:47:50.049223579
5240.25,1,08:47:50.049496158
5240.5,2,08:47:50.600771175
5240.5,1,08:47:50.600790862
5240.5,2,08:47:50.600850361
5240.5,6,08:47:50.600999209
5240.5,2,08:47:50.622652227
5240.5,1,08:47:50.957033307
5240.75,1,08:47:51.213775422
5240.75,1,08:47:51.213889369
5240.75,1,08:47:51.213953832
5240.75,1,08:47:51.214278664
5240.75,1,08:47:51.683356716
5240.75,1,08:47:51.762695438
5240.75,2,08:47:51.762754062
5240.5,2,08:47:52.853240287
5240.5,1,08:47:52.853432130
5240.5,1,08:47:52.853476016
5240.5,1,08:47:53.020041309
5240.75,27,08:47:53.347077609
5240.5,13,08:47:53.347077609
5241.0,6,08:47:53.347077609
5240.75,1,08:47:53.348203764
5240.75,2,08:47:53.348296402
5240.75,3,08:47:53.348296402
5240.75,1,08:47:53.356324222
5240.75,1,08:47:53.356394015
5240.75,1,08:47:53.356511557
5240.75,1,08:47:53.491965645
5240.75,7,08:47:53.492245155
5240.75,1,08:47:54.150454906
5240.75,1,08:47:54.151393769
5240.75,1,08:47:54.324078644
5241.0,1,08:47:54.446864892
5240.75,1,08:47:54.933920879
5240.75,4,08:47:55.783807605
5241.0,5,08:47:55.998650579
5241.0,1,08:47:57.466142734
5241.0,1,08:47:57.489309805
5241.0,1,08:47:57.965498613
5240.75,1,08:47:58.028711602
5240.75,1,08:47:59.211034194
5241.0,1,08:47:59.773059017
5241.0,1,08:48:00.011698577
5240.75,2,08:48:00.026597082
5240.75,8,08:48:00.026928032
5240.75,2,08:48:00.027281554
5240.75,2,08:48:00.027325266
5240.75,5,08:48:00.027557668
5240.75,1,08:48:00.027624981
5240.75,1,08:48:00.027721193
5240.75,2,08:48:00.061284808
5241.0,1,08:48:00.664968367
5241.0,1,08:48:00.664999361
5241.0,2,08:48:00.665088069
5241.0,1,08:48:00.665139578
5241.0,3,08:48:00.665245631
5241.0,1,08:48:00.665245631
5241.0,1,08:48:00.665384427
5241.0,3,08:48:00.665384427
5241.0,2,08:48:00.665384427
5241.25,8,08:48:00.682427634
5241.5,1,08:48:00.682444015
5241.25,2,08:48:00.686298659
5241.25,4,08:48:00.686418303
5241.25,5,08:48:00.844227929
5241.25,5,08:48:00.844474475
5241.25,1,08:48:00.866725422
5241.25,5,08:48:01.768343642
5241.25,1,08:48:01.932873485
5241.0,2,08:48:01.938469226
5241.0,3,08:48:01.938677512
5241.0,2,08:48:01.938729660
5240.75,1,08:48:02.074808722
5241.0,4,08:48:02.208965387
5241.0,5,08:48:02.473892994
5241.0,9,08:48:02.762868267
5241.25,2,08:48:03.056336596
5241.5,1,08:48:03.056349566
5241.25,2,08:48:03.146823899
5241.5,1,08:48:03.329012938
5241.25,1,08:48:03.544333611
5241.5,1,08:48:03.957074649
5241.5,1,08:48:04.434410383
5241.5,1,08:48:04.444467840
5241.5,1,08:48:04.447262041
5241.25,1,08:48:04.510256714
5241.5,1,08:48:04.717816294
5241.5,2,08:48:05.194620155
5241.5,1,08:48:05.472839641
5241.25,2,08:48:05.740985099
5241.25,3,08:48:05.741212748
5241.25,2,08:48:05.741621985
5241.25,2,08:48:05.741676466
5241.25,1,08:48:05.768656619
5241.25,10,08:48:05.789407825
5241.25,21,08:48:05.790109915
5241.25,1,08:48:05.790180989
5241.25,1,08:48:05.790325292
5241.25,2,08:48:05.806647356
5241.5,2,08:48:06.046754300
5241.5,3,08:48:06.047094540
5241.5,3,08:48:06.047254179
5241.5,1,08:48:06.047254179
5241.5,6,08:48:06.047258914
5241.5,2,08:48:06.047801694
5241.5,1,08:48:06.047848146
5241.5,2,08:48:06.048224819
5241.25,2,08:48:06.961968335
5241.25,1,08:48:06.961996894
5241.25,1,08:48:06.965915214
5241.25,1,08:48:06.966095630
5241.25,1,08:48:07.121270756
5241.5,8,08:48:07.883861761
5241.25,12,08:48:07.883861761
5241.25,1,08:48:08.110541144
5241.25,5,08:48:08.118359781
5241.25,2,08:48:08.118830876
5241.25,5,08:48:09.130911515
5241.25,1,08:48:09.258641414
5241.25,4,08:48:09.258848870
5241.25,1,08:48:09.258885262
5241.25,1,08:48:09.430642652
5241.25,2,08:48:09.430831689
5241.25,2,08:48:09.599429983
5241.0,1,08:48:10.501491515
5241.0,1,08:48:10.501504604
5241.0,4,08:48:10.591145776
5241.0,5,08:48:10.591376184
5241.0,1,08:48:10.591720241
5241.0,1,08:48:10.627013234
5241.0,1,08:48:10.765229456
5240.75,1,08:48:11.236989003
5241.0,2,08:48:11.336794725
5241.0,1,08:48:11.337007331
5241.0,1,08:48:11.337173961
5241.0,1,08:48:11.337208131
5241.0,1,08:48:11.337258696
5241.0,1,08:48:11.337450149
5241.0,1,08:48:11.337492758
5241.0,2,08:48:11.337738955
5240.75,10,08:48:12.021959164
5240.75,1,08:48:12.022234025
5240.75,1,08:48:12.023964251
5240.5,4,08:48:12.909477485
5240.5,1,08:48:12.909504727
5240.5,2,08:48:12.909805108
5240.5,4,08:48:14.014887127
5240.5,1,08:48:14.415567817
5240.5,1,08:48:14.415602988
5240.5,1,08:48:14.415886764
5240.5,3,08:48:14.416089311
5240.5,1,08:48:14.791558785
5240.5,3,08:48:15.317018671
5240.5,1,08:48:15.317047395
5240.5,1,08:48:15.317332758
5240.5,2,08:48:15.317547822
5240.5,1,08:48:15.318042824
5240.5,2,08:48:15.318114313
5240.25,1,08:48:15.325731759
5240.5,1,08:48:15.371550739
5240.25,1,08:48:16.027942877
5240.25,1,08:48:16.729011851
5240.25,2,08:48:16.729058424
5240.25,2,08:48:16.729151966
5240.25,1,08:48:16.729151966
5240.25,2,08:48:16.729542060
5240.25,4,08:48:16.729829989
5240.25,2,08:48:16.730120046
5240.0,1,08:48:19.248328639
5240.25,2,08:48:19.388393168
5240.25,4,08:48:19.388456673
5240.25,1,08:48:19.388456673
5240.25,2,08:48:19.388476104
5240.25,1,08:48:19.388982271
5240.25,2,08:48:19.389031545
5240.25,1,08:48:19.389070878
5240.0,1,08:48:19.661525618
5240.0,6,08:48:19.661761082
5240.0,1,08:48:21.144674142
5240.0,1,08:48:21.319356741
5240.0,2,08:48:21.319991557
5240.0,1,08:48:21.320046719
5240.0,2,08:48:21.320153634
5240.0,3,08:48:21.320219686
5240.0,1,08:48:21.320597995
5240.0,2,08:48:21.321027712
5239.75,10,08:48:21.327881936
5239.75,2,08:48:21.328270558
5239.75,2,08:48:21.328649779
5239.5,7,08:48:21.329466061
5239.75,6,08:48:21.329466061
5239.5,1,08:48:21.329485556
5239.5,2,08:48:21.330135601
5239.5,5,08:48:21.330847378
5239.5,3,08:48:21.332831579
5239.5,2,08:48:21.333376198
5239.5,2,08:48:21.334111617
5239.5,1,08:48:21.511997790
5239.5,2,08:48:21.527992371
5239.5,1,08:48:21.528076197
5239.5,3,08:48:21.528076197
5239.5,1,08:48:21.528129093
5239.5,1,08:48:21.528189901
5239.5,20,08:48:21.528244190
5239.5,1,08:48:21.528692363
5239.5,6,08:48:21.648042118
5239.5,1,08:48:21.648169650
5239.5,6,08:48:21.648506764
5239.5,1,08:48:21.648566041
5239.5,1,08:48:21.822305466
5239.5,3,08:48:22.055695830
5239.5,1,08:48:22.076537741
5239.5,2,08:48:22.163713757
5239.5,1,08:48:22.163916577
5239.75,1,08:48:22.227548413
5239.5,1,08:48:22.452838225
5239.5,1,08:48:23.256725567
5239.75,1,08:48:23.632197840
5239.75,1,08:48:23.735415086
5239.5,1,08:48:24.176951223
5239.5,1,08:48:24.467944663
5239.5,1,08:48:24.509731554
5239.5,1,08:48:24.832803588
5239.75,3,08:48:24.962941992
5239.75,2,08:48:24.963055649
5239.75,3,08:48:24.963055649
5239.75,3,08:48:24.963123468
5239.75,2,08:48:24.963123468
5239.75,3,08:48:25.097544776
5239.75,1,08:48:25.383278507
5239.75,1,08:48:25.511798940
5239.75,1,08:48:25.621382499
5239.75,5,08:48:25.899939917
5239.75,2,08:48:26.335410823
5239.75,1,08:48:26.335674159
5239.75,2,08:48:26.335858733
5239.75,1,08:48:26.335895437
5239.75,6,08:48:26.393107487
5240.0,21,08:48:26.622726851
5240.25,2,08:48:26.622748666
5240.25,5,08:48:26.622748666
5240.0,8,08:48:26.832553343
5240.0,1,08:48:26.832695281
5240.0,1,08:48:26.832749039
5240.0,1,08:48:26.832904041
5240.0,1,08:48:26.833053756
5240.0,1,08:48:26.833227778
5240.5,16,08:48:26.975985604
5240.25,31,08:48:26.975985604
5240.0,3,08:48:26.975985604
5240.25,1,08:48:26.977148623
5240.25,1,08:48:26.977456972
5240.25,1,08:48:26.977629673
5240.25,9,08:48:27.128562965
5240.25,1,08:48:27.128902287
5240.25,1,08:48:27.129106928
5240.25,2,08:48:27.272615291
5240.5,1,08:48:27.783396026
5240.5,1,08:48:27.783408131
5240.5,1,08:48:27.783601329
5240.5,1,08:48:27.783846908
5240.5,2,08:48:27.915103223
5240.5,1,08:48:27.915423252
5240.5,2,08:48:27.915628175
5240.5,1,08:48:28.004383098
5240.5,1,08:48:28.004727082
5240.25,1,08:48:28.200951209
5240.5,2,08:48:28.682919524
5240.5,1,08:48:28.683076967
5240.5,1,08:48:28.683109009
5240.5,3,08:48:28.685875713
5240.5,1,08:48:28.732764773
5240.5,3,08:48:28.799891382
5240.5,6,08:48:28.808713701
5240.5,1,08:48:28.809008366
5240.5,1,08:48:28.859435511
5240.25,2,08:48:29.368260891
5240.5,3,08:48:29.876864301
5240.5,2,08:48:29.877004231
5240.5,1,08:48:29.880500976
5240.5,2,08:48:29.901941894
5240.5,1,08:48:29.902256393
5240.5,1,08:48:30.008732864
5240.5,1,08:48:30.008965455
5240.5,1,08:48:30.009000783
5240.5,1,08:48:30.208223319
5240.5,1,08:48:30.475842286
5240.5,1,08:48:30.534039777
5240.5,1,08:48:31.531163998
5240.25,3,08:48:31.741889949
5240.25,1,08:48:31.741925044
5240.25,6,08:48:31.742987799
5240.0,26,08:48:31.743396576
5240.0,1,08:48:31.744775333
5240.0,2,08:48:31.745367118
5240.0,2,08:48:31.745500787
5240.0,4,08:48:31.746273513
5240.0,1,08:48:31.746331581
5239.75,19,08:48:31.746580083
5239.75,1,08:48:31.747279060
5239.5,10,08:48:31.747618008
5239.75,6,08:48:31.747855932
5239.5,2,08:48:31.747929162
5239.75,2,08:48:31.748115106
5239.5,2,08:48:31.748185702
5239.5,1,08:48:31.748259933
5239.5,1,08:48:31.748290709
5239.5,1,08:48:31.748326764
5239.5,1,08:48:31.748399680
5239.5,1,08:48:31.748589409
5239.5,1,08:48:31.748774933
5239.5,1,08:48:31.748811214
5239.5,1,08:48:31.748935816
5239.5,1,08:48:31.749007920
5239.5,1,08:48:31.749102242
5239.5,1,08:48:31.749361486
5239.5,1,08:48:31.749391659
5239.5,1,08:48:31.749457648
5239.5,21,08:48:31.751544448
5239.5,1,08:48:31.751583028
5239.5,1,08:48:31.751720842
5239.5,1,08:48:31.751758657
5239.5,1,08:48:31.751789605
5239.25,2,08:48:31.757901981
5239.25,1,08:48:31.757913235
5239.25,2,08:48:31.758169887
5239.5,9,08:48:31.776171846
5239.5,1,08:48:31.788821451
5239.75,2,08:48:31.842060049
5239.75,6,08:48:31.843127734
5239.5,1,08:48:31.878784486
5239.75,1,08:48:31.879675496
5239.75,1,08:48:32.024946159
5240.0,1,08:48:32.069611433
5240.0,1,08:48:32.302222040
5239.75,2,08:48:32.508462488
5239.75,2,08:48:32.508497999
5239.5,2,08:48:33.107484992
5239.5,1,08:48:33.107694890
5239.5,1,08:48:33.107797049
5239.5,2,08:48:33.107797049
5239.5,2,08:48:33.108028637
5239.5,1,08:48:33.108206948
5239.5,6,08:48:33.108411964
5239.5,1,08:48:33.108494096
5239.75,1,08:48:33.560061337
5239.5,1,08:48:34.517384400
5239.75,2,08:48:34.974473532
5239.75,1,08:48:34.974650589
5239.75,12,08:48:34.974696378
5240.0,3,08:48:35.276631464
5240.0,6,08:48:35.464633484
5240.0,1,08:48:35.798708230
5240.0,2,08:48:36.771300373
5240.0,1,08:48:36.771631798
5240.0,3,08:48:36.772102147
5240.25,10,08:48:37.995174002
5240.5,2,08:48:38.000934813
5240.5,1,08:48:38.001187668
5240.5,11,08:48:38.761487416
5240.75,26,08:48:38.763738572
5240.75,1,08:48:38.764123610
5240.75,1,08:48:38.765621545
5240.75,1,08:48:38.766755110
5240.75,8,08:48:38.772209457
5240.5,13,08:48:38.813354167
5240.5,3,08:48:38.850204218
5240.5,2,08:48:39.477578003
5240.5,4,08:48:39.477726576
5240.5,5,08:48:39.477804133
5240.5,8,08:48:39.477804133
5240.5,2,08:48:39.477876755
5240.5,5,08:48:39.477876755
5240.5,3,08:48:39.477929018
5240.5,2,08:48:39.477929018
5240.5,1,08:48:39.477984127
5240.5,1,08:48:39.478035478
5240.5,1,08:48:39.478069223
5240.5,5,08:48:39.478176041
5240.5,5,08:48:39.478210423
5240.5,1,08:48:39.478250224
5240.5,1,08:48:39.485836816
5240.5,3,08:48:39.551455029
5240.75,2,08:48:39.877805858
5240.75,22,08:48:39.972300264
5240.75,2,08:48:39.973500762
5240.75,10,08:48:40.036025822
5240.75,4,08:48:40.036368711
5240.75,1,08:48:40.041430999
5240.75,5,08:48:40.041674982
5240.75,2,08:48:40.895309116
5240.75,1,08:48:40.895471589
5240.5,3,08:48:41.537250859
5240.5,1,08:48:41.541317897
5240.75,1,08:48:42.024520099
5240.75,5,08:48:42.291592880
5240.75,15,08:48:42.291883798
5240.75,1,08:48:42.295683533
5240.75,10,08:48:42.296080484
5240.75,1,08:48:42.384042672
5240.75,1,08:48:42.759820675
5240.5,1,08:48:42.952733971
5240.75,3,08:48:43.167040100
5240.75,1,08:48:43.250570726
5240.75,1,08:48:43.555775496
5241.0,6,08:48:44.261800371
5241.0,1,08:48:44.261904222
5241.0,1,08:48:44.261942239
5241.0,1,08:48:44.262005754
5241.0,3,08:48:44.262040279
5241.0,12,08:48:44.262104338
5241.25,4,08:48:44.674790426
5241.25,1,08:48:44.707563733
5241.25,1,08:48:44.707933136
5241.5,1,08:48:44.982129809
5241.5,1,08:48:44.982144567
5241.5,5,08:48:44.982144567
5241.5,1,08:48:45.051973269
5241.5,1,08:48:45.165353984
5241.25,1,08:48:45.263217834
5241.25,10,08:48:45.263548852
5241.25,1,08:48:45.263661162
5241.25,1,08:48:45.263847764
5241.25,1,08:48:45.556978549
5241.25,1,08:48:45.891889416
5241.25,15,08:48:46.044539452
5241.5,5,08:48:46.795338275
5241.5,7,08:48:47.241437701
5241.75,1,08:48:47.270191175
5241.75,1,08:48:47.270204813
5241.75,1,08:48:47.270366884
5241.75,3,08:48:47.270425944
5241.75,2,08:48:47.270503418
5241.75,1,08:48:47.270503418
5241.75,1,08:48:47.328993372
5241.75,1,08:48:47.329156652
5241.75,2,08:48:47.329214515
5241.75,1,08:48:47.329266833
5241.75,1,08:48:47.329317071
5241.75,2,08:48:47.329777881
5241.75,1,08:48:47.330157810
5241.75,1,08:48:47.562270201
5241.5,4,08:48:47.835503005
5241.5,1,08:48:47.835537828
5241.5,1,08:48:47.835641344
5241.5,1,08:48:47.838407566
5241.5,4,08:48:47.839312537
5241.5,2,08:48:47.839511166
5241.5,2,08:48:47.839568763
5241.5,1,08:48:47.839771850
5241.5,1,08:48:47.839814948
5241.5,1,08:48:47.839892056
5241.5,1,08:48:47.839981288
5241.5,3,08:48:47.967533578
5241.25,7,08:48:47.967533578
5241.5,1,08:48:48.278075217
5241.5,1,08:48:48.310221345
5241.5,1,08:48:48.496260782
5241.5,1,08:48:48.510373018
5241.5,7,08:48:48.614218638
5241.75,2,08:48:48.986823385
5241.75,1,08:48:48.986932920
5241.75,1,08:48:48.987000418
5241.75,1,08:48:48.987124904
5241.75,4,08:48:48.987165084
5241.75,1,08:48:48.987266533
5241.75,10,08:48:50.228029750
5242.0,29,08:48:50.678911183
5242.25,1,08:48:50.678926510
5242.25,2,08:48:50.678926510
5242.25,1,08:48:50.678944015
5242.25,1,08:48:50.678949090
5242.25,1,08:48:50.706822704
5242.25,2,08:48:50.867063241
5242.25,1,08:48:50.867182545
5242.25,2,08:48:50.867271900
5242.25,1,08:48:50.867319121
5242.25,1,08:48:50.867503492
5242.25,1,08:48:50.867539349
5242.25,1,08:48:50.908641266
5242.5,1,08:48:51.032235139
5242.5,1,08:48:51.072262182
5242.25,3,08:48:51.126204990
5242.25,6,08:48:51.126615367
5242.25,2,08:48:51.126831932
5242.25,1,08:48:51.126906813
5242.25,1,08:48:51.126949258
5242.25,1,08:48:51.127148879
5242.25,1,08:48:51.756017574
5242.25,3,08:48:51.807960224
5242.25,1,08:48:51.808002165
5242.25,1,08:48:51.808104320
5242.5,1,08:48:51.914961006
5242.5,1,08:48:51.914970696
5242.5,37,08:48:52.010406305
5242.75,1,08:48:52.068002372
5242.75,1,08:48:52.068012000
5242.5,3,08:48:52.133310559
5242.5,2,08:48:52.133395548
5242.5,4,08:48:52.133395548
5242.5,2,08:48:52.133530393
5242.5,1,08:48:52.133530393
5242.5,5,08:48:53.011853295
5242.25,2,08:48:53.012112463
5242.25,1,08:48:53.032460440
5242.25,7,08:48:53.152665873
5242.25,5,08:48:53.152859676
5242.25,1,08:48:53.153172335
5242.25,4,08:48:53.153372377
5242.25,1,08:48:53.153426209
5242.25,7,08:48:53.153876278
5242.25,1,08:48:53.154007696
5242.25,1,08:48:53.154416209
5242.0,2,08:48:53.161210100
5242.25,1,08:48:53.544050375
5242.25,1,08:48:53.878538406
5242.0,1,08:48:54.874224792
5242.0,13,08:48:55.701592423
5241.75,5,08:48:55.715179211
5241.75,1,08:48:55.715228825
5241.75,6,08:48:55.715321662
5241.75,3,08:48:55.715367826
5241.75,4,08:48:55.715423942
5241.75,99,08:48:55.715483096
5241.75,6,08:48:55.719997411
5241.75,1,08:48:55.720081207
5241.75,6,08:48:55.877231895
5241.75,1,08:48:55.884753022
5241.5,1,08:48:56.034778718
5241.75,5,08:48:56.131124799
5242.25,1,08:48:56.434645934
5241.75,14,08:48:56.434645934
5242.0,33,08:48:56.434645934
5242.0,2,08:48:56.435392222
5241.75,2,08:48:56.480856333
5242.0,3,08:48:56.543679112
5242.0,3,08:48:56.543708810
5242.0,1,08:48:56.543830620
5242.0,2,08:48:56.543936643
5242.0,4,08:48:56.543936643
5242.0,3,08:48:56.544243114
5242.0,3,08:48:56.544459627
5241.75,1,08:48:56.611949270
5241.75,2,08:48:56.641410606
5241.75,1,08:48:57.446694474
5242.0,5,08:48:57.839109353
5242.0,1,08:48:57.839159108
5242.0,7,08:48:57.839299019
5243.5,3,08:49:03.575120532
5243.5,1,08:49:03.575339695
5243.5,1,08:49:03.582015653
5243.5,2,08:49:03.648410970
5243.5,2,08:49:03.648480907
5243.5,1,08:49:03.648480907
5243.25,6,08:49:03.726351613
5243.25,2,08:49:03.729767222
5243.25,6,08:49:03.729848865
5243.25,3,08:49:04.017020244
5243.25,11,08:49:04.070930364
5243.25,1,08:49:04.071274410
5243.25,1,08:49:04.071471518
5243.25,2,08:49:04.592273391
5243.25,5,08:49:04.592476194
5243.25,1,08:49:04.592628272
5243.25,1,08:49:04.606276473
5243.25,1,08:49:04.965825677
5243.25,1,08:49:04.965887163
5243.25,1,08:49:04.969144109
5243.25,6,08:49:05.404167678
5243.25,2,08:49:05.404409837
5243.25,1,08:49:05.404488471
5243.25,1,08:49:05.404605044
5243.25,2,08:49:05.404665118
5243.5,1,08:49:05.489080859
5243.5,1,08:49:05.489116501
5243.5,1,08:49:05.489427544
5243.5,4,08:49:05.855959491
5243.5,2,08:49:05.860004892
5243.5,1,08:49:05.893996231
5243.5,2,08:49:05.894106544
5243.5,1,08:49:05.894178590
5243.5,1,08:49:05.990965136
5243.75,1,08:49:05.991430242
5243.75,5,08:49:05.991442637
5243.75,1,08:49:06.272519509
5243.75,2,08:49:06.272556086
5243.75,1,08:49:06.272599079
5243.75,2,08:49:06.284159529
5243.75,8,08:49:06.284396846
5243.75,6,08:49:06.286600640
5243.75,1,08:49:06.286640587
5243.75,2,08:49:06.286865788
5243.75,2,08:49:06.286903647
5243.75,1,08:49:06.286956212
5243.75,1,08:49:06.290739066
5243.75,1,08:49:06.291901899
5243.75,1,08:49:06.292376712
5243.75,1,08:49:06.293308026
5244.0,6,08:49:06.506207710
5244.0,1,08:49:06.506262555
5244.0,1,08:49:06.506352449
5244.0,2,08:49:06.506387016
5244.0,6,08:49:06.506477007
5244.0,1,08:49:06.506477007
5244.0,1,08:49:06.506545115
5244.0,1,08:49:06.506626681
5244.0,14,08:49:06.506626681
5244.0,32,08:49:06.506697015
5244.0,1,08:49:06.729916364
5243.75,39,08:49:06.742300735
5244.0,11,08:49:06.742300735
5243.75,3,08:49:07.013658684
5243.75,2,08:49:07.522090115
5244.0,2,08:49:07.878118775
5244.0,13,08:49:07.878514422
5244.0,1,08:49:07.879188224
5244.0,7,08:49:07.880247320
5244.0,1,08:49:07.900540209
5244.0,2,08:49:07.900711425
5244.0,4,08:49:07.901184231
5244.25,1,08:49:07.921679140
5244.25,1,08:49:07.921688580
5244.25,2,08:49:08.217541777
5244.25,3,08:49:08.542862164
5244.25,1,08:49:08.543032341
5244.25,1,08:49:08.543080091
5244.25,1,08:49:08.543210024
5244.25,1,08:49:08.556231438
5244.25,1,08:49:08.706142354
5244.25,2,08:49:08.762897477
5244.25,1,08:49:08.930859556
5244.25,20,08:49:09.257593968
5244.25,3,08:49:09.259349437
5244.25,24,08:49:09.443928705
5244.25,5,08:49:09.444186079
5244.25,22,08:49:09.444901672
5244.25,1,08:49:09.444929468
5244.25,1,08:49:09.445057908
5244.25,1,08:49:09.445113897
5244.5,1,08:49:09.490960832
5244.5,3,08:49:09.490969971
5244.5,1,08:49:09.671439132
5244.5,1,08:49:09.671467541
5244.5,1,08:49:09.671592831
5244.5,1,08:49:09.743608052
5244.5,3,08:49:09.801665726
5244.25,3,08:49:10.013654006
5244.25,1,08:49:10.013848179
5244.5,30,08:49:10.136758255
5244.5,1,08:49:10.137851131
5244.5,1,08:49:10.138058950
5244.5,7,08:49:10.138304670
5244.5,1,08:49:10.138487215
5244.5,1,08:49:10.138538284
5244.5,1,08:49:10.138712944
5244.5,1,08:49:10.139420705
5244.5,3,08:49:10.445194754
5244.5,1,08:49:10.638604987
5244.5,1,08:49:10.894801363
5244.5,4,08:49:11.458309716
5244.5,4,08:49:11.458330869
5244.5,1,08:49:11.578849554
5244.5,6,08:49:11.579024699
5244.75,1,08:49:11.628727821
5244.75,1,08:49:11.628740086
5244.75,1,08:49:11.794374049
5244.5,2,08:49:12.164011658
5244.5,1,08:49:12.164056295
5244.5,1,08:49:12.164135858
5244.5,4,08:49:12.164210894
5244.5,25,08:49:12.164328371
5244.5,1,08:49:12.189775744
5244.5,1,08:49:12.189920892
5244.5,2,08:49:12.291944802
5244.5,6,08:49:12.300402101
5244.75,1,08:49:12.526404640
5244.5,19,08:49:12.526404640
5244.5,2,08:49:12.526742248
5244.5,2,08:49:12.526769749
5244.5,6,08:49:12.526877629
5244.5,1,08:49:12.526935007
5244.25,1,08:49:12.582244920
5244.25,5,08:49:13.022834016
5244.25,1,08:49:13.023027230
5244.25,1,08:49:13.405015251
5244.25,1,08:49:13.405153471
5244.25,1,08:49:13.405186870
5244.25,1,08:49:13.405242740
5244.25,5,08:49:13.438627434
5244.25,25,08:49:13.867573842
5244.25,2,08:49:13.867686091
5244.25,1,08:49:13.896425597
5244.25,3,08:49:13.896684296
5244.25,13,08:49:14.283289254
5244.0,1,08:49:14.983864894
5244.25,2,08:49:15.020282159
5244.25,3,08:49:15.020320394
5244.25,2,08:49:15.020498811
5244.25,1,08:49:15.020539986
5244.25,4,08:49:15.020612365
5244.25,1,08:49:15.020665707
5244.25,1,08:49:15.020826555
5244.25,1,08:49:15.020895663
5244.25,1,08:49:15.020948330
5244.25,1,08:49:15.020976296
5244.25,1,08:49:15.021012987
5244.25,1,08:49:15.021471781
5244.25,1,08:49:15.022117643
5244.25,1,08:49:15.023943049
5244.0,8,08:49:15.700384481
5244.25,1,08:49:15.861850779
5244.0,1,08:49:15.893470259
5244.0,1,08:49:16.051633903
5244.0,4,08:49:16.517421974
5244.0,5,08:49:16.517509685
5243.75,7,08:49:16.518548138
5243.75,1,08:49:16.518563821
5243.75,1,08:49:16.518713463
5243.75,9,08:49:16.518803967
5243.75,1,08:49:16.519165425
5243.75,15,08:49:16.520007513
5243.75,17,08:49:16.527337173
5243.75,21,08:49:16.527946970
5243.75,1,08:49:16.527990721
5243.75,2,08:49:16.532837367
5243.5,1,08:49:17.464727360
5243.75,1,08:49:17.629579775
5243.5,1,08:49:17.636067740
5243.5,1,08:49:17.780305773
5243.75,1,08:49:17.871792082
5243.75,1,08:49:18.083069403
5243.5,1,08:49:18.107472768
5243.75,1,08:49:18.253555408
5243.5,1,08:49:18.403336551
5243.5,2,08:49:18.803764380
5243.5,1,08:49:19.111345183
5243.5,16,08:49:19.111588312
5243.5,2,08:49:19.111671525
5243.5,3,08:49:19.111713228
5243.5,5,08:49:19.168474245
5243.5,1,08:49:19.168631439
5243.5,1,08:49:19.168682023
5243.75,6,08:49:20.248981720
5243.75,1,08:49:20.249010814
5243.75,8,08:49:20.249105101
5243.75,1,08:49:20.278833094
5243.75,2,08:49:20.296235666
5243.75,1,08:49:20.373385697
5243.75,1,08:49:20.436743654
5243.75,3,08:49:20.777219727
5243.75,3,08:49:20.777546310
5243.75,11,08:49:20.777669049
5243.75,1,08:49:20.777799342
5244.25,17,08:49:21.283296865
5244.0,33,08:49:21.283296865
5244.25,1,08:49:21.518626248
5244.25,2,08:49:21.560786847
5244.25,2,08:49:21.560874250
5244.25,1,08:49:21.560874250
5244.25,4,08:49:21.561148348
5244.25,2,08:49:21.561253758
5244.25,4,08:49:21.561442068
5244.0,9,08:49:21.619935592
5244.0,1,08:49:21.619960059
5244.0,4,08:49:21.620717930
5244.0,6,08:49:21.631382507
5244.0,1,08:49:21.635119952
5244.0,5,08:49:21.847539502
5244.0,1,08:49:21.847845608
5244.0,5,08:49:21.849455298
5244.25,1,08:49:22.199118081
5244.0,1,08:49:22.465440221
5244.0,9,08:49:22.465934388
5244.0,1,08:49:22.465966711
5244.0,2,08:49:22.466068042
5244.0,1,08:49:22.466176060
5244.0,1,08:49:22.466237101
5244.0,2,08:49:22.466385290
5244.0,1,08:49:22.466425911
5244.0,1,08:49:22.466518485
5244.0,1,08:49:22.466753444
5243.75,1,08:49:22.826321912
5243.75,4,08:49:22.830483436
5243.75,9,08:49:22.876925865
5244.25,54,08:49:23.283400244
5244.0,29,08:49:23.283400244
5243.75,17,08:49:23.283400244
5244.25,25,08:49:23.473275713
5244.25,1,08:49:24.009201882
5244.25,2,08:49:24.009393006
5244.25,1,08:49:24.009502437
5244.25,2,08:49:24.009557917
5244.25,1,08:49:24.009587739
5244.25,1,08:49:24.009882958
5244.25,2,08:49:24.010051515
5244.25,7,08:49:24.014444409
5244.25,6,08:49:24.014521652
5244.25,1,08:49:24.014827189
5244.0,11,08:49:24.063460788
5244.0,1,08:49:24.112863987
5244.0,2,08:49:24.112937064
5244.0,8,08:49:24.113790355
5244.0,3,08:49:24.113991467
5244.0,1,08:49:24.114072956
5244.0,2,08:49:24.114231637
5244.0,2,08:49:24.114289299
5244.0,1,08:49:24.114459457
5244.0,14,08:49:24.121062965
5244.0,1,08:49:24.121381010
5244.0,5,08:49:24.122118036
5244.0,1,08:49:24.122253697
5244.0,1,08:49:24.123012218
5244.0,1,08:49:24.183896265
5244.0,1,08:49:24.345083619
5244.0,1,08:49:24.345260409
5243.75,1,08:49:24.865781415
5244.0,1,08:49:25.013335470
5243.75,5,08:49:25.337641883
5244.0,1,08:49:25.453105663
5244.0,1,08:49:25.453255832
5244.0,16,08:49:25.552981181
5244.0,4,08:49:25.553026391
5243.75,16,08:49:26.056043702
5243.75,3,08:49:26.056110407
5243.75,22,08:49:26.057439991
5243.75,2,08:49:26.057731402
5243.75,3,08:49:26.057855639
5243.75,1,08:49:26.057888103
5243.75,8,08:49:26.058866088
5243.75,2,08:49:26.059043868
5243.75,4,08:49:26.059176702
5243.75,5,08:49:26.233039437
5243.5,2,08:49:26.481308001
5243.5,13,08:49:26.481537713
5243.5,1,08:49:26.481924972
5243.25,10,08:49:26.632175524
5243.25,1,08:49:26.632281044
5243.25,2,08:49:26.632281044
5243.25,3,08:49:26.632281044
5243.25,1,08:49:26.632659742
5243.25,1,08:49:26.632732498
5243.0,9,08:49:26.632870431
5243.0,1,08:49:26.632870431
5243.0,1,08:49:26.633016303
5243.25,1,08:49:26.633029958
5243.25,3,08:49:26.633126506
5243.25,2,08:49:26.633272411
5243.25,2,08:49:26.633400119
5243.25,1,08:49:26.633461151
5243.25,1,08:49:26.633655254
5243.25,1,08:49:26.773391923
5243.25,2,08:49:26.773620219
5243.25,1,08:49:26.775410143
5243.25,1,08:49:26.775965549
5243.25,1,08:49:26.776074777
5243.25,5,08:49:26.776074777
5243.25,1,08:49:26.776747760
5243.5,1,08:49:26.791489011
5243.25,1,08:49:26.825553153
5243.25,2,08:49:26.894780006
5243.25,1,08:49:26.895063433
5243.25,2,08:49:27.037071108
5243.25,1,08:49:27.037262866
5243.25,5,08:49:27.037369290
5243.25,1,08:49:27.155462016
5243.25,1,08:49:27.326341129
5243.5,31,08:49:27.361271231
5243.5,1,08:49:27.605300610
5243.25,3,08:49:27.712367642
5243.5,17,08:49:27.712367642
5243.5,3,08:49:27.712735374
5243.5,4,08:49:27.712831232
5243.5,1,08:49:27.712943919
5243.5,1,08:49:28.351389014
5243.5,5,08:49:28.351635582
5243.25,1,08:49:28.977825070
5243.25,1,08:49:28.977980485
5243.25,1,08:49:28.978027000
5243.25,1,08:49:28.978197334
5243.5,5,08:49:29.127735271
5243.25,2,08:49:29.902520284
5243.25,1,08:49:29.908604240
5243.25,3,08:49:29.910759720
5243.25,2,08:49:29.910960723
5243.25,1,08:49:29.911263795
5243.25,1,08:49:29.911453964
5243.25,1,08:49:29.911787309
5243.25,2,08:49:30.256137088
5243.5,2,08:49:30.288230202
5243.5,1,08:49:30.288381155
5243.5,8,08:49:30.288966917
5243.5,4,08:49:30.290089449
5243.5,3,08:49:30.290175252
5243.5,1,08:49:30.290175252
5243.5,1,08:49:30.290218997
5243.5,1,08:49:30.290737212
5243.5,2,08:49:30.290910285
5243.5,1,08:49:30.290963048
5243.5,2,08:49:30.291030219
5243.5,1,08:49:30.291071577
5243.5,1,08:49:30.292422014
5243.5,1,08:49:30.292521197
5243.5,2,08:49:30.292760841
5243.5,1,08:49:30.292919080
5243.25,1,08:49:31.211411976
5243.25,5,08:49:31.696628366
5243.25,1,08:49:31.696984961
5243.25,2,08:49:31.697169481
5243.25,5,08:49:31.705374705
5243.25,1,08:49:31.705482871
5243.25,8,08:49:31.822248929
5243.25,1,08:49:31.825473109
5243.25,5,08:49:31.825586502
5243.25,1,08:49:31.849778636
5243.25,1,08:49:31.931095317
5243.25,1,08:49:31.931265023
5243.25,1,08:49:31.931369953
5243.25,1,08:49:31.931409855
5243.25,1,08:49:31.931541841
5243.25,1,08:49:31.931574857
5243.25,1,08:49:31.931671095
5243.25,1,08:49:31.931816794
5243.25,1,08:49:31.931846040
5243.25,1,08:49:31.972264860
5243.0,1,08:49:32.349070656
5243.25,3,08:49:32.771681254
5243.5,1,08:49:32.880754815
5243.5,1,08:49:32.882435460
5243.5,1,08:49:32.882665017
5243.5,3,08:49:32.882831769
5243.5,1,08:49:32.893549873
5243.5,1,08:49:33.019455569
5243.5,8,08:49:33.103701827
5243.25,12,08:49:33.103701827
5243.5,1,08:49:33.633515915
5243.5,1,08:49:35.324464484
5243.5,3,08:49:35.324884195
5243.5,3,08:49:35.325775545
5243.5,1,08:49:35.326332852
5243.5,2,08:49:35.327359000
5243.5,3,08:49:35.327560531
5243.5,2,08:49:35.335118395
5243.5,1,08:49:35.335152988
5243.5,5,08:49:35.335379107
5243.5,1,08:49:35.335636994
5243.5,1,08:49:35.335858720
5243.5,2,08:49:35.335930353
5243.5,11,08:49:35.357374314
5243.5,6,08:49:35.358000259
5243.5,5,08:49:35.383041806
5243.5,1,08:49:35.432560002
5243.5,2,08:49:35.432619792
5243.5,1,08:49:35.433709401
5243.5,1,08:49:35.433891581
5243.5,1,08:49:35.550457954
5243.5,1,08:49:35.550660806
5243.5,3,08:49:35.605132301
5243.5,2,08:49:35.609358330
5243.5,15,08:49:35.705481379
5243.5,1,08:49:35.705574299
5243.5,3,08:49:35.705645200
5243.5,1,08:49:35.706064895
5243.5,2,08:49:35.706117350
5243.5,2,08:49:35.706186100
5243.5,1,08:49:35.706186100
5243.5,2,08:49:35.706234140
5243.5,1,08:49:35.706279882
5243.5,1,08:49:35.706320301
5243.5,5,08:49:35.751184187
5243.5,7,08:49:35.752637195
5243.5,3,08:49:35.818633498
5243.5,1,08:49:35.905877615
5243.5,1,08:49:35.905953232
5243.5,3,08:49:35.906009966
5243.5,1,08:49:35.906043426
5243.5,4,08:49:35.909821197
5243.5,1,08:49:35.909998942
5243.5,1,08:49:35.910030370
5243.5,3,08:49:35.976683023
5243.5,1,08:49:35.976838232
5243.5,2,08:49:35.976908953
5243.5,1,08:49:35.980485502
5243.5,2,08:49:35.980648776
5243.5,5,08:49:35.980728048
5243.5,2,08:49:36.200189530
5243.25,4,08:49:36.649141597
5243.0,1,08:49:36.692207973
5243.25,9,08:49:36.701532304
5243.5,24,08:49:36.704825423
5243.5,1,08:49:36.705172909
5243.5,1,08:49:36.705206634
5243.5,3,08:49:36.705425975
5243.5,1,08:49:36.705609919
5243.5,1,08:49:36.705660985
5243.5,2,08:49:36.705660985
5243.75,6,08:49:37.544521618
5243.75,1,08:49:37.544560934
5243.75,1,08:49:37.544611143
5243.75,1,08:49:37.544669753
5243.75,1,08:49:37.669251947
5243.75,5,08:49:37.669558155
5243.75,1,08:49:37.669741583
5243.75,2,08:49:37.669774770
5243.75,9,08:49:37.938793393
5243.75,5,08:49:38.286660892
5243.5,1,08:49:40.137456239
5243.5,1,08:49:40.137639968
5243.5,1,08:49:40.137698065
5243.5,1,08:49:40.137768338
5243.5,1,08:49:40.137819357
5243.5,3,08:49:40.137960940
5243.5,1,08:49:40.247284846
5243.5,5,08:49:40.559671115
5243.5,1,08:49:40.559843939
5243.5,5,08:49:40.561053317
5243.5,1,08:49:40.561117401
5243.5,2,08:49:40.561186657
5243.5,1,08:49:40.961894533
5243.25,2,08:49:42.122973639
5243.25,28,08:49:42.389884971
5243.0,1,08:49:42.741788905
5243.25,1,08:49:43.902624725
5243.0,2,08:49:44.719132387
5243.0,1,08:49:44.719351099
5243.0,2,08:49:44.999646039
5243.0,4,08:49:44.999689803
5243.0,2,08:49:44.999780178
5243.0,1,08:49:44.999780178
5243.0,2,08:49:44.999852884
5243.0,4,08:49:44.999852884
5243.0,1,08:49:44.999878878
5243.0,1,08:49:45.000462007
5242.75,1,08:49:45.570479040
5242.75,1,08:49:45.570492535
5243.0,5,08:49:45.830542497
5243.0,1,08:49:45.830706843
5243.0,2,08:49:45.830756710
5243.0,4,08:49:45.830843393
5243.0,7,08:49:45.831764275
5242.75,5,08:49:46.692036339
5242.75,3,08:49:46.692221837
5242.5,1,08:49:46.768136165
5242.75,1,08:49:46.998216616
5242.75,1,08:49:46.998322511
5242.75,2,08:49:46.998322511
5242.75,2,08:49:46.998409448
5242.75,1,08:49:46.998409448
5242.75,2,08:49:46.998483597
5242.75,1,08:49:46.998483597
5242.75,2,08:49:46.999601550
5242.75,4,08:49:46.999666172
5242.75,2,08:49:46.999814306
5242.75,2,08:49:46.999883453
5242.75,1,08:49:47.007087088
5243.0,1,08:49:47.300414400
5242.75,1,08:49:47.460122475
5242.75,1,08:49:47.592877732
5243.0,1,08:49:47.636750590
5242.75,1,08:49:47.845447238
5242.75,1,08:49:48.197145212
5242.75,1,08:49:48.369806599
5243.0,1,08:49:48.434168614
5243.0,1,08:49:48.679223346
5243.0,1,08:49:48.679355896
5243.0,3,08:49:48.679392862
5243.0,2,08:49:48.679441180
5243.0,1,08:49:48.679488582
5243.0,1,08:49:48.679552195
5243.0,2,08:49:48.679611315
5243.0,7,08:49:48.679697918
5243.0,3,08:49:48.679697918
5243.0,1,08:49:48.679742950
5243.0,1,08:49:48.679895106
5243.0,1,08:49:48.679927472
5243.0,1,08:49:48.680162229
5243.0,2,08:49:48.692366076
5242.75,1,08:49:49.113375762
5242.75,3,08:49:49.802719337
5242.75,1,08:49:49.803408859
5242.75,3,08:49:49.805580634
5242.75,1,08:49:49.805614855
5242.5,1,08:49:50.104114365
5242.5,1,08:49:50.104352619
5242.75,3,08:49:50.538952976
5242.75,3,08:49:50.539018054
5242.75,1,08:49:50.539018054
5242.75,1,08:49:50.618890409
5242.75,5,08:49:50.786566091
5242.75,21,08:49:50.787106293
5242.75,1,08:49:50.787143926
5242.75,1,08:49:50.787236418
5242.75,2,08:49:50.966631192
5242.75,1,08:49:50.966710922
5242.5,1,08:49:53.046260473
5242.5,1,08:49:53.046288512
5242.5,3,08:49:53.046340272
5242.5,2,08:49:53.046373588
5242.5,1,08:49:53.046431446
5242.5,1,08:49:53.046458509
5242.5,2,08:49:53.046518206
5242.5,1,08:49:53.046557048
5242.25,26,08:49:53.357339333
5242.0,2,08:49:54.200254226
5242.0,1,08:49:54.200264549
5242.0,7,08:49:54.201499573
5242.0,1,08:49:54.237973372
5242.0,1,08:49:54.238124147
5242.0,2,08:49:54.238330205
5242.0,1,08:49:54.358944773
5242.0,4,08:49:54.359027590
5242.0,8,08:49:54.359099989
5242.0,2,08:49:54.359168870
5242.0,6,08:49:54.361896874
5242.0,1,08:49:54.361935345
5242.0,2,08:49:54.362055767
5242.0,1,08:49:54.362089516
5242.0,3,08:49:54.362341129
5242.0,1,08:49:55.007602701
5241.75,1,08:49:55.707838961
5241.75,1,08:49:55.928204479
5241.75,6,08:49:55.928296852
5241.5,2,08:49:55.956691075
5241.5,1,08:49:55.956706233
5241.5,1,08:49:55.956809272
5241.5,2,08:49:55.956866476
5241.5,1,08:49:55.956937668
5241.5,2,08:49:55.956937668
5241.5,1,08:49:55.956973870
5241.5,1,08:49:55.957043968
5241.5,3,08:49:55.957144785
5241.5,2,08:49:56.004105261
5241.5,2,08:49:56.004288749
5241.5,2,08:49:56.004322526
5241.5,3,08:49:56.004352939
5241.5,4,08:49:56.004463674
5241.5,2,08:49:56.004496190
5241.5,1,08:49:56.004626766
5241.5,1,08:49:56.004693714
5241.5,3,08:49:56.004743266
5241.5,2,08:49:56.004845346
5241.5,1,08:49:56.004894384
5241.5,2,08:49:56.004924521
5241.5,16,08:49:56.004972235
5241.5,3,08:49:56.005050074
5241.5,6,08:49:56.010594300
5241.5,2,08:49:56.010676894
5241.5,1,08:49:56.010676894
5241.5,7,08:49:56.011621415
5241.5,2,08:49:56.011796846
5241.5,2,08:49:56.012004028
5241.5,1,08:49:56.012154479
5241.5,1,08:49:56.012294753
5241.75,1,08:49:56.279578005
5241.75,1,08:49:56.539368589
5242.0,1,08:49:56.935558519
5241.75,1,08:49:57.415402898
5242.0,1,08:49:57.748701317
5242.0,1,08:49:57.900635450
5242.0,1,08:49:57.900823185
5242.0,2,08:49:57.900882923
5242.0,3,08:49:57.901028850
5242.0,1,08:49:57.901053106
5242.0,3,08:49:57.901217305
5242.0,1,08:49:57.901410064
5242.0,1,08:49:57.905785640
5242.25,25,08:49:58.342767505
5242.5,1,08:49:58.357718395
5242.5,1,08:49:58.357744066
5242.5,4,08:49:58.357920971
5242.5,5,08:49:58.358027226
5242.5,2,08:49:58.358027226
5242.5,1,08:49:58.358071365
5242.5,49,08:49:58.358160355
5242.5,6,08:49:58.363955855
5242.5,2,08:49:58.364023415
5242.5,1,08:49:58.364023415
5242.5,2,08:49:58.364087358
5242.5,2,08:49:58.364141365
5242.5,1,08:49:58.364671908
5242.5,2,08:49:58.366541903
5242.5,6,08:49:58.366758737
5242.5,1,08:49:58.366786606
5242.5,6,08:49:58.372385173
5242.5,1,08:49:58.386204626
5242.25,1,08:49:58.400890954
5242.25,2,08:49:58.404876832
5242.25,1,08:49:58.405132125
5242.25,2,08:49:58.405191627
5242.25,2,08:49:58.406208281
5242.25,1,08:49:58.410814626
5242.25,1,08:49:58.414074433
5242.25,2,08:49:58.414245006
5242.0,2,08:49:58.610615903
5242.0,1,08:49:58.710588031
5242.0,1,08:49:59.280607032
5242.0,2,08:49:59.294501116
5242.0,1,08:49:59.294533205
5242.0,1,08:49:59.294707891
5242.0,1,08:49:59.294947265
5242.0,1,08:49:59.295136444
5242.0,2,08:50:00.019439749
5242.0,2,08:50:00.020060501
5242.0,1,08:50:00.020243912
5241.75,1,08:50:00.139339342
5241.75,1,08:50:00.139576681
5241.75,1,08:50:00.139788990
5242.0,7,08:50:00.566503300
5242.0,1,08:50:00.993441116
5242.0,1,08:50:01.304998885
5242.0,2,08:50:01.422428486
5241.75,1,08:50:01.572138180
5242.0,15,08:50:02.703151548
5242.0,2,08:50:02.703398606
5242.0,2,08:50:02.972649986
5242.25,1,08:50:03.351019110
5242.0,1,08:50:04.553005428
5242.25,1,08:50:05.514014737
5242.25,17,08:50:05.939436143
5242.25,2,08:50:06.818994416
5242.5,1,08:50:07.511673182
5242.25,1,08:50:07.515784142
5242.25,1,08:50:07.516055891
5242.25,1,08:50:07.516414033
5242.5,1,08:50:07.754556061
5242.5,1,08:50:08.008892378
5242.25,1,08:50:08.020392011
5242.25,3,08:50:08.020590620
5242.25,1,08:50:08.020647731
5242.25,2,08:50:08.021001131
5242.25,1,08:50:08.021244029
5242.25,3,08:50:08.021454034
5242.25,1,08:50:08.021625755
5242.25,4,08:50:08.031423311
5242.5,1,08:50:08.031423311
5242.25,19,08:50:08.782914569
5242.0,19,08:50:08.782914569
5242.25,5,08:50:08.990746481
5242.25,4,08:50:09.057702478
5242.25,2,08:50:09.626940870
5242.25,1,08:50:09.626974406
5242.0,1,08:50:10.103847159
5242.0,1,08:50:10.104059473
5242.25,6,08:50:11.946708750
5242.25,1,08:50:11.946738031
5242.5,23,08:50:12.025765884
5242.5,2,08:50:12.030408358
5242.5,1,08:50:12.030515435
5242.5,3,08:50:12.030580338
5242.5,3,08:50:12.032927225
5242.5,2,08:50:12.033035851
5242.5,1,08:50:12.033035851
5242.5,1,08:50:12.033135225
5242.5,2,08:50:12.033135225
5242.75,5,08:50:12.127824148
5242.75,2,08:50:12.133359530
5242.5,1,08:50:12.722864006
5242.5,6,08:50:12.723086814
5242.5,1,08:50:12.723154021
5242.5,2,08:50:12.723154021
5242.5,2,08:50:12.723505805
5242.75,1,08:50:12.887796925
5242.75,1,08:50:13.053116337
5242.75,2,08:50:13.550351791
5242.5,1,08:50:14.351719951
5242.5,4,08:50:14.354515832
5242.5,1,08:50:14.354712485
5242.5,6,08:50:14.440680858
5242.5,1,08:50:14.440701169
5242.5,1,08:50:14.612843488
5242.5,1,08:50:15.482207422
5242.5,2,08:50:15.833156137
5242.5,1,08:50:15.833376522
5242.5,1,08:50:15.834401326
5242.5,1,08:50:15.834438488
5242.5,2,08:50:16.005631018
5242.5,1,08:50:16.005704335
5242.5,2,08:50:16.005704335
5242.5,3,08:50:16.005817834
5242.5,2,08:50:16.005817834
5242.5,1,08:50:16.076945352
5242.5,2,08:50:16.582692232
5242.5,1,08:50:16.582884496
5242.5,2,08:50:16.643778100
5242.5,1,08:50:16.643959598
5242.5,1,08:50:16.651585060
5242.75,1,08:50:17.004624763
5242.5,1,08:50:17.176524430
5242.5,2,08:50:18.040752147
5242.75,12,08:50:18.452363053
5243.0,2,08:50:18.761298420
5243.0,1,08:50:18.770852935
5243.0,1,08:50:18.770896738
5243.0,5,08:50:18.770979539
5243.0,2,08:50:18.771571775
5243.0,1,08:50:18.771706034
5243.0,33,08:50:18.771706034
5243.0,1,08:50:18.771746969
5243.0,2,08:50:18.774144359
5243.0,2,08:50:18.774331249
5243.0,1,08:50:18.774381550
5243.0,1,08:50:18.774502055
5243.0,3,08:50:18.775482583
5243.0,1,08:50:18.792370844
5243.0,2,08:50:18.895744874
5243.0,2,08:50:18.897124633
5243.0,1,08:50:19.590683612
5243.0,3,08:50:19.591002350
5243.0,1,08:50:19.591132437
5243.0,5,08:50:19.598092778
5243.0,1,08:50:19.598128811
5243.0,6,08:50:19.634427007
5243.0,15,08:50:19.741280619
5243.0,2,08:50:19.741602503
5243.0,2,08:50:19.741906558
5243.0,2,08:50:19.742075329
5243.0,1,08:50:19.742173200
5243.0,1,08:50:19.742258952
5243.0,2,08:50:19.742258952
5243.0,1,08:50:19.742328191
5243.0,2,08:50:19.742383873
5243.0,1,08:50:19.742427684
5243.0,2,08:50:19.838650429
5243.0,3,08:50:19.839055556
5243.0,1,08:50:19.839288102
5243.25,5,08:50:20.236269856
5243.25,1,08:50:20.236280918
5243.25,1,08:50:20.312630821
5243.0,2,08:50:21.873236756
5243.0,2,08:50:21.873480972
5243.0,1,08:50:21.873701447
5243.0,2,08:50:21.873954041
5243.25,1,08:50:22.041948862
5243.25,5,08:50:22.325935978
5243.0,2,08:50:22.758342662
5243.0,2,08:50:22.758531377
5243.0,2,08:50:22.758718564
5243.0,1,08:50:22.759304650
5243.0,1,08:50:22.759893222
5243.0,1,08:50:22.760242873
5243.0,5,08:50:22.827538117
5243.0,1,08:50:22.827717631
5243.0,1,08:50:23.701720959
5242.75,1,08:50:23.982032323
5242.75,1,08:50:25.163711223
5242.75,1,08:50:25.338785126
5242.75,5,08:50:25.374178753
5242.75,1,08:50:25.496724028
5242.75,1,08:50:25.546339815
5243.0,22,08:50:26.045476623
5243.0,2,08:50:26.045658649
5243.0,1,08:50:26.045772398
5243.0,1,08:50:26.046056817
5243.0,4,08:50:26.046181520
5243.0,2,08:50:26.046181520
5243.0,1,08:50:26.046295302
5242.75,20,08:50:26.258355955
5242.75,1,08:50:26.431404712
5242.75,1,08:50:26.662248401
5242.75,2,08:50:28.858963919
5242.75,1,08:50:28.859129870
5242.75,1,08:50:28.859188521
5242.75,6,08:50:29.305642698
5242.75,1,08:50:29.305668487
5242.75,1,08:50:29.305752498
5242.75,2,08:50:29.305829678
5243.0,1,08:50:30.007720176
5242.75,10,08:50:30.294182110
5242.75,1,08:50:30.294542655
5242.75,1,08:50:30.294624452
5242.75,5,08:50:30.295853170
5242.75,1,08:50:30.703780816
5242.75,2,08:50:30.703970852
5242.75,2,08:50:30.704041368
5242.5,1,08:50:31.763027633
5242.5,1,08:50:31.763053621
5242.5,1,08:50:31.763100735
5242.25,4,08:50:32.113807559
5242.25,1,08:50:32.113933665
5242.25,1,08:50:32.114003570
5242.25,1,08:50:32.114069796
5242.25,1,08:50:32.820005985
5242.5,2,08:50:33.043845463
5242.5,1,08:50:33.043928527
5242.5,2,08:50:33.043928527
5242.5,1,08:50:33.043975037
5242.5,1,08:50:33.044240178
5242.5,1,08:50:33.044284541
5242.5,1,08:50:33.044403801
5242.25,6,08:50:34.614869342
5242.25,1,08:50:34.615713456
5242.25,1,08:50:34.634625827
5242.25,1,08:50:34.689373934
5242.0,1,08:50:34.767980466
5242.0,2,08:50:34.768146016
5242.0,1,08:50:34.768343942
5242.0,2,08:50:34.768377939
5242.0,2,08:50:34.768581067
5242.0,1,08:50:34.768628553
5242.0,1,08:50:34.768764773
5241.75,3,08:50:34.923438524
5241.75,3,08:50:34.923490189
5241.75,1,08:50:34.923535274
5241.75,3,08:50:34.923728007
5241.75,1,08:50:34.923768927
5241.75,1,08:50:34.923815063
5241.75,3,08:50:34.923854410
5241.75,1,08:50:34.923971290
5241.75,1,08:50:34.924237599
5242.0,6,08:50:34.946342498
5242.25,1,08:50:36.671381328
5242.25,1,08:50:36.671391731
5242.25,2,08:50:36.671555594
5242.25,2,08:50:36.671605321
5242.25,9,08:50:36.672136424
5242.25,21,08:50:36.672839449
5242.25,1,08:50:36.672899214
5242.25,1,08:50:36.673086898
5242.25,1,08:50:36.673215790
5242.25,1,08:50:37.136435617
5242.5,1,08:50:37.169582688
5242.5,1,08:50:37.430434955
5242.5,1,08:50:38.542692857
5242.5,1,08:50:38.542924865
5242.5,4,08:50:39.509696352
5242.75,12,08:50:39.768953164
5243.0,19,08:50:40.769664043
5243.0,1,08:50:40.800887574
5243.25,5,08:50:41.705401632
5243.25,2,08:50:41.705488527
5243.25,3,08:50:41.705488527
5243.25,2,08:50:41.705901650
5243.25,1,08:50:41.706079361
5243.25,1,08:50:41.788692562
5243.25,1,08:50:41.788730755
5243.25,4,08:50:41.797574423
5243.0,1,08:50:42.054265083
5243.0,1,08:50:42.055008682
5243.25,5,08:50:42.519104236
5243.25,1,08:50:42.718763195
5243.25,1,08:50:42.718942678
5243.25,1,08:50:42.733172327
5243.25,1,08:50:42.733372344
5243.25,2,08:50:42.733409148
5243.25,1,08:50:42.733479860
5243.25,2,08:50:42.735707869
5243.25,1,08:50:42.850272946
5243.25,3,08:50:43.771229055
5243.25,1,08:50:43.771242474
5243.25,3,08:50:43.771300045
5243.5,2,08:50:44.120628982
5243.5,12,08:50:44.120643647
5243.75,8,08:50:44.120643647
5243.5,1,08:50:44.121295309
5243.75,1,08:50:44.200679449
5243.5,1,08:50:44.863061123
5243.5,3,08:50:45.304847295
5243.5,8,08:50:45.304927787
5243.5,2,08:50:45.305030167
5243.5,2,08:50:45.305106901
5243.5,2,08:50:45.305172105
5243.5,1,08:50:45.305172105
5243.5,1,08:50:45.305258872
5243.5,2,08:50:45.305615075
5243.5,7,08:50:46.557654249
5243.5,1,08:50:46.557675636
5243.5,1,08:50:46.557793858
5243.5,3,08:50:46.557823972
5243.5,1,08:50:46.557858113
5243.5,1,08:50:46.557896177
5243.5,4,08:50:46.557923471
5243.75,1,08:50:46.655493522
5243.25,5,08:50:46.838895171
5243.5,5,08:50:46.838895171
5243.5,1,08:50:47.775445419
5243.25,2,08:50:48.964834102
5243.25,2,08:50:48.964896203
5243.25,1,08:50:48.965067749
5243.25,1,08:50:48.965151731
5243.25,4,08:50:48.965151731
5243.25,1,08:50:48.965288374
5243.0,1,08:50:50.150041826
5243.0,5,08:50:51.106054223
5243.0,9,08:50:51.134605577
5243.0,2,08:50:51.135194788
5242.75,6,08:50:52.636576239
5242.75,2,08:50:52.636657918
5242.75,1,08:50:52.636657918
5242.75,2,08:50:52.636748911
5242.75,1,08:50:52.636946227
5242.75,1,08:50:52.637038389
5242.75,1,08:50:52.637074480
5242.75,1,08:50:52.718760069
5243.0,2,08:50:52.879377432
5243.0,1,08:50:52.879468052
5243.0,3,08:50:52.879573333
5243.0,2,08:50:52.879617808
5243.0,6,08:50:52.879664929
5243.0,1,08:50:52.879685553
5243.0,1,08:50:52.879737715
5243.0,1,08:50:52.879770416
5243.0,8,08:50:52.879827463
5243.0,2,08:50:52.879850216
5243.0,2,08:50:52.879930925
5243.0,6,08:50:53.089356166
5243.0,1,08:50:53.089404909
5243.0,9,08:50:53.488340499
5243.0,1,08:50:55.062638190
5243.0,2,08:50:56.756381453
5243.0,6,08:50:56.756469794
5243.0,1,08:50:56.943326683
5243.0,1,08:50:57.093058954
5242.75,1,08:50:57.766821950
5243.25,2,08:51:06.340588735
5243.5,12,08:51:07.296641801
5243.25,1,08:51:09.535523794
5243.25,4,08:51:09.817803483
5243.5,1,08:51:10.020733073
5243.25,1,08:51:10.026482686
5243.25,1,08:51:10.462225075
5243.25,1,08:51:10.463060337
5243.25,1,08:51:10.463244091
5243.25,2,08:51:10.463299106
5243.25,1,08:51:10.712379804
5243.0,5,08:51:11.226572531
5243.0,1,08:51:11.300099249
5242.75,1,08:51:11.802575702
5242.75,6,08:51:12.127344926
5242.75,1,08:51:12.127438717
5242.75,3,08:51:12.127438717
5242.75,1,08:51:12.128268427
5242.75,11,08:51:12.340049208
5242.5,6,08:51:12.770778390
5242.5,2,08:51:12.770902468
5242.5,1,08:51:12.770902468
5242.5,1,08:51:12.771227787
5242.5,6,08:51:12.771450454
5242.5,5,08:51:12.772185272
5242.5,1,08:51:13.193803467
5242.5,3,08:51:13.193834021
5242.5,3,08:51:13.194057530
5242.5,1,08:51:13.194139432
5242.75,1,08:51:15.170075041
5242.75,6,08:51:15.170187840
5242.75,1,08:51:15.170214832
5242.75,6,08:51:15.170615306
5242.75,1,08:51:15.170846807
5242.75,3,08:51:15.170911208
5242.75,1,08:51:15.171002935
5242.75,4,08:51:15.178521866
5242.5,1,08:51:15.445208832
5242.75,3,08:51:15.646467363
5242.75,4,08:51:15.646635315
5242.75,1,08:51:15.646703857
5243.0,1,08:51:16.215262861
5242.75,2,08:51:17.611302052
5242.75,1,08:51:17.611474721
5242.75,1,08:51:17.681932577
5242.75,6,08:51:17.682176963
5242.75,1,08:51:17.682227188
5242.75,2,08:51:17.685438050
5242.75,10,08:51:18.507192125
5243.0,28,08:51:18.507406702
5243.0,5,08:51:18.508304330
5243.0,6,08:51:18.508725851
5243.0,6,08:51:18.508872437
5243.0,1,08:51:18.508872437
5243.25,5,08:51:18.509179320
5243.25,1,08:51:18.509196134
5243.25,16,08:51:18.512076140
5243.5,5,08:51:18.513020290
5243.5,1,08:51:18.513131771
5243.5,3,08:51:18.513131771
5243.5,2,08:51:18.513177567
5243.5,1,08:51:18.513592052
5243.5,1,08:51:18.513745015
5243.5,2,08:51:18.513801653
5243.5,3,08:51:18.513801653
5243.5,1,08:51:18.538375182
5243.5,1,08:51:18.538545905
5243.5,1,08:51:18.538613647
5243.5,3,08:51:18.538681539
5243.25,1,08:51:18.723294203
5243.25,2,08:51:19.258405281
5243.25,1,08:51:19.338241461
5243.25,1,08:51:19.338428405
5243.25,1,08:51:19.338540782
5243.25,5,08:51:19.338583375
5243.0,1,08:51:19.734632775
5243.0,1,08:51:19.734698939
5243.0,5,08:51:19.738945831
5243.25,1,08:51:19.863113902
5243.25,4,08:51:20.257268525
5243.0,2,08:51:20.549182595
5243.0,1,08:51:20.633874549
5243.0,7,08:51:21.310634732
5243.0,5,08:51:21.311302470
5242.75,15,08:51:21.440190661
5242.5,35,08:51:21.440190661
5242.75,1,08:51:21.481306237
5242.5,1,08:51:22.848820259
5242.5,2,08:51:22.849175332
5242.5,2,08:51:22.849274745
5242.5,1,08:51:22.849430041
5242.5,4,08:51:22.849488176
5242.5,1,08:51:22.860142640
5242.5,1,08:51:22.860322292
5242.5,1,08:51:22.861130545
5242.75,6,08:51:23.685199653
5242.75,2,08:51:23.685318049
5242.75,1,08:51:23.685318049
5242.75,6,08:51:23.688315351
5242.75,1,08:51:23.688338991
5242.75,1,08:51:23.688445065
5242.75,2,08:51:23.736891506
5242.75,1,08:51:23.736920319
5242.75,16,08:51:24.185774005
5242.75,4,08:51:24.528541351
5242.75,11,08:51:24.722596091
5243.0,40,08:51:24.723402121
5243.0,9,08:51:24.723523266
5243.25,2,08:51:24.724390858
5243.25,2,08:51:24.724572721
5243.25,4,08:51:24.724572721
5243.25,1,08:51:24.724654131
5243.25,6,08:51:24.724654131
5243.5,12,08:51:24.725668698
5243.5,5,08:51:24.725753231
5243.75,12,08:51:25.034104926
5243.75,2,08:51:25.034269813
5243.75,1,08:51:25.034302718
5243.75,1,08:51:25.034577939
5243.75,2,08:51:25.034637327
5243.75,6,08:51:25.034757531
5243.75,1,08:51:25.034861091
5243.75,3,08:51:25.034861091
5243.75,2,08:51:25.035105878
5243.75,22,08:51:25.035853470
5243.75,1,08:51:25.035917199
5243.75,2,08:51:25.036116775
5243.75,1,08:51:25.036188625
5243.75,1,08:51:25.036235555
5243.75,1,08:51:25.036289652
5243.75,1,08:51:25.036368485
5243.5,1,08:51:25.207834995
5243.5,25,08:51:26.405679148
5243.5,1,08:51:26.405836620
5243.5,1,08:51:26.405911374
5243.5,1,08:51:26.406075377
5243.5,2,08:51:26.406156517
5243.5,1,08:51:26.406241700
5243.5,2,08:51:26.406399104
5243.5,1,08:51:26.406399104
5243.5,2,08:51:26.406460841
5243.5,1,08:51:26.406580808
5243.75,1,08:51:26.812991931
5243.75,4,08:51:26.813073247
5243.75,1,08:51:26.813118339
5243.75,3,08:51:26.813214249
5243.75,1,08:51:26.813214249
5243.75,1,08:51:26.814209558
5243.75,3,08:51:26.814367319
5243.75,1,08:51:26.814682528
5243.75,1,08:51:26.814769676
5243.75,2,08:51:26.814769676
5243.75,3,08:51:26.814858150
5243.75,1,08:51:26.814858150
5243.75,3,08:51:26.826551052
5243.75,1,08:51:26.826571942
5243.75,1,08:51:26.826696968
5243.75,3,08:51:27.272777552
5243.75,5,08:51:27.472818325
5244.0,3,08:51:29.714055837
5244.0,1,08:51:29.714069454
5244.0,8,08:51:29.714283305
5244.0,6,08:51:29.714362647
5244.0,2,08:51:29.714362647
5244.0,1,08:51:29.714489978
5244.0,2,08:51:29.714489978
5244.0,26,08:51:29.714605647
5244.0,1,08:51:29.714605647
5244.0,4,08:51:30.003063822
5244.0,13,08:51:30.003577202
5244.0,1,08:51:30.003634566
5244.0,3,08:51:30.003895596
5244.0,1,08:51:30.004159736
5243.75,1,08:51:30.165370825
5244.0,1,08:51:31.742097633
5244.0,1,08:51:31.995168205
5244.0,1,08:51:31.995345080
5244.0,1,08:51:32.066284651
5244.0,1,08:51:32.066350105
5244.0,2,08:51:32.066380281
5244.0,1,08:51:32.066465154
5244.0,3,08:51:32.214379240
5244.0,3,08:51:32.329850057
5244.0,2,08:51:33.003306651
5244.0,1,08:51:33.069960626
5244.0,4,08:51:33.157909982
5244.0,1,08:51:33.298499308
5244.25,17,08:51:33.388246400
5244.5,1,08:51:33.388262763
5244.25,2,08:51:33.388646517
5244.25,2,08:51:33.388927051
5244.25,1,08:51:33.389075824
5244.25,1,08:51:33.389409560
5244.25,1,08:51:33.390163149
5244.25,1,08:51:33.390309053
5244.25,1,08:51:33.390458340
5244.25,1,08:51:33.390613562
5244.5,3,08:51:34.251704886
5244.5,1,08:51:34.341258431
5244.25,1,08:51:34.409115524
5244.25,1,08:51:34.561144106
5244.25,1,08:51:34.715866269
5244.25,1,08:51:34.784023164
5244.25,5,08:51:34.850067623
5244.25,1,08:51:34.850095886
5244.25,3,08:51:34.850243905
5244.25,16,08:51:34.850326444
5244.25,2,08:51:34.850326444
5244.25,3,08:51:34.850455980
5244.25,1,08:51:34.850455980
5244.25,2,08:51:34.850455980
5244.25,5,08:51:34.850568909
5244.25,2,08:51:34.850568909
5244.25,1,08:51:34.850591445
5244.25,3,08:51:34.850674595
5244.25,1,08:51:34.850674595
5244.25,2,08:51:34.850834653
5244.25,1,08:51:34.850874624
5244.25,1,08:51:34.850938072
5244.25,2,08:51:34.851024749
5244.5,8,08:51:34.864769323
5244.5,32,08:51:34.865022081
5244.5,1,08:51:34.865212382
5244.5,1,08:51:34.865259455
5244.5,1,08:51:34.865297622
5244.5,1,08:51:34.865368593
5244.5,1,08:51:34.865404843
5244.5,1,08:51:34.865525713
5244.5,1,08:51:34.865552104
5244.25,3,08:51:35.635829742
5244.5,1,08:51:35.779888693
5244.25,2,08:51:35.999341122
5244.5,1,08:51:36.025325981
5244.25,1,08:51:36.313388577
5244.25,1,08:51:36.984462067
5244.25,4,08:51:37.300707564
5244.25,1,08:51:37.301014668
5244.25,1,08:51:38.445564434
5244.25,7,08:51:38.798556324
5244.25,2,08:51:38.798840905
5244.25,1,08:51:38.799051332
5244.25,2,08:51:38.799140521
5244.25,1,08:51:38.799247479
5244.25,2,08:51:38.799343952
5244.25,1,08:51:38.799343952
5244.25,1,08:51:38.799390647
5244.25,2,08:51:38.800346088
5244.25,1,08:51:39.309908984
5244.25,4,08:51:39.561715586
5244.25,2,08:51:39.601747041
5244.0,1,08:51:39.747746050
5244.0,8,08:51:39.772854373
5244.0,2,08:51:39.772970922
5244.0,5,08:51:39.778035699
5244.25,1,08:51:40.361931219
5244.25,15,08:51:40.638674189
5244.0,1,08:51:40.674664231
5244.0,8,08:51:41.425514132
5244.0,1,08:51:41.425830683
5244.0,1,08:51:41.425920067
5244.0,2,08:51:41.435493073
5244.0,2,08:51:41.435670356
5244.0,2,08:51:41.435758447
5244.0,3,08:51:41.435758447
5244.0,1,08:51:41.436784052
5244.0,1,08:51:41.436969259
5244.0,1,08:51:42.297330830
5244.0,1,08:51:42.357982143
5243.75,6,08:51:42.578989756
5244.0,14,08:51:42.578989756
5243.75,6,08:51:42.585618490
5243.75,1,08:51:42.585929262
5243.75,1,08:51:42.585977704
5243.75,3,08:51:42.586163849
5243.75,1,08:51:42.586228612
5243.75,1,08:51:42.586307925
5243.75,1,08:51:42.586382176
5243.75,2,08:51:42.662486105
5243.75,1,08:51:42.662671879
5243.75,8,08:51:42.763865110
5244.0,1,08:51:42.765680814
5244.0,4,08:51:42.770348471
5244.0,1,08:51:42.770755390
5244.0,1,08:51:42.770799480
5244.0,5,08:51:42.770980934
5244.0,1,08:51:42.771349677
5244.0,2,08:51:42.771508343
5243.75,4,08:51:42.856033452
5244.0,3,08:51:42.878631226
5244.0,21,08:51:43.034999246
5244.0,11,08:51:43.093605696
5244.0,2,08:51:44.199613164
5244.0,1,08:51:44.199670678
5244.0,14,08:51:44.199951612
5244.0,2,08:51:44.200011357
5244.0,1,08:51:44.200011357
5244.0,1,08:51:44.200135222
5244.0,1,08:51:44.200181386
5244.0,1,08:51:44.200448367
5244.0,3,08:51:44.265570057
5244.25,2,08:51:44.524629435
5244.25,10,08:51:44.524800596
5244.25,1,08:51:44.525229134
5244.25,2,08:51:44.527608711
5244.25,6,08:51:44.527704467
5244.25,1,08:51:44.527993116
5244.25,1,08:51:44.528164070
5244.25,2,08:51:44.528364861
5244.25,2,08:51:44.528571342
5244.25,1,08:51:44.528744011
5244.25,6,08:51:45.035592614
5244.25,1,08:51:45.035662184
5244.25,2,08:51:45.047813760
5244.25,4,08:51:45.244090168
5244.25,1,08:51:45.379425004
5244.25,1,08:51:48.003254376
5244.25,4,08:51:48.198357178
5244.25,2,08:51:49.083951144
5244.25,13,08:51:49.084186448
5244.0,6,08:51:49.381047381
5243.75,1,08:51:49.662453029
5244.0,1,08:51:50.021589641
5244.0,1,08:51:50.340228920
5244.0,1,08:51:50.340508439
5244.0,5,08:51:50.340605209
5244.0,2,08:51:50.340805988
5244.0,1,08:51:50.340839642
5244.0,1,08:51:50.340966753
5244.0,1,08:51:50.341015720
5244.0,2,08:51:50.341192325
5244.0,1,08:51:50.341244147
5244.0,1,08:51:50.341492430
5244.0,2,08:51:50.341992188
5244.0,2,08:51:50.374067025
5244.0,2,08:51:50.374251550
5244.0,2,08:51:50.374288667
5244.0,3,08:51:50.601613080
5244.0,1,08:51:50.602193313
5243.75,7,08:51:50.647006233
5243.5,21,08:51:50.689252260
5243.5,6,08:51:50.689841318
5243.5,1,08:51:50.690410807
5243.25,5,08:51:50.709188336
5243.0,15,08:51:50.753400771
5243.25,25,08:51:50.753400771
5243.0,1,08:51:50.753420224
5243.25,1,08:51:50.754088894
5243.25,1,08:51:50.754169967
5243.25,1,08:51:50.754302225
5243.25,4,08:51:50.754445454
5243.25,1,08:51:50.860478248
5243.25,8,08:51:50.963389062
5243.25,6,08:51:50.963743668
5243.25,1,08:51:50.963858825
5243.25,3,08:51:50.963963080
5243.25,1,08:51:50.964046957
5243.25,2,08:51:50.964241364
5243.5,1,08:51:51.264328295
5243.25,5,08:51:51.315837148
5243.25,5,08:51:51.315883687
5243.25,6,08:51:51.315949157
5243.25,5,08:51:51.316776450
5243.25,6,08:51:51.316996848
5243.25,10,08:51:51.828248026
5243.25,1,08:51:51.828384365
5243.25,1,08:51:51.828546221
5243.25,1,08:51:51.828680502
5243.25,1,08:51:51.828719245
5243.25,9,08:51:53.861787911
5243.0,1,08:51:54.247029637
5243.0,1,08:51:54.247093699
5243.0,2,08:51:54.247187788
5243.0,2,08:51:54.247276918
5243.0,5,08:51:54.247276918
5243.0,1,08:51:54.247317438
5243.0,2,08:51:54.247368667
5243.0,27,08:51:54.247521551
5243.0,1,08:51:54.247578441
5243.0,1,08:51:54.247707948
5243.0,2,08:51:54.247909111
5243.0,1,08:51:54.248152303
5243.0,1,08:51:54.248196675
5243.0,1,08:51:54.248469589
5243.0,4,08:51:54.249142607
5243.25,6,08:51:55.464329158
5243.0,1,08:51:55.501798037
5243.25,1,08:51:55.983619459
5243.25,4,08:51:55.983805677
5243.25,2,08:51:55.983944311
5243.25,2,08:51:55.984075029
5243.25,1,08:51:55.984179173
5243.25,1,08:51:55.984265735
5243.25,2,08:51:56.853126584
5243.25,2,08:51:56.853302726
5243.25,2,08:51:56.853381297
5243.25,1,08:51:56.853381297
5243.25,1,08:51:56.853501564
5243.25,3,08:51:56.853501564
5243.25,5,08:51:56.853501564
5243.25,12,08:51:56.853570673
5243.25,1,08:51:56.853570673
5243.25,4,08:51:56.853570673
5243.25,4,08:51:56.853830099
5243.25,1,08:51:56.853897140
5243.25,2,08:51:57.701532710
5243.0,2,08:51:57.964247535
5243.0,1,08:51:57.964420319
5243.0,5,08:51:57.964484855
5243.0,2,08:51:57.964512729
5243.0,1,08:51:57.964557887
5243.0,3,08:51:57.964701205
5243.0,2,08:51:57.964749148
5243.0,1,08:51:57.964749148
5243.0,5,08:51:57.984343021
5243.0,1,08:51:57.984396196
5243.0,2,08:51:57.984501443
5243.0,1,08:51:57.984572202
5243.0,4,08:51:57.984572202
5243.0,1,08:51:57.984590827
5243.0,1,08:51:57.984894888
5243.25,2,08:51:58.116916243
5243.25,4,08:51:58.725035397
5243.25,2,08:51:58.725111694
5243.25,2,08:51:58.736550859
5243.25,1,08:51:58.804583348
5243.25,2,08:51:58.804821398
5243.25,2,08:51:58.804995238
5243.25,5,08:51:59.655113414
5243.25,1,08:51:59.655321265
5243.25,2,08:51:59.655364488
5243.25,2,08:51:59.667486776
5243.25,1,08:51:59.667511509
5243.5,2,08:51:59.808581568
5243.5,15,08:52:00.501095191
5243.5,1,08:52:00.501249392
5243.5,1,08:52:00.501460148
5243.5,6,08:52:00.501539478
5243.5,1,08:52:00.501539478
5243.5,1,08:52:00.501609565
5243.5,1,08:52:00.501705593
5243.5,1,08:52:02.839024131
5243.5,5,08:52:04.796712592
5243.75,1,08:52:06.200951124
5244.0,2,08:52:07.765744747
5244.0,1,08:52:07.765755339
5244.0,6,08:52:08.323550766
5244.0,1,08:52:08.323617612
5244.0,1,08:52:08.323652266
5244.0,6,08:52:08.325726922
5244.0,1,08:52:08.325769150
5244.0,1,08:52:08.325808229
5244.0,1,08:52:08.325869603
5244.0,1,08:52:08.326087646
5244.0,2,08:52:08.326338419
5244.0,5,08:52:08.326713197
5244.25,10,08:52:08.549504444
5244.25,2,08:52:08.549726254
5244.25,5,08:52:08.818536587
5244.25,10,08:52:08.878168287
5244.25,1,08:52:08.887242009
5244.25,1,08:52:08.989712250
5244.25,1,08:52:08.989766514
5244.25,2,08:52:08.998844991
5244.5,35,08:52:09.271603900
5244.75,1,08:52:09.271616625
5244.75,1,08:52:09.271644894
5244.75,1,08:52:09.271650635
5244.5,1,08:52:09.271878902
5244.75,2,08:52:09.300372342
5244.75,5,08:52:09.687879443
5244.75,2,08:52:09.687928477
5244.75,1,08:52:09.687928477
5244.75,12,08:52:09.688232261
5244.75,1,08:52:09.942576550
5244.75,1,08:52:09.962788710
5244.75,1,08:52:09.963005486
5244.75,2,08:52:09.963047191
5244.75,2,08:52:09.963129792
5244.75,1,08:52:09.963210731
5244.75,4,08:52:09.963210731
5244.75,2,08:52:09.963459553
5244.75,2,08:52:09.963530469
5244.75,5,08:52:09.980775587
5244.75,1,08:52:09.981649112
5244.75,1,08:52:10.103057082
5244.75,1,08:52:10.103273947
5244.75,2,08:52:10.370605300
5244.75,13,08:52:10.471632119
5244.75,4,08:52:10.983074510
5244.75,10,08:52:10.983416030
5244.75,1,08:52:10.983700055
5244.75,2,08:52:10.983766057
5244.75,1,08:52:10.983834433
5244.75,1,08:52:11.124173628
5244.75,4,08:52:11.165050484
5244.75,1,08:52:11.252826892
5244.75,1,08:52:11.291571393
5244.75,1,08:52:11.293851573
5244.75,6,08:52:11.373671891
5244.75,4,08:52:11.374449669
5244.75,2,08:52:11.445056395
5244.75,1,08:52:11.445134128
5244.75,1,08:52:11.445193326
5244.75,1,08:52:11.445232965
5244.75,1,08:52:11.445553970
5244.75,2,08:52:11.445744812
5244.75,2,08:52:11.445794070
5244.75,1,08:52:11.447077057
5245.0,24,08:52:11.455964490
5245.0,1,08:52:11.455990135
5245.0,20,08:52:11.527735507
5244.75,1,08:52:11.708858081
5245.0,47,08:52:12.688238877
5245.0,1,08:52:12.688491337
5245.0,1,08:52:12.688539867
5245.0,3,08:52:12.688539867
5245.0,1,08:52:12.688617973
5245.0,4,08:52:12.688703172
5245.0,5,08:52:12.695173637
5245.0,1,08:52:12.695215062
5245.0,2,08:52:12.695311017
5245.0,1,08:52:12.695612786
5245.0,2,08:52:12.695745477
5245.25,3,08:52:12.861598997
5245.25,2,08:52:12.861610232
5245.25,1,08:52:12.861610232
5245.25,6,08:52:12.861861297
5245.25,1,08:52:12.861927061
5245.25,2,08:52:12.861971455
5245.25,8,08:52:12.862008154
5245.25,4,08:52:12.862041067
5245.25,1,08:52:12.862097062
5245.25,2,08:52:12.862129978
5245.25,1,08:52:12.862192321
5245.25,1,08:52:12.862222027
5245.25,2,08:52:12.862257346
5245.25,3,08:52:12.862295821
5245.25,1,08:52:12.862485729
5245.25,7,08:52:12.862677492
5245.25,2,08:52:12.862794103
5245.25,1,08:52:12.862863767
5245.25,1,08:52:12.862915730
5245.25,2,08:52:12.863039113
5245.25,1,08:52:12.863129834
5245.25,1,08:52:12.863214595
5245.5,1,08:52:12.950077677
5245.5,1,08:52:12.950088186
5245.5,1,08:52:12.950096686
5245.5,4,08:52:12.950101476
5245.5,1,08:52:12.950107700
5245.5,1,08:52:12.950116667
5245.5,1,08:52:12.950126282
5245.5,2,08:52:12.950126282
5245.25,15,08:52:13.022919642
5245.25,2,08:52:13.023693344
5245.25,2,08:52:13.030526269
5245.0,7,08:52:13.279395498
5245.25,1,08:52:14.469010172
5245.25,1,08:52:14.657684184
5245.25,1,08:52:15.520692863
5245.25,1,08:52:15.770646476
5245.0,1,08:52:15.893369725
5245.25,9,08:52:15.995148936
5245.25,2,08:52:15.996314051
5245.25,1,08:52:15.996508199
