bidVolume,bidPrice,askVolume,askPrice,timestamp
2,2392.4,6,2392.6,14:20:00.184528913
1,2392.4,6,2392.6,14:20:00.184622630
1,2392.4,1,2392.5,14:20:00.184659917
1,2392.4,1,2392.5,14:20:00.184797162
1,2392.4,2,2392.5,14:20:00.184827604
1,2392.4,3,2392.5,14:20:00.184845195
1,2392.4,3,2392.5,14:20:00.184915190
1,2392.4,4,2392.5,14:20:00.184988689
1,2392.4,5,2392.5,14:20:00.185046123
1,2392.4,6,2392.5,14:20:00.185062754
1,2392.4,6,2392.5,14:20:00.185077078
1,2392.4,6,2392.5,14:20:00.185164436
1,2392.4,5,2392.5,14:20:00.185267881
1,2392.4,4,2392.5,14:20:00.185302132
1,2392.4,4,2392.5,14:20:00.185435082
2,2392.4,4,2392.5,14:20:00.226061524
2,2392.4,3,2392.5,14:20:00.226200452
2,2392.4,2,2392.5,14:20:00.234978286
2,2392.4,3,2392.5,14:20:00.236264066
2,2392.4,2,2392.5,14:20:00.236832004
2,2392.4,3,2392.5,14:20:00.274212166
7,2392.3,3,2392.5,14:20:00.700580693
7,2392.3,3,2392.5,14:20:00.700580693
7,2392.3,4,2392.5,14:20:00.700903572
7,2392.3,4,2392.5,14:20:00.700994346
7,2392.3,5,2392.5,14:20:00.701015709
7,2392.3,5,2392.5,14:20:00.701029735
7,2392.3,1,2392.4,14:20:00.701053854
6,2392.3,1,2392.4,14:20:00.701080482
6,2392.3,1,2392.4,14:20:00.701110444
6,2392.3,1,2392.4,14:20:00.701174026
5,2392.3,1,2392.4,14:20:00.701194497
5,2392.3,1,2392.4,14:20:00.701206190
5,2392.3,1,2392.4,14:20:00.701222037
5,2392.3,1,2392.4,14:20:00.701237567
4,2392.3,1,2392.4,14:20:00.701259099
4,2392.3,8,2392.5,14:20:00.701356120
4,2392.3,8,2392.5,14:20:00.701356120
4,2392.3,8,2392.5,14:20:00.701376718
3,2392.3,8,2392.5,14:20:00.701384712
4,2392.3,8,2392.5,14:20:00.701473802
4,2392.3,7,2392.5,14:20:00.701485675
5,2392.3,7,2392.5,14:20:00.701507246
6,2392.3,7,2392.5,14:20:00.701525550
6,2392.3,6,2392.5,14:20:00.701542005
6,2392.3,5,2392.5,14:20:00.701659492
5,2392.3,5,2392.5,14:20:02.682712358
6,2392.3,5,2392.5,14:20:03.281626792
7,2392.3,5,2392.5,14:20:03.281789038
9,2392.3,5,2392.5,14:20:03.281927581
1,2392.4,5,2392.5,14:20:03.282106484
1,2392.4,4,2392.5,14:20:03.282169785
2,2392.4,4,2392.5,14:20:03.282205639
2,2392.4,4,2392.5,14:20:03.282251162
2,2392.4,4,2392.5,14:20:03.282348528
2,2392.4,3,2392.5,14:20:03.282364215
1,2392.4,3,2392.5,14:20:03.297235689
2,2392.4,3,2392.5,14:20:03.331405838
2,2392.4,3,2392.5,14:20:03.331405838
3,2392.4,3,2392.5,14:20:04.464681098
3,2392.4,6,2392.6,14:20:04.465032142
3,2392.4,6,2392.6,14:20:04.465032142
2,2392.5,6,2392.6,14:20:04.465055972
2,2392.5,6,2392.6,14:20:04.465085503
2,2392.5,6,2392.6,14:20:04.465269283
2,2392.5,6,2392.6,14:20:04.465363267
2,2392.5,6,2392.6,14:20:04.465511758
2,2392.5,5,2392.6,14:20:04.465547980
3,2392.5,5,2392.6,14:20:04.465600713
3,2392.5,5,2392.6,14:20:04.465600713
3,2392.5,5,2392.6,14:20:04.465641824
3,2392.5,5,2392.6,14:20:04.465657943
3,2392.5,5,2392.6,14:20:04.465675713
3,2392.5,4,2392.6,14:20:04.465691077
3,2392.5,3,2392.6,14:20:04.465802199
3,2392.5,3,2392.6,14:20:04.473249002
3,2392.5,4,2392.6,14:20:04.510026066
3,2392.5,4,2392.6,14:20:04.510161954
5,2392.4,4,2392.6,14:20:04.510408199
5,2392.4,4,2392.6,14:20:04.510408199
5,2392.4,5,2392.6,14:20:04.510584804
4,2392.4,5,2392.6,14:20:04.510727710
4,2392.4,5,2392.6,14:20:04.510741204
3,2392.4,5,2392.6,14:20:08.476795712
3,2392.4,1,2392.5,14:20:08.826262084
2,2392.4,1,2392.5,14:20:08.826287697
2,2392.4,1,2392.5,14:20:08.826557213
3,2392.4,1,2392.5,14:20:09.309702967
3,2392.4,5,2392.6,14:20:09.309840381
3,2392.4,5,2392.6,14:20:09.309840381
4,2392.4,5,2392.6,14:20:09.480102818
5,2392.4,5,2392.6,14:20:09.686205799
5,2392.4,4,2392.6,14:20:09.686223480
7,2392.4,4,2392.6,14:20:09.686359341
7,2392.4,3,2392.6,14:20:09.687315117
1,2392.5,3,2392.6,14:20:09.687402425
2,2392.5,3,2392.6,14:20:09.687545161
2,2392.5,3,2392.6,14:20:09.687645108
2,2392.5,3,2392.6,14:20:09.687660376
1,2392.5,3,2392.6,14:20:09.839094005
2,2392.5,3,2392.6,14:20:09.843896883
3,2392.5,3,2392.6,14:20:09.844043417
3,2392.5,3,2392.6,14:20:09.844180471
3,2392.5,2,2392.6,14:20:09.844248125
3,2392.5,1,2392.6,14:20:09.844369452
3,2392.5,6,2392.7,14:20:10.885083958
3,2392.5,6,2392.7,14:20:10.885083958
3,2392.5,5,2392.7,14:20:10.885236092
4,2392.5,5,2392.7,14:20:10.885337668
4,2392.5,4,2392.7,14:20:10.885376325
1,2392.6,4,2392.7,14:20:10.885446777
1,2392.6,4,2392.7,14:20:10.885645589
1,2392.6,3,2392.7,14:20:10.885786055
2,2392.6,3,2392.7,14:20:10.886181859
2,2392.6,3,2392.7,14:20:10.886444433
2,2392.6,3,2392.7,14:20:10.886474082
2,2392.6,3,2392.7,14:20:10.886488882
2,2392.6,3,2392.7,14:20:10.886516636
2,2392.6,3,2392.7,14:20:10.886530784
2,2392.6,3,2392.7,14:20:10.886599793
2,2392.6,3,2392.7,14:20:10.886655513
2,2392.6,3,2392.7,14:20:10.886669273
2,2392.6,3,2392.7,14:20:10.886747527
2,2392.6,3,2392.7,14:20:10.886766539
2,2392.6,3,2392.7,14:20:10.887083861
2,2392.6,2,2392.7,14:20:10.887242186
2,2392.6,2,2392.7,14:20:10.887379274
2,2392.6,3,2392.7,14:20:10.888903395
1,2392.6,3,2392.7,14:20:10.888998865
8,2392.5,3,2392.7,14:20:10.889092547
8,2392.5,3,2392.7,14:20:10.889092547
7,2392.5,3,2392.7,14:20:10.889110468
6,2392.5,3,2392.7,14:20:10.889221904
6,2392.5,4,2392.7,14:20:10.889240015
5,2392.5,4,2392.7,14:20:10.889259626
5,2392.5,5,2392.7,14:20:10.889339096
5,2392.5,6,2392.7,14:20:10.889405474
4,2392.5,6,2392.7,14:20:10.889980575
3,2392.5,6,2392.7,14:20:10.890001049
3,2392.5,1,2392.6,14:20:10.890149727
2,2392.5,1,2392.6,14:20:10.890175110
2,2392.5,1,2392.6,14:20:10.890188143
2,2392.5,2,2392.6,14:20:10.890299403
2,2392.5,2,2392.6,14:20:10.890351033
1,2392.5,2,2392.6,14:20:10.890456522
1,2392.5,2,2392.6,14:20:10.891739513
1,2392.5,1,2392.6,14:20:10.893017567
2,2392.5,1,2392.6,14:20:10.893145874
3,2392.5,1,2392.6,14:20:10.893161558
4,2392.5,1,2392.6,14:20:10.893216220
4,2392.5,5,2392.7,14:20:10.893257169
4,2392.5,5,2392.7,14:20:10.893257169
5,2392.5,5,2392.7,14:20:10.893288343
5,2392.5,5,2392.7,14:20:10.894431928
4,2392.5,5,2392.7,14:20:12.195083995
4,2392.5,6,2392.7,14:20:12.195246723
3,2392.5,6,2392.7,14:20:12.210230201
3,2392.5,1,2392.6,14:20:12.210369880
2,2392.5,1,2392.6,14:20:12.210483201
3,2392.5,1,2392.6,14:20:12.218805397
3,2392.5,6,2392.7,14:20:12.218916689
3,2392.5,6,2392.7,14:20:12.218916689
2,2392.5,6,2392.7,14:20:12.761210830
2,2392.5,1,2392.6,14:20:12.761345802
2,2392.5,2,2392.6,14:20:12.761396894
2,2392.5,3,2392.6,14:20:12.761415240
1,2392.5,3,2392.6,14:20:12.761449878
1,2392.5,4,2392.6,14:20:12.761495440
7,2392.4,4,2392.6,14:20:12.761637466
7,2392.4,4,2392.6,14:20:12.761637466
7,2392.4,3,2392.6,14:20:12.761693236
8,2392.4,3,2392.6,14:20:12.761806500
8,2392.4,3,2392.6,14:20:12.761839063
8,2392.4,4,2392.6,14:20:12.761858478
1,2392.5,4,2392.6,14:20:12.761917775
2,2392.5,4,2392.6,14:20:12.762065167
2,2392.5,3,2392.6,14:20:12.762212005
2,2392.5,2,2392.6,14:20:12.762233538
2,2392.5,1,2392.6,14:20:12.774985709
2,2392.5,6,2392.7,14:20:12.775097708
2,2392.5,6,2392.7,14:20:12.775097708
2,2392.5,1,2392.6,14:20:12.779033227
2,2392.5,2,2392.6,14:20:12.779630145
2,2392.5,3,2392.6,14:20:13.040235556
1,2392.5,3,2392.6,14:20:13.040411716
8,2392.4,3,2392.6,14:20:13.090507376
8,2392.4,3,2392.6,14:20:13.090507376
8,2392.4,4,2392.6,14:20:13.090527450
8,2392.4,5,2392.6,14:20:13.090626198
7,2392.4,5,2392.6,14:20:13.090662084
7,2392.4,1,2392.5,14:20:13.090735400
6,2392.4,1,2392.5,14:20:13.090812599
6,2392.4,2,2392.5,14:20:13.090907368
5,2392.4,2,2392.5,14:20:13.090963264
5,2392.4,2,2392.5,14:20:13.091008170
5,2392.4,1,2392.5,14:20:13.091111811
5,2392.4,1,2392.5,14:20:13.091125081
5,2392.4,1,2392.5,14:20:13.091125081
5,2392.4,1,2392.5,14:20:13.091162810
5,2392.4,1,2392.5,14:20:13.091240985
6,2392.4,1,2392.5,14:20:13.091335953
5,2392.4,1,2392.5,14:20:13.091423958
4,2392.4,1,2392.5,14:20:13.091440259
4,2392.4,5,2392.6,14:20:13.091714770
4,2392.4,5,2392.6,14:20:13.091714770
4,2392.4,5,2392.6,14:20:13.103284015
4,2392.4,4,2392.6,14:20:13.104182961
5,2392.4,4,2392.6,14:20:13.104306169
5,2392.4,4,2392.6,14:20:13.104315699
5,2392.4,4,2392.6,14:20:13.104546264
5,2392.4,4,2392.6,14:20:13.104622073
5,2392.4,4,2392.6,14:20:15.384469253
4,2392.4,4,2392.6,14:20:15.426375645
4,2392.4,1,2392.5,14:20:15.426523616
4,2392.4,1,2392.5,14:20:15.426558308
4,2392.4,5,2392.6,14:20:15.876053639
4,2392.4,5,2392.6,14:20:15.876053639
4,2392.4,4,2392.6,14:20:15.876070254
5,2392.4,4,2392.6,14:20:15.876165350
5,2392.4,1,2392.5,14:20:15.876216396
4,2392.4,1,2392.5,14:20:15.876352752
4,2392.4,1,2392.5,14:20:15.876576718
2,2392.4,1,2392.5,14:20:15.876712685
2,2392.4,2,2392.5,14:20:15.877331382
1,2392.4,2,2392.5,14:20:15.877499565
1,2392.4,3,2392.5,14:20:15.877626429
1,2392.4,4,2392.5,14:20:15.877642912
1,2392.4,4,2392.5,14:20:15.877738075
2,2392.4,4,2392.5,14:20:16.284894914
2,2392.4,3,2392.5,14:20:16.285051946
2,2392.4,3,2392.5,14:20:18.212903743
2,2392.4,2,2392.5,14:20:18.213071480
2,2392.4,1,2392.5,14:20:18.213332752
2,2392.4,5,2392.6,14:20:18.213468144
2,2392.4,5,2392.6,14:20:18.213468144
3,2392.4,5,2392.6,14:20:18.213611059
3,2392.4,4,2392.6,14:20:18.221738884
4,2392.4,4,2392.6,14:20:18.412896228
4,2392.4,4,2392.6,14:20:18.412909422
5,2392.4,4,2392.6,14:20:18.595206929
5,2392.4,1,2392.5,14:20:19.125502391
4,2392.4,1,2392.5,14:20:19.125694239
3,2392.4,1,2392.5,14:20:19.212880262
3,2392.4,4,2392.6,14:20:19.301424566
3,2392.4,4,2392.6,14:20:19.301424566
4,2392.4,4,2392.6,14:20:19.301839540
5,2392.4,4,2392.6,14:20:19.301859275
6,2392.4,4,2392.6,14:20:19.412880247
6,2392.4,3,2392.6,14:20:19.607946842
6,2392.4,2,2392.6,14:20:19.608048188
7,2392.4,2,2392.6,14:20:19.608094141
1,2392.5,2,2392.6,14:20:19.608121863
2,2392.5,2,2392.6,14:20:19.608278651
2,2392.5,2,2392.6,14:20:19.608389469
2,2392.5,2,2392.6,14:20:19.608448504
2,2392.5,2,2392.6,14:20:19.609426664
3,2392.5,2,2392.6,14:20:19.659729336
3,2392.5,1,2392.6,14:20:19.659982772
3,2392.5,2,2392.6,14:20:19.687108377
3,2392.5,3,2392.6,14:20:19.792053227
2,2392.5,3,2392.6,14:20:19.792168637
1,2392.5,3,2392.6,14:20:19.792228501
1,2392.5,4,2392.6,14:20:19.792302338
1,2392.5,5,2392.6,14:20:20.145437312
6,2392.4,5,2392.6,14:20:20.145689592
6,2392.4,5,2392.6,14:20:20.145689592
6,2392.4,1,2392.5,14:20:20.145708485
6,2392.4,1,2392.5,14:20:20.145813224
5,2392.4,1,2392.5,14:20:20.145959393
4,2392.4,1,2392.5,14:20:20.146002332
4,2392.4,1,2392.5,14:20:20.146090641
4,2392.4,1,2392.5,14:20:20.146107118
4,2392.4,1,2392.5,14:20:20.146320322
4,2392.4,2,2392.5,14:20:20.155442493
3,2392.4,2,2392.5,14:20:20.212888394
3,2392.4,3,2392.5,14:20:20.290335703
2,2392.4,3,2392.5,14:20:20.290472761
1,2392.4,3,2392.5,14:20:20.290592533
1,2392.4,4,2392.5,14:20:20.290711486
1,2392.4,5,2392.5,14:20:20.290745819
1,2392.4,5,2392.5,14:20:20.290986951
1,2392.4,4,2392.5,14:20:21.085820339
1,2392.4,4,2392.5,14:20:21.532364659
1,2392.4,3,2392.5,14:20:21.960602533
2,2392.4,3,2392.5,14:20:21.960806214
2,2392.4,3,2392.5,14:20:21.960921074
2,2392.4,3,2392.5,14:20:21.960971981
6,2392.3,3,2392.5,14:20:22.990723471
6,2392.3,3,2392.5,14:20:22.990723471
6,2392.3,4,2392.5,14:20:22.991118265
7,2392.3,4,2392.5,14:20:22.991118265
7,2392.3,5,2392.5,14:20:22.991150688
7,2392.3,5,2392.5,14:20:22.991214639
7,2392.3,1,2392.4,14:20:22.991265244
7,2392.3,1,2392.4,14:20:22.991265244
7,2392.3,1,2392.4,14:20:22.991288634
7,2392.3,1,2392.4,14:20:22.991300660
7,2392.3,1,2392.4,14:20:22.991434883
6,2392.3,1,2392.4,14:20:22.991454493
6,2392.3,1,2392.4,14:20:22.991466417
5,2392.3,1,2392.4,14:20:22.991487963
5,2392.3,1,2392.4,14:20:22.991501054
5,2392.3,1,2392.4,14:20:22.991516747
3,2392.3,1,2392.4,14:20:22.991618212
2,2392.3,1,2392.4,14:20:22.991728239
2,2392.3,2,2392.4,14:20:22.991857500
2,2392.3,3,2392.4,14:20:22.998824824
1,2392.3,3,2392.4,14:20:22.999117556
1,2392.3,3,2392.4,14:20:23.005388064
1,2392.3,4,2392.4,14:20:23.005480037
7,2392.2,4,2392.4,14:20:23.606843338
7,2392.2,4,2392.4,14:20:23.606843338
7,2392.2,5,2392.4,14:20:23.607055640
7,2392.2,6,2392.4,14:20:23.607104278
6,2392.2,6,2392.4,14:20:23.607195246
6,2392.2,6,2392.4,14:20:23.607208766
6,2392.2,7,2392.4,14:20:23.607253612
5,2392.2,7,2392.4,14:20:23.607308423
4,2392.2,7,2392.4,14:20:23.607328408
4,2392.2,7,2392.4,14:20:23.607340286
3,2392.2,7,2392.4,14:20:23.607365252
2,2392.2,7,2392.4,14:20:23.607384699
3,2392.2,7,2392.4,14:20:23.607405036
3,2392.2,1,2392.3,14:20:23.607487741
3,2392.2,1,2392.3,14:20:23.607509429
3,2392.2,1,2392.3,14:20:23.607519653
3,2392.2,1,2392.3,14:20:23.607532619
3,2392.2,1,2392.3,14:20:23.607548504
4,2392.2,1,2392.3,14:20:23.607588733
5,2392.2,1,2392.3,14:20:23.607607021
5,2392.2,6,2392.4,14:20:23.607629921
5,2392.2,6,2392.4,14:20:23.607629921
5,2392.2,6,2392.4,14:20:23.607695948
5,2392.2,6,2392.4,14:20:23.607725251
5,2392.2,1,2392.3,14:20:23.607748739
5,2392.2,1,2392.3,14:20:23.607748739
5,2392.2,1,2392.3,14:20:23.607784474
5,2392.2,1,2392.3,14:20:23.607784474
5,2392.2,1,2392.3,14:20:23.607910054
5,2392.2,1,2392.3,14:20:23.608925230
5,2392.2,1,2392.3,14:20:23.608925230
5,2392.2,1,2392.3,14:20:23.617235426
5,2392.2,1,2392.3,14:20:23.651172257
4,2392.2,1,2392.3,14:20:23.831862929
4,2392.2,2,2392.3,14:20:23.832011283
4,2392.2,3,2392.3,14:20:23.832027821
4,2392.2,3,2392.3,14:20:23.832040353
4,2392.2,3,2392.3,14:20:23.832130172
4,2392.2,3,2392.3,14:20:23.833551727
4,2392.2,3,2392.3,14:20:23.853428239
3,2392.2,3,2392.3,14:20:24.134056851
3,2392.2,4,2392.3,14:20:24.134211651
1,2392.2,4,2392.3,14:20:24.134245146
1,2392.2,4,2392.3,14:20:24.247785357
2,2392.2,4,2392.3,14:20:25.254838961
3,2392.2,4,2392.3,14:20:25.255056313
3,2392.2,3,2392.3,14:20:25.255179442
3,2392.2,2,2392.3,14:20:25.255248783
2,2392.2,2,2392.3,14:20:25.428329980
2,2392.2,3,2392.3,14:20:25.428416554
1,2392.2,3,2392.3,14:20:25.522933130
7,2392.1,3,2392.3,14:20:25.523049424
7,2392.1,3,2392.3,14:20:25.523049424
7,2392.1,4,2392.3,14:20:25.523073411
8,2392.1,4,2392.3,14:20:25.523171955
7,2392.1,4,2392.3,14:20:25.523190968
7,2392.1,4,2392.3,14:20:25.523204060
7,2392.1,5,2392.3,14:20:25.523229292
7,2392.1,5,2392.3,14:20:25.523243452
7,2392.1,6,2392.3,14:20:25.523261139
7,2392.1,1,2392.2,14:20:25.523288627
7,2392.1,1,2392.2,14:20:25.523339199
7,2392.1,1,2392.2,14:20:25.523354124
7,2392.1,1,2392.2,14:20:25.523389264
7,2392.1,1,2392.2,14:20:25.523435089
7,2392.1,1,2392.2,14:20:25.523449070
7,2392.1,1,2392.2,14:20:25.523461688
7,2392.1,2,2392.2,14:20:25.523534998
7,2392.1,2,2392.2,14:20:25.523534998
7,2392.1,2,2392.2,14:20:25.523544855
7,2392.1,2,2392.2,14:20:25.523603976
7,2392.1,2,2392.2,14:20:25.523661014
7,2392.1,2,2392.2,14:20:25.523677344
6,2392.1,2,2392.2,14:20:25.523727156
6,2392.1,2,2392.2,14:20:25.523871207
6,2392.1,2,2392.2,14:20:25.525318977
6,2392.1,3,2392.2,14:20:25.525463495
5,2392.1,3,2392.2,14:20:25.525626498
5,2392.1,3,2392.2,14:20:25.525776698
5,2392.1,3,2392.2,14:20:25.525905430
4,2392.1,3,2392.2,14:20:25.531595949
3,2392.1,3,2392.2,14:20:25.531721566
3,2392.1,1,2392.2,14:20:25.550729887
3,2392.1,1,2392.2,14:20:25.550729887
3,2392.1,1,2392.2,14:20:25.550732232
4,2392.1,1,2392.2,14:20:25.550892053
5,2392.1,1,2392.2,14:20:25.550899499
5,2392.1,5,2392.3,14:20:25.550954061
5,2392.1,5,2392.3,14:20:25.550954061
1,2392.2,5,2392.3,14:20:25.550988250
1,2392.2,5,2392.3,14:20:25.551075926
1,2392.2,5,2392.3,14:20:25.551117219
1,2392.2,4,2392.3,14:20:25.551252383
7,2392.1,4,2392.3,14:20:25.551295207
7,2392.1,4,2392.3,14:20:25.551295207
8,2392.1,4,2392.3,14:20:25.551320225
1,2392.2,4,2392.3,14:20:25.551372209
8,2392.1,4,2392.3,14:20:25.551614931
8,2392.1,4,2392.3,14:20:25.551614931
8,2392.1,5,2392.3,14:20:25.551639834
7,2392.1,5,2392.3,14:20:25.551805294
6,2392.1,5,2392.3,14:20:25.551938672
6,2392.1,5,2392.3,14:20:25.552034287
6,2392.1,5,2392.3,14:20:25.683668300
6,2392.1,5,2392.3,14:20:25.729826594
5,2392.1,5,2392.3,14:20:25.991972645
5,2392.1,5,2392.3,14:20:26.516188217
5,2392.1,4,2392.3,14:20:27.022927594
6,2392.1,4,2392.3,14:20:27.023091415
7,2392.1,4,2392.3,14:20:28.612964216
7,2392.1,3,2392.3,14:20:28.613105928
1,2392.2,3,2392.3,14:20:28.613142709
1,2392.2,3,2392.3,14:20:28.613165452
1,2392.2,2,2392.3,14:20:28.613212726
1,2392.2,2,2392.3,14:20:28.613299243
1,2392.2,1,2392.3,14:20:28.613344301
1,2392.2,1,2392.3,14:20:28.613462341
1,2392.2,6,2392.4,14:20:28.613505459
1,2392.2,6,2392.4,14:20:28.613505459
1,2392.2,5,2392.4,14:20:28.613616866
1,2392.2,5,2392.4,14:20:28.613630738
1,2392.2,1,2392.3,14:20:28.613679776
1,2392.2,1,2392.3,14:20:28.613746699
1,2392.2,2,2392.3,14:20:28.613905169
9,2392.1,2,2392.3,14:20:28.614087138
9,2392.1,2,2392.3,14:20:28.614087138
9,2392.1,3,2392.3,14:20:28.614112786
9,2392.1,4,2392.3,14:20:28.614128575
9,2392.1,4,2392.3,14:20:28.614368590
9,2392.1,3,2392.3,14:20:28.615087856
9,2392.1,3,2392.3,14:20:28.833417458
9,2392.1,4,2392.3,14:20:28.833551559
8,2392.1,4,2392.3,14:20:28.833674090
8,2392.1,3,2392.3,14:20:29.339767000
1,2392.2,3,2392.3,14:20:29.339901415
1,2392.2,2,2392.3,14:20:29.339993170
8,2392.1,2,2392.3,14:20:29.340078900
8,2392.1,2,2392.3,14:20:29.340078900
8,2392.1,3,2392.3,14:20:29.350475846
8,2392.1,4,2392.3,14:20:29.350491001
8,2392.1,1,2392.2,14:20:29.614005491
8,2392.1,1,2392.2,14:20:29.614027745
7,2392.1,1,2392.2,14:20:29.614043765
7,2392.1,1,2392.2,14:20:29.614154192
6,2392.1,1,2392.2,14:20:29.614401070
5,2392.1,1,2392.2,14:20:29.614544760
5,2392.1,3,2392.3,14:20:29.616154882
5,2392.1,3,2392.3,14:20:29.616154882
5,2392.1,4,2392.3,14:20:29.616178415
5,2392.1,5,2392.3,14:20:29.616283553
5,2392.1,1,2392.2,14:20:29.616305941
5,2392.1,1,2392.2,14:20:29.616598036
5,2392.1,1,2392.2,14:20:29.756435577
5,2392.1,1,2392.2,14:20:29.756678503
4,2392.1,1,2392.2,14:20:29.906998632
3,2392.1,1,2392.2,14:20:30.012935301
3,2392.1,2,2392.2,14:20:30.024684622
3,2392.1,2,2392.2,14:20:30.212918569
3,2392.1,1,2392.2,14:20:30.213056034
3,2392.1,1,2392.2,14:20:30.753233884
3,2392.1,4,2392.3,14:20:30.753363058
3,2392.1,4,2392.3,14:20:30.753363058
4,2392.1,4,2392.3,14:20:30.753485773
5,2392.1,4,2392.3,14:20:30.753519551
6,2392.1,4,2392.3,14:20:30.812932310
6,2392.1,4,2392.3,14:20:30.812943741
6,2392.1,4,2392.3,14:20:31.666444659
7,2392.1,4,2392.3,14:20:32.540490622
6,2392.1,4,2392.3,14:20:35.843475484
6,2392.1,4,2392.3,14:20:37.714160251
6,2392.1,4,2392.3,14:20:37.821837302
6,2392.1,4,2392.3,14:20:39.607246976
1,2392.2,4,2392.3,14:20:41.080050116
1,2392.2,4,2392.3,14:20:41.080234044
1,2392.2,4,2392.3,14:20:41.080249116
7,2392.1,4,2392.3,14:20:41.080493658
7,2392.1,4,2392.3,14:20:41.080493658
7,2392.1,4,2392.3,14:20:41.080512187
7,2392.1,4,2392.3,14:20:41.080825722
6,2392.1,4,2392.3,14:20:42.267329885
6,2392.1,4,2392.3,14:20:42.428450082
6,2392.1,1,2392.2,14:20:44.763696600
5,2392.1,1,2392.2,14:20:44.764051583
4,2392.1,1,2392.2,14:20:44.764195052
4,2392.1,2,2392.2,14:20:44.764825846
4,2392.1,3,2392.2,14:20:44.765597880
2,2392.1,3,2392.2,14:20:44.765643506
7,2392.0,3,2392.2,14:20:44.765740254
7,2392.0,3,2392.2,14:20:44.765740254
7,2392.0,4,2392.2,14:20:44.765992998
7,2392.0,5,2392.2,14:20:44.766225396
7,2392.0,6,2392.2,14:20:44.766339296
7,2392.0,7,2392.2,14:20:44.766363489
7,2392.0,1,2392.1,14:20:44.766393326
7,2392.0,1,2392.1,14:20:44.766564079
7,2392.0,1,2392.1,14:20:44.766600668
7,2392.0,1,2392.1,14:20:44.766615884
7,2392.0,1,2392.1,14:20:44.766685911
7,2392.0,1,2392.1,14:20:44.766725317
7,2392.0,1,2392.1,14:20:44.767029851
7,2392.0,1,2392.1,14:20:44.767052146
6,2392.0,1,2392.1,14:20:44.767121122
5,2392.0,1,2392.1,14:20:44.767210905
5,2392.0,1,2392.1,14:20:44.767328910
5,2392.0,2,2392.1,14:20:44.767358789
3,2392.0,2,2392.1,14:20:44.767395506
3,2392.0,2,2392.1,14:20:44.767543295
3,2392.0,2,2392.1,14:20:44.767564080
3,2392.0,2,2392.1,14:20:44.767595984
3,2392.0,2,2392.1,14:20:44.767609335
3,2392.0,2,2392.1,14:20:44.767632228
3,2392.0,2,2392.1,14:20:44.767651403
3,2392.0,2,2392.1,14:20:44.767687554
2,2392.0,2,2392.1,14:20:44.767772443
1,2392.0,2,2392.1,14:20:44.767807486
1,2392.0,2,2392.1,14:20:44.767842747
1,2392.0,3,2392.1,14:20:44.767865561
1,2392.0,3,2392.1,14:20:44.767883868
1,2392.0,3,2392.1,14:20:44.767899424
1,2392.0,3,2392.1,14:20:44.768023033
1,2392.0,3,2392.1,14:20:44.768225894
1,2392.0,3,2392.1,14:20:44.768430497
1,2392.0,3,2392.1,14:20:44.768430497
1,2392.0,4,2392.1,14:20:44.773926080
1,2392.0,4,2392.1,14:20:44.774052139
14,2391.9,4,2392.1,14:20:44.774423290
11,2391.9,4,2392.1,14:20:44.774423290
11,2391.9,4,2392.1,14:20:44.774423290
11,2391.9,5,2392.1,14:20:44.774499234
11,2391.9,5,2392.1,14:20:44.774532338
11,2391.9,5,2392.1,14:20:44.774683599
10,2391.9,5,2392.1,14:20:44.774685689
9,2391.9,5,2392.1,14:20:44.774749514
9,2391.9,5,2392.1,14:20:44.774780670
9,2391.9,6,2392.1,14:20:44.774816130
8,2391.9,6,2392.1,14:20:44.774832674
8,2391.9,6,2392.1,14:20:44.774943275
8,2391.9,6,2392.1,14:20:44.774960427
8,2391.9,1,2392.0,14:20:44.774985073
8,2391.9,1,2392.0,14:20:44.775007004
8,2391.9,1,2392.0,14:20:44.775102910
8,2391.9,1,2392.0,14:20:44.775114798
8,2391.9,2,2392.0,14:20:44.775142540
8,2391.9,2,2392.0,14:20:44.775158908
8,2391.9,6,2392.1,14:20:44.775400080
8,2391.9,6,2392.1,14:20:44.775400080
8,2391.9,6,2392.1,14:20:44.775420503
2,2392.0,6,2392.1,14:20:44.775420503
2,2392.0,6,2392.1,14:20:44.775496041
2,2392.0,6,2392.1,14:20:44.775512483
2,2392.0,5,2392.1,14:20:44.775531596
2,2392.0,4,2392.1,14:20:44.775679100
2,2392.0,4,2392.1,14:20:44.775802034
2,2392.0,4,2392.1,14:20:44.776779887
2,2392.0,4,2392.1,14:20:44.784896432
2,2392.0,4,2392.1,14:20:44.785791003
2,2392.0,3,2392.1,14:20:44.786050583
1,2392.0,3,2392.1,14:20:44.861762539
1,2392.0,4,2392.1,14:20:44.861892081
10,2391.9,4,2392.1,14:20:44.862057931
10,2391.9,4,2392.1,14:20:44.862057931
10,2391.9,4,2392.1,14:20:44.862080651
9,2391.9,4,2392.1,14:20:44.862086745
10,2391.9,4,2392.1,14:20:44.862126489
10,2391.9,5,2392.1,14:20:44.862209870
9,2391.9,5,2392.1,14:20:44.862226084
8,2391.9,5,2392.1,14:20:44.862243902
7,2391.9,5,2392.1,14:20:44.862276984
7,2391.9,5,2392.1,14:20:44.862461318
7,2391.9,5,2392.1,14:20:45.308671682
6,2391.9,5,2392.1,14:20:45.546995174
6,2391.9,6,2392.1,14:20:45.547107083
6,2391.9,7,2392.1,14:20:45.632345996
7,2391.9,7,2392.1,14:20:46.027751284
8,2391.9,7,2392.1,14:20:47.020464906
8,2391.9,6,2392.1,14:20:47.020583187
9,2391.9,6,2392.1,14:20:47.021071267
9,2391.9,5,2392.1,14:20:47.021452288
9,2391.9,4,2392.1,14:20:47.021488648
1,2392.0,4,2392.1,14:20:47.022067475
1,2392.0,4,2392.1,14:20:47.022291009
1,2392.0,4,2392.1,14:20:47.022307217
1,2392.0,4,2392.1,14:20:47.022324232
12,2391.9,4,2392.1,14:20:47.022479999
12,2391.9,4,2392.1,14:20:47.022479999
11,2391.9,4,2392.1,14:20:47.022535757
10,2391.9,4,2392.1,14:20:47.022609698
9,2391.9,4,2392.1,14:20:47.022626149
10,2391.9,4,2392.1,14:20:47.023067611
1,2392.0,4,2392.1,14:20:48.890091802
1,2392.0,4,2392.1,14:20:48.890224506
1,2392.0,4,2392.1,14:20:48.890239648
1,2392.0,4,2392.1,14:20:48.890289630
1,2392.0,5,2392.1,14:20:50.125549884
13,2391.9,5,2392.1,14:20:50.125730854
13,2391.9,5,2392.1,14:20:50.125730854
12,2391.9,5,2392.1,14:20:50.125875836
11,2391.9,5,2392.1,14:20:50.125893318
10,2391.9,5,2392.1,14:20:50.125911247
10,2391.9,6,2392.1,14:20:50.134274776
10,2391.9,3,2392.1,14:20:50.309052328
1,2392.0,3,2392.1,14:20:50.309153685
2,2392.0,3,2392.1,14:20:50.309274681
2,2392.0,2,2392.1,14:20:50.309357857
2,2392.0,2,2392.1,14:20:50.309424300
2,2392.0,2,2392.1,14:20:50.309440233
3,2392.0,2,2392.1,14:20:50.309489383
3,2392.0,2,2392.1,14:20:50.309501137
3,2392.0,2,2392.1,14:20:50.309516519
3,2392.0,2,2392.1,14:20:50.309552658
3,2392.0,2,2392.1,14:20:50.309646714
4,2392.0,2,2392.1,14:20:50.309693506
3,2392.0,2,2392.1,14:20:50.309726379
3,2392.0,2,2392.1,14:20:50.312311792
3,2392.0,2,2392.1,14:20:50.313544249
3,2392.0,3,2392.1,14:20:50.707311229
2,2392.0,3,2392.1,14:20:50.707428579
2,2392.0,2,2392.1,14:20:50.997569794
2,2392.0,3,2392.1,14:20:51.129741683
1,2392.0,3,2392.1,14:20:51.129915638
1,2392.0,4,2392.1,14:20:51.129927655
12,2391.9,4,2392.1,14:20:51.130120231
12,2391.9,4,2392.1,14:20:51.130120231
12,2391.9,5,2392.1,14:20:51.130140910
11,2391.9,5,2392.1,14:20:51.130140910
11,2391.9,6,2392.1,14:20:51.130380816
11,2391.9,7,2392.1,14:20:51.130402877
10,2391.9,7,2392.1,14:20:51.130517919
9,2391.9,7,2392.1,14:20:51.130537814
9,2391.9,1,2392.0,14:20:51.130609921
8,2391.9,1,2392.0,14:20:51.131065005
8,2391.9,2,2392.0,14:20:51.131117745
8,2391.9,2,2392.0,14:20:51.131275166
8,2391.9,1,2392.0,14:20:51.206317883
8,2391.9,7,2392.1,14:20:51.206537314
8,2391.9,7,2392.1,14:20:51.206537314
9,2391.9,7,2392.1,14:20:51.206652449
9,2391.9,6,2392.1,14:20:51.206703302
9,2391.9,6,2392.1,14:20:51.206803461
9,2391.9,7,2392.1,14:20:51.218458614
9,2391.9,5,2392.1,14:20:51.227130011
9,2391.9,4,2392.1,14:20:51.227229123
1,2392.0,4,2392.1,14:20:51.227394525
1,2392.0,4,2392.1,14:20:51.227524384
1,2392.0,4,2392.1,14:20:51.227540023
1,2392.0,4,2392.1,14:20:51.227556592
1,2392.0,6,2392.1,14:20:51.245378837
12,2391.9,6,2392.1,14:20:51.245532693
12,2391.9,6,2392.1,14:20:51.245532693
11,2391.9,6,2392.1,14:20:51.245559583
11,2391.9,7,2392.1,14:20:51.245589446
11,2391.9,1,2392.0,14:20:51.245619936
10,2391.9,1,2392.0,14:20:51.245653095
9,2391.9,1,2392.0,14:20:51.245670395
9,2391.9,1,2392.0,14:20:51.245684670
8,2391.9,1,2392.0,14:20:51.245780730
8,2391.9,2,2392.0,14:20:51.245931363
8,2391.9,2,2392.0,14:20:51.245973626
8,2391.9,2,2392.0,14:20:51.247105429
8,2391.9,2,2392.0,14:20:51.247105429
8,2391.9,2,2392.0,14:20:51.251735157
7,2391.9,2,2392.0,14:20:51.390616040
7,2391.9,2,2392.0,14:20:51.390743073
7,2391.9,7,2392.1,14:20:51.412109552
7,2391.9,7,2392.1,14:20:51.412109552
7,2391.9,7,2392.1,14:20:51.412499154
8,2391.9,7,2392.1,14:20:52.607032097
8,2391.9,6,2392.1,14:20:52.652797042
9,2391.9,6,2392.1,14:20:52.652814649
1,2392.0,6,2392.1,14:20:52.652941374
1,2392.0,6,2392.1,14:20:52.653098424
1,2392.0,6,2392.1,14:20:52.653113912
1,2392.0,6,2392.1,14:20:52.653152726
1,2392.0,6,2392.1,14:20:52.657289846
2,2392.0,6,2392.1,14:20:52.932867495
2,2392.0,6,2392.1,14:20:53.686339690
2,2392.0,6,2392.1,14:20:53.777101531
1,2392.0,6,2392.1,14:20:54.368890747
1,2392.0,6,2392.1,14:20:54.369026907
2,2392.0,6,2392.1,14:20:55.431706016
3,2392.0,6,2392.1,14:20:55.431953000
4,2392.0,6,2392.1,14:20:55.431973657
4,2392.0,5,2392.1,14:20:55.431991020
5,2392.0,5,2392.1,14:20:55.432012998
5,2392.0,4,2392.1,14:20:55.432305858
4,2392.0,4,2392.1,14:20:55.432323677
5,2392.0,4,2392.1,14:20:55.432344083
4,2392.0,4,2392.1,14:20:55.432677370
4,2392.0,4,2392.1,14:20:55.432718532
5,2392.0,4,2392.1,14:20:55.432896542
4,2392.0,4,2392.1,14:20:55.433139178
3,2392.0,4,2392.1,14:20:56.078021458
2,2392.0,4,2392.1,14:20:56.078195462
1,2392.0,4,2392.1,14:20:56.078226985
10,2391.9,4,2392.1,14:20:56.078402237
10,2391.9,4,2392.1,14:20:56.078402237
1,2392.0,4,2392.1,14:20:56.078568455
1,2392.0,4,2392.1,14:20:56.078590702
1,2392.0,4,2392.1,14:20:56.078606238
2,2392.0,4,2392.1,14:20:56.078636092
3,2392.0,4,2392.1,14:20:56.078764171
3,2392.0,4,2392.1,14:20:56.088877229
4,2392.0,4,2392.1,14:20:56.604089270
4,2392.0,4,2392.1,14:20:56.604239913
4,2392.0,5,2392.1,14:20:57.248744215
3,2392.0,5,2392.1,14:20:57.248920919
3,2392.0,5,2392.1,14:20:57.727049165
3,2392.0,5,2392.1,14:20:57.873659499
4,2392.0,5,2392.1,14:20:57.873808606
4,2392.0,6,2392.1,14:21:00.210697528
3,2392.0,6,2392.1,14:21:00.210860849
1,2392.0,6,2392.1,14:21:00.211155034
1,2392.0,7,2392.1,14:21:00.211173682
10,2391.9,7,2392.1,14:21:00.211394523
10,2391.9,7,2392.1,14:21:00.211394523
10,2391.9,8,2392.1,14:21:00.211612663
9,2391.9,8,2392.1,14:21:00.211632641
8,2391.9,8,2392.1,14:21:00.211649393
9,2391.9,8,2392.1,14:21:00.255589380
9,2391.9,7,2392.1,14:21:00.255697962
9,2391.9,6,2392.1,14:21:01.101123437
10,2391.9,6,2392.1,14:21:02.000266229
10,2391.9,7,2392.1,14:21:02.999742960
10,2391.9,6,2392.1,14:21:03.000649337
10,2391.9,7,2392.1,14:21:03.474122987
10,2391.9,8,2392.1,14:21:03.474137314
9,2391.9,8,2392.1,14:21:03.474241254
8,2391.9,8,2392.1,14:21:03.474381743
8,2391.9,1,2392.0,14:21:03.474701795
8,2391.9,2,2392.0,14:21:03.475060116
8,2391.9,3,2392.0,14:21:03.475075377
8,2391.9,4,2392.0,14:21:03.475396519
8,2391.9,3,2392.0,14:21:03.475509606
8,2391.9,4,2392.0,14:21:03.475566820
8,2391.9,5,2392.0,14:21:03.475686112
8,2391.9,4,2392.0,14:21:03.475979380
8,2391.9,3,2392.0,14:21:03.476015316
8,2391.9,3,2392.0,14:21:03.476162724
8,2391.9,8,2392.1,14:21:03.588924106
8,2391.9,8,2392.1,14:21:03.588924106
8,2391.9,8,2392.1,14:21:03.589273682
9,2391.9,8,2392.1,14:21:03.589313004
8,2391.9,8,2392.1,14:21:04.303002363
9,2391.9,8,2392.1,14:21:04.464819719
9,2391.9,7,2392.1,14:21:04.852542046
9,2391.9,7,2392.1,14:21:04.852542046
8,2391.9,7,2392.1,14:21:05.304291764
8,2391.9,1,2392.0,14:21:05.492414725
8,2391.9,7,2392.1,14:21:05.503034287
8,2391.9,7,2392.1,14:21:05.503034287
9,2391.9,7,2392.1,14:21:10.768586202
9,2391.9,7,2392.1,14:21:11.106139164
9,2391.9,1,2392.0,14:21:13.610079584
9,2391.9,2,2392.0,14:21:13.610216982
9,2391.9,1,2392.0,14:21:13.610599867
9,2391.9,2,2392.0,14:21:13.610608545
9,2391.9,1,2392.0,14:21:13.610641375
9,2391.9,7,2392.1,14:21:13.610720067
9,2391.9,7,2392.1,14:21:13.610720067
9,2391.9,10,2392.2,14:21:16.188579729
9,2391.9,5,2392.3,14:21:16.188579729
9,2391.9,5,2392.3,14:21:16.188579729
9,2391.9,5,2392.3,14:21:16.188579729
1,2392.1,5,2392.3,14:21:16.188813666
1,2392.1,5,2392.3,14:21:16.188951439
1,2392.1,5,2392.3,14:21:16.188966714
1,2392.1,5,2392.3,14:21:16.188992877
1,2392.1,5,2392.3,14:21:16.189026484
1,2392.1,5,2392.3,14:21:16.189059508
1,2392.1,5,2392.3,14:21:16.189159827
1,2392.1,5,2392.3,14:21:16.189212682
1,2392.1,5,2392.3,14:21:16.189316915
1,2392.1,4,2392.3,14:21:16.189433314
1,2392.1,4,2392.3,14:21:16.189472525
1,2392.1,4,2392.3,14:21:16.189573705
1,2392.1,4,2392.3,14:21:16.189717541
1,2392.1,4,2392.3,14:21:16.189744143
1,2392.1,4,2392.3,14:21:16.189771098
1,2392.1,4,2392.3,14:21:16.189786336
1,2392.1,4,2392.3,14:21:16.189928140
1,2392.1,3,2392.3,14:21:16.189993841
1,2392.1,3,2392.3,14:21:16.190100937
1,2392.1,3,2392.3,14:21:16.190113799
1,2392.1,3,2392.3,14:21:16.190142503
1,2392.1,3,2392.3,14:21:16.190157764
2,2392.1,3,2392.3,14:21:16.190195567
3,2392.1,3,2392.3,14:21:16.190213765
3,2392.1,3,2392.3,14:21:16.190238688
4,2392.1,3,2392.3,14:21:16.190262045
4,2392.1,3,2392.3,14:21:16.190262045
4,2392.1,4,2392.3,14:21:16.190277501
4,2392.1,4,2392.3,14:21:16.190295556
4,2392.1,4,2392.3,14:21:16.190374860
4,2392.1,4,2392.3,14:21:16.190413654
4,2392.1,4,2392.3,14:21:16.190442055
4,2392.1,4,2392.3,14:21:16.190455556
5,2392.1,4,2392.3,14:21:16.190479947
5,2392.1,4,2392.3,14:21:16.190833410
5,2392.1,3,2392.2,14:21:16.190921242
6,2392.1,3,2392.2,14:21:16.191012047
7,2392.1,3,2392.2,14:21:16.191047420
7,2392.1,4,2392.2,14:21:16.191082375
7,2392.1,4,2392.2,14:21:16.191134299
8,2392.1,4,2392.2,14:21:16.191333964
8,2392.1,4,2392.2,14:21:16.191347471
8,2392.1,4,2392.2,14:21:16.191363379
8,2392.1,4,2392.2,14:21:16.191400432
7,2392.1,4,2392.2,14:21:16.191588798
6,2392.1,4,2392.2,14:21:16.191607515
6,2392.1,3,2392.2,14:21:16.191643750
6,2392.1,3,2392.2,14:21:16.191685178
5,2392.1,3,2392.2,14:21:16.191723744
5,2392.1,3,2392.2,14:21:16.191745182
4,2392.1,3,2392.2,14:21:16.191772184
3,2392.1,3,2392.2,14:21:16.191928565
3,2392.1,3,2392.2,14:21:16.192044464
2,2392.1,3,2392.2,14:21:16.192069211
1,2392.1,3,2392.2,14:21:16.192195018
1,2392.1,3,2392.2,14:21:16.192252344
1,2392.1,4,2392.2,14:21:16.192286185
1,2392.1,4,2392.2,14:21:16.192442057
1,2392.1,3,2392.2,14:21:16.199255247
1,2392.1,3,2392.2,14:21:16.199267961
1,2392.1,3,2392.2,14:21:16.199280751
1,2392.1,3,2392.2,14:21:16.199378097
1,2392.1,3,2392.2,14:21:16.199410386
1,2392.1,3,2392.2,14:21:16.199427717
7,2392.0,3,2392.2,14:21:16.230692385
7,2392.0,3,2392.2,14:21:16.230692385
7,2392.0,4,2392.2,14:21:16.230803859
7,2392.0,5,2392.2,14:21:16.230816435
6,2392.0,5,2392.2,14:21:16.230899038
6,2392.0,5,2392.2,14:21:16.230908994
5,2392.0,5,2392.2,14:21:16.230930637
6,2392.0,5,2392.2,14:21:16.239603653
8,2392.0,5,2392.2,14:21:16.239733713
1,2392.1,5,2392.2,14:21:16.239868838
1,2392.1,4,2392.2,14:21:16.239885809
1,2392.1,3,2392.2,14:21:16.239903435
2,2392.1,3,2392.2,14:21:16.240014614
2,2392.1,3,2392.2,14:21:16.240033856
2,2392.1,1,2392.2,14:21:16.276816562
3,2392.1,1,2392.2,14:21:16.276936484
4,2392.1,1,2392.2,14:21:16.276972116
5,2392.1,1,2392.2,14:21:16.277008485
6,2392.1,1,2392.2,14:21:16.277060636
6,2392.1,5,2392.3,14:21:16.277144077
6,2392.1,5,2392.3,14:21:16.277144077
7,2392.1,5,2392.3,14:21:16.277176425
7,2392.1,4,2392.3,14:21:16.277289602
7,2392.1,4,2392.3,14:21:16.277340760
7,2392.1,4,2392.3,14:21:16.280217267
7,2392.1,4,2392.3,14:21:16.289885259
8,2392.1,4,2392.3,14:21:16.347408725
1,2392.2,4,2392.3,14:21:16.347554020
1,2392.2,3,2392.3,14:21:16.347580591
1,2392.2,2,2392.3,14:21:16.347665990
1,2392.2,2,2392.3,14:21:16.347677021
1,2392.2,1,2392.3,14:21:16.347741836
8,2392.1,1,2392.3,14:21:16.347917794
8,2392.1,1,2392.3,14:21:16.347917794
8,2392.1,4,2392.4,14:21:16.347962621
8,2392.1,4,2392.4,14:21:16.347962621
8,2392.1,1,2392.3,14:21:16.348018372
8,2392.1,2,2392.3,14:21:16.348035019
8,2392.1,3,2392.3,14:21:16.348077807
8,2392.1,4,2392.3,14:21:16.348109385
8,2392.1,5,2392.3,14:21:16.348128374
8,2392.1,6,2392.3,14:21:16.348142019
8,2392.1,7,2392.3,14:21:16.348158848
8,2392.1,8,2392.3,14:21:16.348173335
7,2392.1,8,2392.3,14:21:16.348192503
7,2392.1,8,2392.3,14:21:16.348205899
7,2392.1,8,2392.3,14:21:16.348224037
7,2392.1,8,2392.3,14:21:16.348236700
7,2392.1,8,2392.3,14:21:16.348269606
7,2392.1,7,2392.3,14:21:16.348337166
6,2392.1,7,2392.3,14:21:16.348358987
6,2392.1,7,2392.3,14:21:16.348374827
6,2392.1,6,2392.3,14:21:16.348426502
6,2392.1,6,2392.3,14:21:16.589258488
7,2392.1,6,2392.3,14:21:16.685083650
7,2392.1,6,2392.3,14:21:16.685203694
7,2392.1,5,2392.3,14:21:17.032238587
1,2392.2,5,2392.3,14:21:17.032506739
1,2392.2,4,2392.3,14:21:17.032524043
1,2392.2,3,2392.3,14:21:17.032593148
1,2392.2,2,2392.3,14:21:17.032613528
1,2392.2,1,2392.3,14:21:17.032827050
1,2392.2,1,2392.3,14:21:17.033342999
1,2392.2,1,2392.3,14:21:17.033538594
1,2392.2,1,2392.3,14:21:17.034295182
1,2392.2,2,2392.3,14:21:17.036770419
5,2392.1,2,2392.3,14:21:17.060076817
5,2392.1,2,2392.3,14:21:17.060076817
5,2392.1,3,2392.3,14:21:17.060098187
5,2392.1,4,2392.3,14:21:17.060166400
5,2392.1,5,2392.3,14:21:17.060182205
5,2392.1,6,2392.3,14:21:17.060215553
5,2392.1,7,2392.3,14:21:17.060232225
5,2392.1,8,2392.3,14:21:17.060266242
5,2392.1,1,2392.2,14:21:17.060307411
5,2392.1,1,2392.2,14:21:17.060359783
5,2392.1,1,2392.2,14:21:17.060392087
5,2392.1,1,2392.2,14:21:17.060455635
4,2392.1,1,2392.2,14:21:17.060491178
3,2392.1,1,2392.2,14:21:17.060639200
2,2392.1,1,2392.2,14:21:17.140201595
1,2392.1,1,2392.2,14:21:17.140342017
1,2392.1,6,2392.3,14:21:17.140358085
1,2392.1,6,2392.3,14:21:17.140358085
1,2392.1,1,2392.2,14:21:17.140504794
1,2392.1,1,2392.2,14:21:17.140527243
2,2392.1,1,2392.2,14:21:17.140980133
2,2392.1,2,2392.2,14:21:17.141228285
3,2392.1,2,2392.2,14:21:17.146182330
3,2392.1,1,2392.2,14:21:17.146335140
3,2392.1,6,2392.3,14:21:17.147982500
3,2392.1,6,2392.3,14:21:17.147982500
3,2392.1,1,2392.2,14:21:17.232776252
3,2392.1,1,2392.2,14:21:17.232862417
3,2392.1,2,2392.2,14:21:17.232903922
3,2392.1,3,2392.2,14:21:17.232992189
3,2392.1,2,2392.2,14:21:17.233062878
3,2392.1,1,2392.2,14:21:17.243513067
3,2392.1,1,2392.2,14:21:17.244079906
3,2392.1,6,2392.3,14:21:17.858588258
3,2392.1,6,2392.3,14:21:17.858588258
4,2392.1,6,2392.3,14:21:17.858841527
4,2392.1,1,2392.2,14:21:17.858864337
4,2392.1,6,2392.3,14:21:17.858977523
4,2392.1,6,2392.3,14:21:17.858977523
3,2392.1,6,2392.3,14:21:17.975912049
3,2392.1,1,2392.2,14:21:17.976000959
3,2392.1,2,2392.2,14:21:17.976044474
3,2392.1,3,2392.2,14:21:17.976061902
4,2392.1,3,2392.2,14:21:17.976085058
3,2392.1,3,2392.2,14:21:17.976161609
3,2392.1,2,2392.2,14:21:17.976196913
3,2392.1,1,2392.2,14:21:17.976255020
3,2392.1,6,2392.3,14:21:17.976274514
3,2392.1,6,2392.3,14:21:17.976274514
3,2392.1,1,2392.2,14:21:17.981656472
3,2392.1,1,2392.2,14:21:18.128104591
3,2392.1,6,2392.3,14:21:18.505826640
3,2392.1,6,2392.3,14:21:18.505826640
8,2392.0,6,2392.3,14:21:18.782017422
8,2392.0,6,2392.3,14:21:18.782017422
8,2392.0,1,2392.2,14:21:18.782125194
8,2392.0,2,2392.2,14:21:18.782151150
8,2392.0,3,2392.2,14:21:18.782248227
8,2392.0,4,2392.2,14:21:18.782265719
8,2392.0,5,2392.2,14:21:18.782281744
8,2392.0,6,2392.2,14:21:18.782350821
8,2392.0,7,2392.2,14:21:18.782437396
8,2392.0,7,2392.2,14:21:18.782450967
7,2392.0,7,2392.2,14:21:18.782469422
7,2392.0,7,2392.2,14:21:18.782484325
1,2392.1,7,2392.2,14:21:18.782511855
1,2392.1,8,2392.2,14:21:18.782626858
1,2392.1,7,2392.2,14:21:18.782674899
1,2392.1,8,2392.2,14:21:18.782690534
1,2392.1,7,2392.2,14:21:18.782705882
7,2392.0,7,2392.2,14:21:18.782769627
7,2392.0,7,2392.2,14:21:18.782769627
7,2392.0,6,2392.2,14:21:18.782793787
7,2392.0,5,2392.2,14:21:18.782864502
7,2392.0,4,2392.2,14:21:18.782881607
1,2392.1,4,2392.2,14:21:18.782906957
1,2392.1,4,2392.2,14:21:18.783157849
1,2392.1,4,2392.2,14:21:18.785081222
7,2392.0,4,2392.2,14:21:18.814440409
7,2392.0,4,2392.2,14:21:18.814440409
7,2392.0,4,2392.2,14:21:18.814595600
7,2392.0,5,2392.2,14:21:18.826331717
7,2392.0,5,2392.2,14:21:18.826454968
7,2392.0,5,2392.1,14:21:18.852806043
6,2392.0,5,2392.1,14:21:18.853010118
5,2392.0,5,2392.1,14:21:18.853029953
5,2392.0,5,2392.1,14:21:18.853042465
5,2392.0,5,2392.1,14:21:18.853074468
5,2392.0,5,2392.1,14:21:18.853128623
3,2392.0,5,2392.1,14:21:18.853151388
3,2392.0,5,2392.1,14:21:18.853182102
3,2392.0,5,2392.1,14:21:18.853471487
3,2392.0,5,2392.1,14:21:18.853509357
2,2392.0,5,2392.1,14:21:18.853699745
2,2392.0,5,2392.1,14:21:18.853711540
2,2392.0,7,2392.2,14:21:18.853891847
2,2392.0,7,2392.2,14:21:18.853891847
13,2391.9,7,2392.2,14:21:18.854020967
13,2391.9,7,2392.2,14:21:18.854020967
13,2391.9,6,2392.2,14:21:18.854180245
13,2391.9,1,2392.1,14:21:18.854204100
13,2391.9,2,2392.1,14:21:18.854248492
13,2391.9,3,2392.1,14:21:18.854266099
13,2391.9,4,2392.1,14:21:18.854281050
13,2391.9,4,2392.1,14:21:18.854294483
13,2391.9,5,2392.1,14:21:18.854314336
13,2391.9,5,2392.1,14:21:18.854345959
13,2391.9,5,2392.1,14:21:18.854636461
13,2391.9,5,2392.1,14:21:18.854651499
13,2391.9,6,2392.1,14:21:18.854708191
13,2391.9,7,2392.1,14:21:18.854824293
13,2391.9,7,2392.1,14:21:18.854838987
13,2391.9,6,2392.1,14:21:18.854912096
13,2391.9,7,2392.1,14:21:18.854928685
12,2391.9,7,2392.1,14:21:18.854948010
12,2391.9,7,2392.1,14:21:18.855009327
12,2391.9,7,2392.1,14:21:18.855025586
12,2391.9,7,2392.1,14:21:18.855054139
12,2391.9,6,2392.1,14:21:18.855102925
12,2391.9,5,2392.1,14:21:18.855266141
12,2391.9,5,2392.1,14:21:18.864625482
11,2391.9,5,2392.1,14:21:18.870749916
10,2391.9,5,2392.1,14:21:18.870866241
10,2391.9,6,2392.1,14:21:18.870882613
10,2391.9,7,2392.1,14:21:18.870898822
10,2391.9,6,2392.1,14:21:18.885983007
10,2391.9,6,2392.1,14:21:18.886114607
1,2392.0,6,2392.1,14:21:18.955388739
1,2392.0,5,2392.1,14:21:18.955505650
1,2392.0,5,2392.1,14:21:18.955519222
1,2392.0,4,2392.1,14:21:18.955537241
1,2392.0,4,2392.1,14:21:18.955656096
1,2392.0,3,2392.1,14:21:18.955671452
2,2392.0,3,2392.1,14:21:19.043618896
1,2392.0,3,2392.1,14:21:19.043805012
1,2392.0,2,2392.1,14:21:19.043907017
2,2392.0,2,2392.1,14:21:19.044040431
2,2392.0,1,2392.1,14:21:19.044173637
2,2392.0,10,2392.2,14:21:19.044194419
2,2392.0,10,2392.2,14:21:19.044194419
3,2392.0,10,2392.2,14:21:19.044220330
3,2392.0,9,2392.2,14:21:19.044264875
4,2392.0,9,2392.2,14:21:19.044291553
4,2392.0,8,2392.2,14:21:19.044385526
4,2392.0,7,2392.2,14:21:19.044401190
4,2392.0,6,2392.2,14:21:19.044612856
5,2392.0,6,2392.2,14:21:19.044695600
1,2392.1,6,2392.2,14:21:19.044736512
1,2392.1,6,2392.2,14:21:19.044865536
1,2392.1,5,2392.2,14:21:19.044883838
1,2392.1,5,2392.2,14:21:19.045015491
6,2392.0,5,2392.2,14:21:19.061896609
6,2392.0,5,2392.2,14:21:19.061896609
1,2392.1,5,2392.2,14:21:19.152021144
1,2392.1,4,2392.2,14:21:19.152129223
1,2392.1,4,2392.2,14:21:19.152141383
1,2392.1,4,2392.2,14:21:19.153194272
1,2392.1,3,2392.2,14:21:19.155423072
1,2392.1,3,2392.2,14:21:19.155527576
1,2392.1,2,2392.2,14:21:19.155545387
1,2392.1,2,2392.2,14:21:19.155558604
1,2392.1,2,2392.2,14:21:19.155678919
2,2392.1,2,2392.2,14:21:19.162767066
2,2392.1,1,2392.2,14:21:19.162899767
2,2392.1,1,2392.2,14:21:19.163293380
3,2392.1,1,2392.2,14:21:19.181769078
3,2392.1,1,2392.2,14:21:19.181876057
3,2392.1,6,2392.3,14:21:19.181934800
3,2392.1,6,2392.3,14:21:19.181934800
3,2392.1,6,2392.3,14:21:19.182045369
3,2392.1,1,2392.2,14:21:19.182087344
3,2392.1,2,2392.2,14:21:19.184163264
2,2392.1,2,2392.2,14:21:19.187810893
1,2392.1,2,2392.2,14:21:19.193043833
2,2392.1,2,2392.2,14:21:19.286083134
2,2392.1,1,2392.2,14:21:19.286243698
3,2392.1,1,2392.2,14:21:19.604235637
3,2392.1,2,2392.2,14:21:21.348630731
2,2392.1,2,2392.2,14:21:21.348777445
1,2392.1,2,2392.2,14:21:21.350126447
1,2392.1,3,2392.2,14:21:21.350243707
1,2392.1,3,2392.2,14:21:23.228688483
1,2392.1,4,2392.2,14:21:25.365559556
6,2392.0,4,2392.2,14:21:25.365864120
6,2392.0,4,2392.2,14:21:25.365864120
5,2392.0,4,2392.2,14:21:25.365897935
5,2392.0,1,2392.1,14:21:25.365907365
5,2392.0,1,2392.1,14:21:25.366040309
11,2391.9,1,2392.1,14:21:25.366129009
11,2391.9,1,2392.1,14:21:25.366129009
11,2391.9,2,2392.1,14:21:25.366168690
11,2391.9,2,2392.1,14:21:25.366180024
11,2391.9,2,2392.1,14:21:25.366215800
11,2391.9,2,2392.1,14:21:25.366280154
11,2391.9,2,2392.1,14:21:25.366323134
11,2391.9,2,2392.1,14:21:25.366358846
11,2391.9,1,2392.1,14:21:25.366418880
11,2391.9,2,2392.1,14:21:25.366547417
11,2391.9,2,2392.1,14:21:25.366555744
11,2391.9,3,2392.1,14:21:25.366595197
11,2391.9,4,2392.1,14:21:25.366726565
11,2391.9,5,2392.1,14:21:25.366797848
10,2391.9,5,2392.1,14:21:25.366832030
10,2391.9,6,2392.1,14:21:25.366914999
10,2391.9,7,2392.1,14:21:25.366939806
10,2391.9,8,2392.1,14:21:25.366955912
10,2391.9,9,2392.1,14:21:25.367049395
1,2392.0,9,2392.1,14:21:25.367120577
2,2392.0,9,2392.1,14:21:25.367182466
1,2392.0,9,2392.1,14:21:25.367284721
1,2392.0,9,2392.1,14:21:25.367452200
1,2392.0,9,2392.1,14:21:25.367464552
1,2392.0,8,2392.1,14:21:25.367496243
9,2391.9,8,2392.1,14:21:25.367521504
9,2391.9,8,2392.1,14:21:25.367521504
9,2391.9,8,2392.1,14:21:25.367562058
9,2391.9,8,2392.1,14:21:25.367575322
9,2391.9,8,2392.1,14:21:25.367587854
9,2391.9,8,2392.1,14:21:25.367600673
9,2391.9,1,2392.0,14:21:25.367625595
9,2391.9,1,2392.0,14:21:25.367651503
9,2391.9,8,2392.1,14:21:25.367824440
9,2391.9,8,2392.1,14:21:25.367824440
9,2391.9,7,2392.1,14:21:25.367850195
9,2391.9,6,2392.1,14:21:25.367860134
9,2391.9,6,2392.1,14:21:25.367874913
9,2391.9,6,2392.1,14:21:25.367970418
8,2391.9,6,2392.1,14:21:25.367989164
8,2391.9,6,2392.1,14:21:25.368001782
8,2391.9,6,2392.1,14:21:25.368016551
8,2391.9,6,2392.1,14:21:25.370855191
9,2391.9,6,2392.1,14:21:25.371504921
9,2391.9,5,2392.1,14:21:25.371616661
9,2391.9,4,2392.1,14:21:25.371633023
9,2391.9,4,2392.1,14:21:25.371647590
1,2392.0,4,2392.1,14:21:25.372202049
1,2392.0,4,2392.1,14:21:25.372439881
1,2392.0,3,2392.1,14:21:25.372595587
1,2392.0,4,2392.1,14:21:25.373561053
9,2391.9,4,2392.1,14:21:25.373583786
9,2391.9,4,2392.1,14:21:25.373583786
9,2391.9,4,2392.1,14:21:25.374912161
9,2391.9,4,2392.1,14:21:25.376244806
9,2391.9,5,2392.1,14:21:25.379322586
9,2391.9,6,2392.1,14:21:25.379338222
8,2391.9,6,2392.1,14:21:25.379377573
8,2391.9,7,2392.1,14:21:25.379469018
8,2391.9,7,2392.1,14:21:25.379484158
8,2391.9,7,2392.1,14:21:25.379498222
8,2391.9,6,2392.1,14:21:25.379516331
6,2391.9,6,2392.1,14:21:25.379537355
6,2391.9,6,2392.1,14:21:25.379646481
7,2391.9,6,2392.1,14:21:25.380862899
1,2392.0,6,2392.1,14:21:25.382360919
1,2392.0,5,2392.1,14:21:25.382492045
1,2392.0,5,2392.1,14:21:25.382522240
1,2392.0,4,2392.1,14:21:25.382541171
1,2392.0,4,2392.1,14:21:25.382608822
1,2392.0,3,2392.1,14:21:25.382685249
1,2392.0,2,2392.1,14:21:25.382795645
1,2392.0,1,2392.1,14:21:25.382919807
1,2392.0,2,2392.1,14:21:25.382939632
2,2392.0,2,2392.1,14:21:25.384589844
2,2392.0,3,2392.1,14:21:25.384601675
1,2392.0,3,2392.1,14:21:25.384880561
1,2392.0,3,2392.1,14:21:25.384937797
2,2392.0,3,2392.1,14:21:25.384968671
2,2392.0,2,2392.1,14:21:25.385117829
3,2392.0,2,2392.1,14:21:25.385233921
3,2392.0,8,2392.2,14:21:25.385367668
3,2392.0,8,2392.2,14:21:25.385367668
4,2392.0,8,2392.2,14:21:25.385459401
5,2392.0,8,2392.2,14:21:25.385498746
1,2392.1,8,2392.2,14:21:25.385670122
1,2392.1,7,2392.2,14:21:25.385747474
1,2392.1,6,2392.2,14:21:25.385817335
1,2392.1,6,2392.2,14:21:25.385836958
1,2392.1,6,2392.2,14:21:25.385865918
1,2392.1,5,2392.2,14:21:25.385882881
1,2392.1,5,2392.2,14:21:25.385919736
1,2392.1,4,2392.2,14:21:25.385935263
1,2392.1,4,2392.2,14:21:25.385950181
1,2392.1,4,2392.2,14:21:25.385967724
2,2392.1,4,2392.2,14:21:25.393340917
2,2392.1,4,2392.2,14:21:25.393491467
2,2392.1,3,2392.2,14:21:25.393603169
2,2392.1,2,2392.2,14:21:25.393738326
2,2392.1,3,2392.2,14:21:25.397240419
1,2392.1,3,2392.2,14:21:25.397765991
2,2392.1,3,2392.2,14:21:25.402862721
1,2392.1,3,2392.2,14:21:25.414247727
2,2392.1,3,2392.2,14:21:25.481569839
3,2392.1,3,2392.2,14:21:25.481694695
3,2392.1,2,2392.2,14:21:25.481713294
3,2392.1,2,2392.2,14:21:25.486079200
3,2392.1,2,2392.2,14:21:25.543925942
3,2392.1,1,2392.2,14:21:25.665928314
4,2392.1,1,2392.2,14:21:25.665967944
5,2392.1,1,2392.2,14:21:25.666185145
5,2392.1,7,2392.3,14:21:25.666309209
5,2392.1,7,2392.3,14:21:25.666309209
6,2392.1,7,2392.3,14:21:25.666413361
6,2392.1,6,2392.3,14:21:25.666524676
6,2392.1,6,2392.3,14:21:25.666538282
6,2392.1,6,2392.3,14:21:25.666581835
6,2392.1,6,2392.3,14:21:25.666685274
6,2392.1,6,2392.3,14:21:25.666748325
5,2392.1,6,2392.3,14:21:25.666774904
5,2392.1,6,2392.3,14:21:25.667001277
5,2392.1,6,2392.3,14:21:25.667100623
3,2392.1,6,2392.3,14:21:27.550596543
3,2392.1,1,2392.2,14:21:27.550693288
3,2392.1,1,2392.2,14:21:27.550746988
2,2392.1,1,2392.2,14:21:27.550774451
1,2392.1,1,2392.2,14:21:27.550806960
1,2392.1,2,2392.2,14:21:27.550826193
8,2392.0,2,2392.2,14:21:27.550871756
8,2392.0,2,2392.2,14:21:27.550871756
8,2392.0,3,2392.2,14:21:27.550928035
7,2392.0,3,2392.2,14:21:27.550974727
7,2392.0,2,2392.2,14:21:27.551026037
7,2392.0,3,2392.2,14:21:27.551081859
8,2392.0,3,2392.2,14:21:27.551118474
1,2392.1,3,2392.2,14:21:27.562091789
2,2392.1,3,2392.2,14:21:27.562235002
2,2392.1,2,2392.2,14:21:27.562303455
3,2392.1,2,2392.2,14:21:27.564681199
3,2392.1,1,2392.2,14:21:27.564960999
3,2392.1,7,2392.3,14:21:27.565077386
3,2392.1,7,2392.3,14:21:27.565077386
3,2392.1,6,2392.3,14:21:27.565200502
3,2392.1,6,2392.3,14:21:27.899336840
3,2392.1,6,2392.3,14:21:28.025392523
4,2392.1,6,2392.3,14:21:28.032921193
4,2392.1,6,2392.3,14:21:29.178526177
5,2392.1,6,2392.3,14:21:29.314606001
6,2392.1,6,2392.3,14:21:30.269788174
6,2392.1,5,2392.3,14:21:30.269915409
6,2392.1,4,2392.3,14:21:30.269951544
6,2392.1,4,2392.3,14:21:30.270046646
6,2392.1,3,2392.3,14:21:30.287539952
1,2392.2,3,2392.3,14:21:30.366300473
1,2392.2,2,2392.3,14:21:30.366453248
2,2392.2,2,2392.3,14:21:30.366482508
6,2392.1,2,2392.3,14:21:30.366601305
6,2392.1,2,2392.3,14:21:30.366601305
7,2392.1,2,2392.3,14:21:30.367923021
7,2392.1,2,2392.3,14:21:30.369093229
7,2392.1,2,2392.3,14:21:30.369108139
7,2392.1,3,2392.3,14:21:30.369261602
7,2392.1,4,2392.3,14:21:30.369266145
7,2392.1,5,2392.3,14:21:30.369312802
7,2392.1,6,2392.3,14:21:30.369348912
7,2392.1,6,2392.3,14:21:30.369364698
1,2392.2,6,2392.3,14:21:30.369391316
1,2392.2,6,2392.3,14:21:30.369415143
1,2392.2,5,2392.3,14:21:30.369567672
1,2392.2,4,2392.3,14:21:30.369585282
1,2392.2,3,2392.3,14:21:30.369617407
1,2392.2,3,2392.3,14:21:30.369665514
1,2392.2,3,2392.3,14:21:30.377332493
1,2392.2,3,2392.3,14:21:30.413153682
1,2392.2,3,2392.3,14:21:30.585414402
1,2392.2,3,2392.3,14:21:30.585414402
1,2392.2,4,2392.3,14:21:32.501417151
7,2392.1,4,2392.3,14:21:32.501697822
7,2392.1,4,2392.3,14:21:32.501697822
7,2392.1,5,2392.3,14:21:32.501785004
7,2392.1,6,2392.3,14:21:32.501949622
8,2392.1,6,2392.3,14:21:32.502689858
8,2392.1,5,2392.3,14:21:32.502809969
8,2392.1,4,2392.3,14:21:32.503892311
8,2392.1,4,2392.3,14:21:33.665662361
8,2392.1,5,2392.3,14:21:34.208492705
8,2392.1,5,2392.3,14:21:34.208825496
8,2392.1,9,2392.3,14:21:35.410127210
8,2392.1,1,2392.2,14:21:35.410289715
7,2392.1,1,2392.2,14:21:35.410362456
7,2392.1,2,2392.2,14:21:35.410393026
6,2392.1,2,2392.2,14:21:35.410407443
5,2392.1,2,2392.2,14:21:35.410468304
5,2392.1,3,2392.2,14:21:35.410524930
4,2392.1,3,2392.2,14:21:35.410608585
4,2392.1,3,2392.2,14:21:35.410783668
3,2392.1,3,2392.2,14:21:35.410819803
2,2392.1,3,2392.2,14:21:35.413156067
2,2392.1,3,2392.2,14:21:35.444875244
2,2392.1,2,2392.2,14:21:35.495321741
2,2392.1,3,2392.2,14:21:35.495477403
2,2392.1,3,2392.2,14:21:35.613167740
2,2392.1,4,2392.2,14:21:36.416203127
2,2392.1,4,2392.2,14:21:37.677788546
10,2392.0,4,2392.2,14:21:38.024082471
10,2392.0,4,2392.2,14:21:38.024082471
10,2392.0,5,2392.2,14:21:38.024113861
10,2392.0,6,2392.2,14:21:38.024251546
10,2392.0,6,2392.2,14:21:38.024412756
10,2392.0,6,2392.2,14:21:38.024514605
10,2392.0,1,2392.1,14:21:38.024541792
10,2392.0,1,2392.1,14:21:38.024855242
10,2392.0,1,2392.1,14:21:38.024885553
10,2392.0,1,2392.1,14:21:38.024901227
10,2392.0,8,2392.2,14:21:38.024942994
10,2392.0,8,2392.2,14:21:38.024942994
10,2392.0,7,2392.2,14:21:38.025050695
10,2392.0,6,2392.2,14:21:38.025066977
10,2392.0,5,2392.2,14:21:38.025092309
10,2392.0,4,2392.2,14:21:38.025448854
10,2392.0,4,2392.2,14:21:38.032366491
10,2392.0,4,2392.2,14:21:38.097314572
11,2392.0,4,2392.2,14:21:38.742349893
1,2392.1,4,2392.2,14:21:38.742513826
1,2392.1,4,2392.2,14:21:38.742531721
1,2392.1,3,2392.2,14:21:38.742618788
2,2392.1,3,2392.2,14:21:38.742659365
2,2392.1,3,2392.2,14:21:38.742689679
2,2392.1,2,2392.2,14:21:38.742759348
1,2392.1,2,2392.2,14:21:38.742791726
1,2392.1,2,2392.2,14:21:38.742797765
1,2392.1,1,2392.2,14:21:38.742907252
2,2392.1,1,2392.2,14:21:38.743038220
2,2392.1,9,2392.3,14:21:38.743157497
2,2392.1,9,2392.3,14:21:38.743157497
2,2392.1,9,2392.3,14:21:38.743284331
3,2392.1,9,2392.3,14:21:38.743305759
4,2392.1,9,2392.3,14:21:38.743331439
5,2392.1,9,2392.3,14:21:38.813193612
5,2392.1,9,2392.3,14:21:38.813206297
5,2392.1,9,2392.3,14:21:38.949802487
5,2392.1,9,2392.3,14:21:40.207827877
6,2392.1,9,2392.3,14:21:40.280655894
6,2392.1,8,2392.3,14:21:40.280803813
6,2392.1,7,2392.3,14:21:40.280837443
7,2392.1,7,2392.3,14:21:40.292901990
1,2392.2,7,2392.3,14:21:41.645754427
1,2392.2,7,2392.3,14:21:41.645945756
1,2392.2,7,2392.3,14:21:41.646109842
2,2392.2,7,2392.3,14:21:41.646158992
2,2392.2,6,2392.3,14:21:41.646308521
3,2392.2,6,2392.3,14:21:41.646706196
3,2392.2,5,2392.3,14:21:41.646814637
3,2392.2,5,2392.3,14:21:41.646866194
3,2392.2,5,2392.3,14:21:41.696778206
3,2392.2,5,2392.3,14:21:41.717944612
4,2392.2,5,2392.3,14:21:41.718062304
4,2392.2,6,2392.4,14:21:41.718365994
4,2392.2,6,2392.4,14:21:41.718365994
4,2392.2,5,2392.4,14:21:41.718389257
5,2392.2,5,2392.4,14:21:41.718515430
6,2392.2,5,2392.4,14:21:41.718554548
6,2392.2,4,2392.4,14:21:41.718568478
1,2392.3,4,2392.4,14:21:41.718602843
1,2392.3,3,2392.4,14:21:41.718626169
1,2392.3,2,2392.4,14:21:41.718679443
1,2392.3,2,2392.4,14:21:41.718747198
1,2392.3,2,2392.4,14:21:41.718821427
1,2392.3,2,2392.4,14:21:41.718872407
2,2392.3,2,2392.4,14:21:41.718979897
2,2392.3,2,2392.4,14:21:41.719004403
2,2392.3,2,2392.4,14:21:41.719017914
2,2392.3,2,2392.4,14:21:41.719033210
2,2392.3,2,2392.4,14:21:41.719142297
2,2392.3,2,2392.4,14:21:41.719287811
2,2392.3,2,2392.4,14:21:41.719302166
2,2392.3,2,2392.4,14:21:41.719316502
2,2392.3,2,2392.4,14:21:41.719330013
2,2392.3,2,2392.4,14:21:41.719343744
1,2392.3,2,2392.4,14:21:41.719492741
1,2392.3,2,2392.4,14:21:41.719642429
1,2392.3,2,2392.4,14:21:41.719673997
1,2392.3,2,2392.4,14:21:41.790439777
2,2392.3,2,2392.4,14:21:41.790970930
2,2392.3,1,2392.4,14:21:41.791157451
2,2392.3,1,2392.4,14:21:41.791171513
2,2392.3,1,2392.4,14:21:41.791187116
2,2392.3,1,2392.4,14:21:41.791325670
2,2392.3,1,2392.4,14:21:41.791446811
3,2392.3,1,2392.4,14:21:41.791466978
3,2392.3,9,2392.5,14:21:41.791466978
3,2392.3,9,2392.5,14:21:41.791466978
4,2392.3,9,2392.5,14:21:41.791585960
4,2392.3,8,2392.5,14:21:41.791630418
4,2392.3,8,2392.5,14:21:41.791644127
4,2392.3,9,2392.5,14:21:41.791659730
4,2392.3,9,2392.5,14:21:41.792039015
4,2392.3,9,2392.5,14:21:41.792039015
4,2392.3,9,2392.5,14:21:41.793997301
4,2392.3,9,2392.5,14:21:41.802070129
4,2392.3,9,2392.5,14:21:41.806270607
4,2392.3,9,2392.5,14:21:41.806391345
3,2392.3,9,2392.5,14:21:42.100145823
3,2392.3,1,2392.4,14:21:42.100247837
3,2392.3,2,2392.4,14:21:42.100294385
3,2392.3,3,2392.4,14:21:42.100312648
3,2392.3,2,2392.4,14:21:42.100487394
3,2392.3,2,2392.4,14:21:42.100522115
3,2392.3,2,2392.4,14:21:42.162110784
3,2392.3,2,2392.4,14:21:42.183164635
3,2392.3,2,2392.4,14:21:42.213193211
3,2392.3,2,2392.4,14:21:42.213207579
3,2392.3,1,2392.4,14:21:43.653257246
4,2392.3,1,2392.4,14:21:43.653278287
4,2392.3,9,2392.5,14:21:43.653988698
4,2392.3,9,2392.5,14:21:43.653988698
4,2392.3,8,2392.5,14:21:43.654128543
5,2392.3,8,2392.5,14:21:43.654215864
6,2392.3,8,2392.5,14:21:43.654234626
6,2392.3,7,2392.5,14:21:43.654277631
6,2392.3,6,2392.5,14:21:43.654363716
1,2392.4,6,2392.5,14:21:43.654391588
1,2392.4,5,2392.5,14:21:43.654408194
1,2392.4,5,2392.5,14:21:43.654575106
1,2392.4,4,2392.5,14:21:43.654593759
1,2392.4,4,2392.5,14:21:43.654606927
1,2392.4,4,2392.5,14:21:43.654840366
2,2392.4,4,2392.5,14:21:43.655833384
2,2392.4,4,2392.5,14:21:43.655841922
2,2392.4,3,2392.5,14:21:43.655969138
2,2392.4,3,2392.5,14:21:43.656003013
1,2392.4,3,2392.5,14:21:45.395520163
1,2392.4,4,2392.5,14:21:45.395645014
1,2392.4,5,2392.5,14:21:45.395660915
1,2392.4,6,2392.5,14:21:45.395772309
5,2392.3,6,2392.5,14:21:45.395869348
5,2392.3,6,2392.5,14:21:45.395869348
5,2392.3,7,2392.5,14:21:45.396064975
5,2392.3,8,2392.5,14:21:45.396098962
5,2392.3,8,2392.5,14:21:45.396142643
4,2392.3,8,2392.5,14:21:45.396164116
3,2392.3,8,2392.5,14:21:45.396184171
3,2392.3,1,2392.4,14:21:45.396345213
2,2392.3,1,2392.4,14:21:45.396549982
3,2392.3,1,2392.4,14:21:45.407384284
3,2392.3,8,2392.5,14:21:45.407496446
3,2392.3,8,2392.5,14:21:45.407496446
4,2392.3,8,2392.5,14:21:45.866027235
4,2392.3,8,2392.5,14:21:46.523599028
5,2392.3,8,2392.5,14:21:47.090647082
6,2392.3,8,2392.5,14:21:48.647903425
6,2392.3,7,2392.5,14:21:48.647919902
6,2392.3,6,2392.5,14:21:48.648047501
6,2392.3,5,2392.5,14:21:48.648094315
1,2392.4,5,2392.5,14:21:48.660447446
1,2392.4,4,2392.5,14:21:48.660635956
1,2392.4,3,2392.5,14:21:48.660654923
2,2392.4,3,2392.5,14:21:48.660779651
2,2392.4,3,2392.5,14:21:48.660783278
3,2392.4,3,2392.5,14:21:48.660892214
3,2392.4,2,2392.5,14:21:48.660986168
3,2392.4,2,2392.5,14:21:48.660997788
3,2392.4,2,2392.5,14:21:48.661029932
3,2392.4,2,2392.5,14:21:48.661049388
3,2392.4,1,2392.5,14:21:48.661260545
4,2392.4,1,2392.5,14:21:48.661532016
4,2392.4,1,2392.5,14:21:48.661640729
4,2392.4,1,2392.5,14:21:48.662055716
4,2392.4,1,2392.5,14:21:48.662098434
4,2392.4,4,2392.6,14:21:48.758629199
4,2392.4,4,2392.6,14:21:48.758629199
5,2392.4,4,2392.6,14:21:48.758777973
5,2392.4,3,2392.6,14:21:48.758814502
5,2392.4,3,2392.6,14:21:48.758873028
1,2392.5,3,2392.6,14:21:48.758899364
1,2392.5,3,2392.6,14:21:48.758949359
2,2392.5,3,2392.6,14:21:48.759011348
2,2392.5,5,2392.6,14:21:48.759024013
2,2392.5,5,2392.6,14:21:48.759055418
2,2392.5,6,2392.6,14:21:48.759136543
2,2392.5,6,2392.6,14:21:48.759207249
1,2392.5,6,2392.6,14:21:48.759239179
1,2392.5,6,2392.6,14:21:48.759247426
1,2392.5,6,2392.6,14:21:48.759263890
1,2392.5,6,2392.6,14:21:48.759320470
1,2392.5,6,2392.6,14:21:48.759419721
6,2392.4,6,2392.6,14:21:48.759456384
6,2392.4,6,2392.6,14:21:48.759456384
6,2392.4,6,2392.6,14:21:48.759620653
6,2392.4,6,2392.6,14:21:48.759774653
6,2392.4,6,2392.6,14:21:48.759774653
5,2392.4,6,2392.6,14:21:48.759900431
5,2392.4,6,2392.6,14:21:48.767241891
6,2392.4,6,2392.6,14:21:48.847694514
6,2392.4,5,2392.6,14:21:48.847811807
6,2392.4,4,2392.6,14:21:48.847920037
6,2392.4,5,2392.6,14:21:49.014228296
6,2392.4,6,2392.6,14:21:50.120364328
6,2392.4,1,2392.5,14:21:50.120507665
5,2392.4,1,2392.5,14:21:50.120532469
4,2392.4,1,2392.5,14:21:50.120573395
4,2392.4,1,2392.5,14:21:50.120660350
4,2392.4,1,2392.5,14:21:50.120758441
4,2392.4,1,2392.5,14:21:50.213240105
4,2392.4,1,2392.5,14:21:50.213253074
4,2392.4,4,2392.6,14:21:50.213507339
4,2392.4,4,2392.6,14:21:50.213507339
4,2392.4,6,2392.6,14:21:50.213633904
4,2392.4,1,2392.5,14:21:50.213777251
4,2392.4,1,2392.5,14:21:50.213936173
4,2392.4,1,2392.5,14:21:51.123468470
4,2392.4,2,2392.5,14:21:51.173369370
3,2392.4,2,2392.5,14:21:51.173493737
3,2392.4,2,2392.5,14:21:51.577102020
3,2392.4,3,2392.5,14:21:51.587473230
2,2392.4,3,2392.5,14:21:51.587494683
2,2392.4,3,2392.5,14:21:55.962397973
2,2392.4,3,2392.5,14:21:56.071066332
2,2392.4,3,2392.5,14:21:56.193934540
2,2392.4,2,2392.5,14:21:57.397462792
3,2392.4,2,2392.5,14:21:57.400954664
3,2392.4,1,2392.5,14:21:57.401085982
3,2392.4,5,2392.6,14:21:57.564779950
3,2392.4,5,2392.6,14:21:57.564779950
4,2392.4,5,2392.6,14:21:57.564895690
4,2392.4,4,2392.6,14:21:57.564910222
4,2392.4,6,2392.6,14:21:57.564946827
5,2392.4,6,2392.6,14:21:57.564968002
5,2392.4,1,2392.5,14:21:57.565107755
4,2392.4,1,2392.5,14:21:57.565157484
4,2392.4,1,2392.5,14:21:57.565169721
4,2392.4,6,2392.6,14:21:57.565193194
4,2392.4,6,2392.6,14:21:57.565193194
3,2392.4,6,2392.6,14:21:57.565249607
3,2392.4,4,2392.6,14:21:57.565280254
3,2392.4,1,2392.5,14:21:57.565318693
3,2392.4,1,2392.5,14:21:57.565354506
3,2392.4,1,2392.5,14:21:57.565452575
3,2392.4,2,2392.5,14:21:57.565477129
3,2392.4,2,2392.5,14:21:58.843761802
3,2392.4,1,2392.5,14:21:59.529396174
3,2392.4,4,2392.6,14:21:59.529414683
3,2392.4,4,2392.6,14:21:59.529414683
4,2392.4,4,2392.6,14:21:59.529536973
4,2392.4,6,2392.6,14:21:59.529584641
4,2392.4,6,2392.6,14:22:00.013569180
4,2392.4,1,2392.5,14:22:00.054233631
4,2392.4,1,2392.5,14:22:00.054396998
3,2392.4,1,2392.5,14:22:00.054420718
4,2392.4,1,2392.5,14:22:00.094164294
4,2392.4,4,2392.6,14:22:00.094434364
4,2392.4,4,2392.6,14:22:00.094434364
5,2392.4,4,2392.6,14:22:00.094570763
1,2392.5,4,2392.6,14:22:00.094666186
1,2392.5,6,2392.6,14:22:00.094682376
1,2392.5,6,2392.6,14:22:00.094719020
1,2392.5,6,2392.6,14:22:00.094843464
1,2392.5,6,2392.6,14:22:00.095361372
2,2392.5,6,2392.6,14:22:00.095783892
2,2392.5,6,2392.6,14:22:00.095941223
2,2392.5,5,2392.6,14:22:00.103077008
2,2392.5,5,2392.6,14:22:00.113236970
3,2392.5,5,2392.6,14:22:00.145663783
3,2392.5,4,2392.6,14:22:00.145813428
3,2392.5,4,2392.6,14:22:00.146011419
3,2392.5,4,2392.6,14:22:00.146287251
4,2392.5,4,2392.6,14:22:00.146448678
4,2392.5,3,2392.6,14:22:00.146943121
4,2392.5,3,2392.6,14:22:00.146989464
4,2392.5,3,2392.6,14:22:00.213250317
4,2392.5,3,2392.6,14:22:00.213265640
4,2392.5,3,2392.6,14:22:00.216438766
4,2392.5,4,2392.6,14:22:00.279393084
3,2392.5,4,2392.6,14:22:00.279611270
3,2392.5,5,2392.6,14:22:00.807499809
2,2392.5,5,2392.6,14:22:00.807675457
1,2392.5,5,2392.6,14:22:01.037514841
1,2392.5,6,2392.6,14:22:01.037619720
1,2392.5,7,2392.6,14:22:01.037633758
5,2392.4,7,2392.6,14:22:01.037799868
5,2392.4,7,2392.6,14:22:01.037799868
5,2392.4,8,2392.6,14:22:01.037966305
5,2392.4,1,2392.5,14:22:01.038167187
4,2392.4,1,2392.5,14:22:01.038208519
3,2392.4,1,2392.5,14:22:01.038376852
3,2392.4,1,2392.5,14:22:01.038548091
3,2392.4,1,2392.5,14:22:01.038611705
3,2392.4,1,2392.5,14:22:01.038628988
2,2392.4,1,2392.5,14:22:01.038696311
2,2392.4,2,2392.5,14:22:01.049197380
3,2392.4,2,2392.5,14:22:01.049957914
3,2392.4,1,2392.5,14:22:01.050088656
4,2392.4,1,2392.5,14:22:01.167668176
4,2392.4,6,2392.6,14:22:01.167906329
4,2392.4,6,2392.6,14:22:01.167906329
1,2392.5,6,2392.6,14:22:01.168141795
2,2392.5,6,2392.6,14:22:01.168182821
2,2392.5,6,2392.6,14:22:01.168195404
3,2392.5,6,2392.6,14:22:01.168293616
3,2392.5,8,2392.6,14:22:01.168310263
3,2392.5,7,2392.6,14:22:01.168374687
3,2392.5,7,2392.6,14:22:01.168393333
3,2392.5,7,2392.6,14:22:01.168405958
3,2392.5,6,2392.6,14:22:01.168482276
3,2392.5,5,2392.6,14:22:01.168501496
2,2392.5,5,2392.6,14:22:01.168520318
1,2392.5,5,2392.6,14:22:01.168902006
5,2392.4,5,2392.6,14:22:01.169036521
5,2392.4,5,2392.6,14:22:01.169036521
5,2392.4,6,2392.6,14:22:01.169249133
6,2392.4,6,2392.6,14:22:01.171430294
6,2392.4,6,2392.6,14:22:03.252535720
6,2392.4,5,2392.6,14:22:04.135364501
6,2392.4,5,2392.6,14:22:04.135364501
6,2392.4,5,2392.6,14:22:04.135525999
6,2392.4,6,2392.6,14:22:04.633384854
7,2392.4,6,2392.6,14:22:05.250956082
7,2392.4,6,2392.6,14:22:05.796150987
7,2392.4,4,2392.6,14:22:05.903479436
1,2392.5,4,2392.6,14:22:05.903641036
2,2392.5,4,2392.6,14:22:05.903738796
2,2392.5,3,2392.6,14:22:05.903755666
2,2392.5,3,2392.6,14:22:05.903809280
2,2392.5,3,2392.6,14:22:05.903825565
3,2392.5,3,2392.6,14:22:05.903879732
4,2392.5,3,2392.6,14:22:05.903969908
4,2392.5,3,2392.6,14:22:05.904074770
3,2392.5,3,2392.6,14:22:05.904123731
3,2392.5,3,2392.6,14:22:05.904196270
2,2392.5,3,2392.6,14:22:05.904249596
3,2392.5,3,2392.6,14:22:05.905358562
3,2392.5,3,2392.6,14:22:05.905540201
4,2392.5,3,2392.6,14:22:05.954466816
4,2392.5,2,2392.6,14:22:06.117613342
4,2392.5,2,2392.6,14:22:06.117613342
4,2392.5,2,2392.6,14:22:06.706461841
4,2392.5,2,2392.6,14:22:07.247419784
4,2392.5,8,2392.7,14:22:07.403969691
4,2392.5,8,2392.7,14:22:07.403969691
4,2392.5,7,2392.7,14:22:07.404012364
1,2392.6,7,2392.7,14:22:07.404043338
1,2392.6,7,2392.7,14:22:07.404071112
1,2392.6,7,2392.7,14:22:07.404081858
3,2392.6,7,2392.7,14:22:07.404152012
3,2392.6,7,2392.7,14:22:07.404168489
3,2392.6,6,2392.7,14:22:07.404417224
3,2392.6,6,2392.7,14:22:07.404440921
3,2392.6,6,2392.7,14:22:07.404507821
3,2392.6,6,2392.7,14:22:07.404524746
3,2392.6,5,2392.7,14:22:07.404558340
3,2392.6,5,2392.7,14:22:07.404575167
4,2392.6,5,2392.7,14:22:07.404624352
5,2392.6,5,2392.7,14:22:07.404642832
5,2392.6,5,2392.7,14:22:07.404655107
5,2392.6,5,2392.7,14:22:07.404742581
5,2392.6,5,2392.7,14:22:07.404761291
5,2392.6,4,2392.7,14:22:07.404840506
5,2392.6,4,2392.7,14:22:07.404902363
5,2392.6,4,2392.7,14:22:07.404920808
4,2392.6,4,2392.7,14:22:07.405009233
4,2392.6,1,2392.7,14:22:07.405055895
4,2392.6,7,2392.8,14:22:07.405089198
4,2392.6,7,2392.8,14:22:07.405089198
5,2392.6,7,2392.8,14:22:07.405105470
5,2392.6,7,2392.8,14:22:07.405122191
5,2392.6,7,2392.8,14:22:07.405136038
5,2392.6,7,2392.8,14:22:07.405151079
5,2392.6,6,2392.8,14:22:07.405345319
6,2392.6,6,2392.8,14:22:07.405391452
6,2392.6,6,2392.8,14:22:07.405431075
6,2392.6,6,2392.8,14:22:07.405543960
5,2392.6,6,2392.8,14:22:07.405635923
5,2392.6,6,2392.8,14:22:07.405741744
5,2392.6,6,2392.8,14:22:07.405741744
5,2392.6,6,2392.8,14:22:07.405885557
5,2392.6,6,2392.8,14:22:07.405930829
5,2392.6,5,2392.8,14:22:07.405996699
4,2392.6,5,2392.8,14:22:07.406017131
4,2392.6,5,2392.8,14:22:07.406080650
4,2392.6,5,2392.8,14:22:07.406200110
4,2392.6,6,2392.8,14:22:07.406264957
5,2392.6,6,2392.8,14:22:07.406285959
5,2392.6,6,2392.8,14:22:07.406299105
5,2392.6,7,2392.8,14:22:07.406346610
5,2392.6,7,2392.8,14:22:07.406471979
5,2392.6,7,2392.8,14:22:07.406538444
6,2392.6,7,2392.8,14:22:07.408172916
6,2392.6,7,2392.8,14:22:07.413893300
6,2392.6,7,2392.8,14:22:07.414225297
6,2392.6,7,2392.8,14:22:07.437416180
6,2392.6,7,2392.8,14:22:07.437441006
7,2392.6,7,2392.8,14:22:07.455411070
7,2392.6,6,2392.8,14:22:07.455522864
7,2392.6,6,2392.8,14:22:07.455539966
1,2392.7,6,2392.8,14:22:07.455658555
1,2392.7,5,2392.8,14:22:07.455675955
1,2392.7,5,2392.8,14:22:07.455690704
1,2392.7,5,2392.8,14:22:07.455772988
1,2392.7,4,2392.8,14:22:07.455788005
1,2392.7,4,2392.8,14:22:07.455802419
1,2392.7,4,2392.8,14:22:07.455842839
1,2392.7,4,2392.8,14:22:07.455987024
1,2392.7,4,2392.8,14:22:07.456003572
1,2392.7,4,2392.8,14:22:07.477313082
1,2392.7,4,2392.8,14:22:07.505488549
1,2392.7,4,2392.8,14:22:07.583266701
1,2392.7,4,2392.8,14:22:07.771946021
2,2392.7,4,2392.8,14:22:07.800089931
2,2392.7,4,2392.8,14:22:07.800256667
2,2392.7,3,2392.8,14:22:07.800441973
2,2392.7,4,2392.8,14:22:07.821395540
1,2392.7,4,2392.8,14:22:07.821524890
1,2392.7,4,2392.8,14:22:07.821631283
2,2392.7,4,2392.8,14:22:07.832160036
2,2392.7,3,2392.8,14:22:07.832931952
3,2392.7,3,2392.8,14:22:07.833053744
3,2392.7,2,2392.8,14:22:07.833183560
4,2392.7,2,2392.8,14:22:07.844123480
4,2392.7,6,2392.9,14:22:07.844282666
4,2392.7,6,2392.9,14:22:07.844282666
4,2392.7,5,2392.9,14:22:07.844319176
5,2392.7,5,2392.9,14:22:07.844395328
5,2392.7,5,2392.9,14:22:07.844547440
5,2392.7,5,2392.9,14:22:07.844599982
5,2392.7,5,2392.9,14:22:07.844613858
5,2392.7,4,2392.9,14:22:07.844631308
5,2392.7,4,2392.9,14:22:07.844657843
5,2392.7,4,2392.9,14:22:07.844713201
5,2392.7,4,2392.9,14:22:07.844755253
5,2392.7,4,2392.9,14:22:07.844788674
5,2392.7,5,2392.9,14:22:07.845498669
5,2392.7,3,2392.9,14:22:07.852777315
6,2392.7,3,2392.9,14:22:07.852942675
6,2392.7,4,2392.9,14:22:07.852959959
6,2392.7,4,2392.9,14:22:07.854229658
8,2392.7,4,2392.9,14:22:07.854564061
6,2392.7,4,2392.9,14:22:07.856950387
6,2392.7,4,2392.9,14:22:07.857074979
6,2392.7,4,2392.9,14:22:07.865333146
6,2392.7,4,2392.9,14:22:07.865333146
7,2392.7,4,2392.9,14:22:08.259109222
7,2392.7,4,2392.9,14:22:08.259229723
7,2392.7,4,2392.9,14:22:08.259251801
1,2392.8,4,2392.9,14:22:08.287012922
1,2392.8,4,2392.9,14:22:08.287124074
1,2392.8,4,2392.9,14:22:08.287147418
1,2392.8,4,2392.9,14:22:08.287167851
2,2392.8,4,2392.9,14:22:08.287201150
2,2392.8,3,2392.9,14:22:08.287220972
2,2392.8,3,2392.9,14:22:08.287257443
2,2392.8,2,2392.9,14:22:08.287342526
2,2392.8,2,2392.9,14:22:08.287371132
2,2392.8,1,2392.9,14:22:08.287399670
2,2392.8,1,2392.9,14:22:08.287427744
2,2392.8,1,2392.9,14:22:08.287439171
2,2392.8,5,2393.0,14:22:08.287567712
2,2392.8,5,2393.0,14:22:08.287567712
3,2392.8,5,2393.0,14:22:08.287657623
3,2392.8,5,2393.0,14:22:08.287766058
3,2392.8,6,2393.0,14:22:08.287803185
3,2392.8,6,2393.0,14:22:08.287816225
3,2392.8,6,2393.0,14:22:08.287829058
4,2392.8,6,2393.0,14:22:08.287853119
4,2392.8,7,2393.0,14:22:08.287866543
4,2392.8,1,2392.9,14:22:08.287902377
4,2392.8,2,2392.9,14:22:08.287950852
4,2392.8,2,2392.9,14:22:08.288019929
4,2392.8,2,2392.9,14:22:08.288142814
4,2392.8,3,2392.9,14:22:08.288160898
4,2392.8,2,2392.9,14:22:08.288181692
5,2392.8,2,2392.9,14:22:08.288218915
5,2392.8,2,2392.9,14:22:08.288232528
4,2392.8,2,2392.9,14:22:08.288339599
4,2392.8,2,2392.9,14:22:08.288424190
4,2392.8,2,2392.9,14:22:08.288490041
4,2392.8,2,2392.9,14:22:08.306566904
4,2392.8,2,2392.9,14:22:08.336618613
4,2392.8,2,2392.9,14:22:08.534502413
3,2392.8,2,2392.9,14:22:08.535914973
3,2392.8,3,2392.9,14:22:08.536004009
3,2392.8,4,2392.9,14:22:08.536018831
3,2392.8,5,2392.9,14:22:08.536057833
3,2392.8,6,2392.9,14:22:08.536195312
3,2392.8,7,2392.9,14:22:08.536195312
3,2392.8,8,2392.9,14:22:08.536228719
2,2392.8,8,2392.9,14:22:08.536358425
2,2392.8,8,2392.9,14:22:08.536373712
2,2392.8,7,2392.9,14:22:08.536448830
3,2392.8,7,2392.9,14:22:08.536637599
3,2392.8,6,2392.9,14:22:08.536685862
3,2392.8,6,2392.9,14:22:08.536819590
3,2392.8,5,2392.9,14:22:08.536838019
3,2392.8,4,2392.9,14:22:08.589807528
3,2392.8,3,2392.9,14:22:08.589948178
3,2392.8,2,2392.9,14:22:08.590176144
3,2392.8,3,2392.9,14:22:08.606420695
3,2392.8,4,2392.9,14:22:08.606558666
3,2392.8,3,2392.9,14:22:08.608063304
3,2392.8,2,2392.9,14:22:08.682553676
3,2392.8,3,2392.9,14:22:09.497535388
3,2392.8,4,2392.9,14:22:09.497692005
3,2392.8,5,2392.9,14:22:09.681486460
3,2392.8,6,2392.9,14:22:09.681520410
2,2392.8,6,2392.9,14:22:09.681740821
2,2392.8,6,2392.9,14:22:09.681740821
2,2392.8,5,2392.9,14:22:09.683097424
2,2392.8,4,2392.9,14:22:09.683740631
2,2392.8,3,2392.9,14:22:09.691839024
2,2392.8,3,2392.9,14:22:09.691972694
2,2392.8,3,2392.9,14:22:09.693233670
2,2392.8,2,2392.9,14:22:09.982117790
2,2392.8,1,2392.9,14:22:09.982242490
3,2392.8,1,2392.9,14:22:09.982287249
4,2392.8,1,2392.9,14:22:09.982324175
4,2392.8,1,2392.9,14:22:09.982495359
3,2392.8,1,2392.9,14:22:09.982516339
2,2392.8,1,2392.9,14:22:09.982650754
2,2392.8,2,2392.9,14:22:09.982739106
2,2392.8,3,2392.9,14:22:09.982782968
1,2392.8,3,2392.9,14:22:10.249058001
1,2392.8,4,2392.9,14:22:10.249167646
1,2392.8,5,2392.9,14:22:10.249183361
1,2392.8,5,2392.9,14:22:10.249233944
2,2392.8,5,2392.9,14:22:10.740330313
2,2392.8,4,2392.9,14:22:10.740476771
2,2392.8,3,2392.9,14:22:10.740510509
2,2392.8,2,2392.9,14:22:10.740531031
3,2392.8,2,2392.9,14:22:10.740551879
3,2392.8,2,2392.9,14:22:10.740629513
3,2392.8,1,2392.9,14:22:11.170263475
3,2392.8,1,2392.9,14:22:11.170654699
3,2392.8,6,2393.0,14:22:11.170912579
3,2392.8,6,2393.0,14:22:11.170912579
3,2392.8,6,2393.0,14:22:11.171031919
4,2392.8,6,2393.0,14:22:11.171056720
4,2392.8,7,2393.0,14:22:11.171096282
4,2392.8,1,2392.9,14:22:11.171227106
4,2392.8,1,2392.9,14:22:11.171368957
3,2392.8,1,2392.9,14:22:11.171414027
2,2392.8,1,2392.9,14:22:11.171450660
2,2392.8,2,2392.9,14:22:11.171491506
2,2392.8,3,2392.9,14:22:12.125456172
2,2392.8,4,2392.9,14:22:12.989177336
2,2392.8,3,2392.9,14:22:13.130724514
3,2392.8,3,2392.9,14:22:13.130871022
3,2392.8,2,2392.9,14:22:13.130986516
4,2392.8,2,2392.9,14:22:13.162500984
4,2392.8,1,2392.9,14:22:13.162657282
4,2392.8,6,2393.0,14:22:13.162768317
4,2392.8,6,2393.0,14:22:13.162768317
5,2392.8,6,2393.0,14:22:13.162789767
6,2392.8,6,2393.0,14:22:13.163067104
8,2392.8,6,2393.0,14:22:13.163096736
1,2392.9,6,2393.0,14:22:13.163127361
1,2392.9,5,2393.0,14:22:13.163151528
1,2392.9,5,2393.0,14:22:13.163163900
1,2392.9,4,2393.0,14:22:13.163198555
1,2392.9,4,2393.0,14:22:13.163232874
1,2392.9,4,2393.0,14:22:13.163312088
2,2392.9,4,2393.0,14:22:13.163346940
2,2392.9,4,2393.0,14:22:13.163353091
2,2392.9,4,2393.0,14:22:13.163384547
2,2392.9,4,2393.0,14:22:13.163424859
2,2392.9,4,2393.0,14:22:13.163440747
2,2392.9,4,2393.0,14:22:13.163471439
2,2392.9,3,2393.0,14:22:13.163490034
3,2392.9,3,2393.0,14:22:13.163526566
3,2392.9,3,2393.0,14:22:13.163556189
3,2392.9,2,2393.0,14:22:13.163586657
3,2392.9,2,2393.0,14:22:13.163641052
3,2392.9,2,2393.0,14:22:13.163675481
3,2392.9,1,2393.0,14:22:13.163704051
3,2392.9,1,2393.0,14:22:13.163754737
3,2392.9,9,2393.1,14:22:13.163861264
3,2392.9,9,2393.1,14:22:13.163861264
3,2392.9,9,2393.1,14:22:13.164147929
3,2392.9,9,2393.1,14:22:13.164500634
3,2392.9,9,2393.1,14:22:13.164500634
3,2392.9,1,2393.0,14:22:13.165360443
3,2392.9,1,2393.0,14:22:13.165535317
4,2392.9,1,2393.0,14:22:13.165652030
4,2392.9,1,2393.0,14:22:13.165842127
4,2392.9,1,2393.0,14:22:13.173228400
5,2392.9,1,2393.0,14:22:13.242880109
5,2392.9,9,2393.1,14:22:13.243103726
5,2392.9,9,2393.1,14:22:13.243103726
6,2392.9,9,2393.1,14:22:13.243123317
6,2392.9,9,2393.1,14:22:13.243226996
6,2392.9,9,2393.1,14:22:13.243241950
6,2392.9,9,2393.1,14:22:13.243440207
6,2392.9,8,2393.1,14:22:13.243453688
6,2392.9,8,2393.1,14:22:13.243478060
6,2392.9,8,2393.1,14:22:13.243497161
1,2393.0,8,2393.1,14:22:13.243579841
1,2393.0,8,2393.1,14:22:13.243611461
1,2393.0,8,2393.1,14:22:13.243770693
1,2393.0,8,2393.1,14:22:13.243807721
1,2393.0,8,2393.1,14:22:13.243823539
1,2393.0,7,2393.1,14:22:13.243858055
1,2393.0,7,2393.1,14:22:13.243870993
1,2393.0,6,2393.1,14:22:13.243889323
1,2393.0,6,2393.1,14:22:13.243911618
1,2393.0,6,2393.1,14:22:13.243928783
1,2393.0,5,2393.1,14:22:13.244044264
1,2393.0,5,2393.1,14:22:13.244115315
1,2393.0,4,2393.1,14:22:13.244164125
1,2393.0,4,2393.1,14:22:13.244264345
1,2393.0,3,2393.1,14:22:13.244416719
1,2393.0,2,2393.1,14:22:13.244437974
2,2393.0,2,2393.1,14:22:13.244764495
2,2393.0,2,2393.1,14:22:13.244935843
2,2393.0,2,2393.1,14:22:13.245044255
1,2393.0,2,2393.1,14:22:13.254380436
1,2393.0,3,2393.1,14:22:13.254582898
1,2393.0,3,2393.1,14:22:13.266090768
1,2393.0,3,2393.1,14:22:13.294304978
2,2393.0,3,2393.1,14:22:13.332802482
3,2393.0,3,2393.1,14:22:13.498718253
3,2393.0,3,2393.1,14:22:13.498833107
3,2393.0,2,2393.1,14:22:13.824603126
3,2393.0,1,2393.1,14:22:13.824761462
3,2393.0,8,2393.2,14:22:13.824908409
3,2393.0,8,2393.2,14:22:13.824908409
3,2393.0,8,2393.2,14:22:13.825036847
3,2393.0,9,2393.2,14:22:13.825055036
3,2393.0,11,2393.2,14:22:13.825097472
3,2393.0,11,2393.2,14:22:13.825154149
3,2393.0,1,2393.1,14:22:13.825188520
3,2393.0,1,2393.1,14:22:13.825224025
3,2393.0,2,2393.1,14:22:13.825249965
3,2393.0,3,2393.1,14:22:13.825266189
2,2393.0,3,2393.1,14:22:13.825286794
2,2393.0,4,2393.1,14:22:13.825303588
2,2393.0,5,2393.1,14:22:13.825355235
2,2393.0,5,2393.1,14:22:13.825389305
2,2393.0,4,2393.1,14:22:13.833656313
2,2393.0,3,2393.1,14:22:13.833772046
2,2393.0,4,2393.1,14:22:15.087757727
2,2393.0,4,2393.1,14:22:15.103456239
4,2393.0,4,2393.1,14:22:15.124167664
4,2393.0,3,2393.1,14:22:15.124334335
4,2393.0,2,2393.1,14:22:16.378858010
3,2393.0,2,2393.1,14:22:16.558429654
3,2393.0,3,2393.1,14:22:16.558547320
3,2393.0,4,2393.1,14:22:16.558787171
3,2393.0,5,2393.1,14:22:16.559086278
3,2393.0,4,2393.1,14:22:16.580356735
3,2393.0,3,2393.1,14:22:16.580474331
3,2393.0,3,2393.1,14:22:16.674728480
3,2393.0,4,2393.1,14:22:16.742148085
3,2393.0,5,2393.1,14:22:16.742278210
2,2393.0,5,2393.1,14:22:16.742446382
2,2393.0,6,2393.1,14:22:16.742549614
1,2393.0,6,2393.1,14:22:16.765494216
7,2392.9,6,2393.1,14:22:16.765717367
7,2392.9,6,2393.1,14:22:16.765717367
6,2392.9,6,2393.1,14:22:16.765819430
6,2392.9,1,2393.0,14:22:16.765860806
6,2392.9,1,2393.0,14:22:16.765950540
5,2392.9,1,2393.0,14:22:16.765970850
5,2392.9,2,2393.0,14:22:16.765996931
5,2392.9,2,2393.0,14:22:16.766009977
4,2392.9,2,2393.0,14:22:16.766032553
4,2392.9,2,2393.0,14:22:16.766044169
4,2392.9,2,2393.0,14:22:16.766109212
4,2392.9,2,2393.0,14:22:16.766142387
4,2392.9,2,2393.0,14:22:16.766253858
4,2392.9,2,2393.0,14:22:16.766586024
4,2392.9,2,2393.0,14:22:16.766620998
3,2392.9,2,2393.0,14:22:17.618448391
4,2392.9,2,2393.0,14:22:17.619161029
4,2392.9,2,2393.0,14:22:17.619344914
4,2392.9,2,2393.0,14:22:17.981687167
4,2392.9,3,2393.0,14:22:18.877126380
4,2392.9,3,2393.0,14:22:18.877304554
3,2392.9,3,2393.0,14:22:18.877439424
3,2392.9,2,2393.0,14:22:18.901482331
3,2392.9,3,2393.0,14:22:19.599192082
3,2392.9,2,2393.0,14:22:19.671380728
3,2392.9,2,2393.0,14:22:19.671540936
3,2392.9,3,2393.0,14:22:20.991499855
3,2392.9,3,2393.0,14:22:20.991512355
3,2392.9,3,2393.0,14:22:20.991525805
3,2392.9,3,2393.0,14:22:20.991538359
3,2392.9,3,2393.0,14:22:20.991660912
3,2392.9,4,2393.0,14:22:20.991740058
2,2392.9,4,2393.0,14:22:20.991867149
2,2392.9,3,2393.0,14:22:21.041928182
2,2392.9,2,2393.0,14:22:21.042054016
1,2392.9,2,2393.0,14:22:21.044023110
1,2392.9,3,2393.0,14:22:21.044106664
1,2392.9,4,2393.0,14:22:21.044141308
1,2392.9,5,2393.0,14:22:21.044175425
1,2392.9,6,2393.0,14:22:21.044220993
1,2392.9,7,2393.0,14:22:21.044298851
1,2392.9,7,2393.0,14:22:21.044348126
1,2392.9,6,2393.0,14:22:21.044569916
7,2392.8,6,2393.0,14:22:21.044612662
7,2392.8,6,2393.0,14:22:21.044612662
1,2392.9,6,2393.0,14:22:21.044724030
1,2392.9,5,2393.0,14:22:21.044747615
1,2392.9,5,2393.0,14:22:21.044782598
1,2392.9,4,2393.0,14:22:21.044819658
1,2392.9,5,2393.0,14:22:21.044836603
1,2392.9,5,2393.0,14:22:21.044874210
1,2392.9,5,2393.0,14:22:21.044928057
2,2392.9,5,2393.0,14:22:21.044958400
2,2392.9,4,2393.0,14:22:21.044970135
2,2392.9,3,2393.0,14:22:21.044987018
2,2392.9,3,2393.0,14:22:21.044999432
2,2392.9,3,2393.0,14:22:21.045222165
2,2392.9,3,2393.0,14:22:21.174160520
2,2392.9,3,2393.0,14:22:21.237393969
3,2392.9,3,2393.0,14:22:21.332317220
3,2392.9,2,2393.0,14:22:21.332430867
3,2392.9,2,2393.0,14:22:21.332441146
3,2392.9,1,2393.0,14:22:21.963943970
4,2392.9,1,2393.0,14:22:21.964029383
5,2392.9,1,2393.0,14:22:21.964138837
5,2392.9,7,2393.1,14:22:21.964192653
5,2392.9,7,2393.1,14:22:21.964192653
5,2392.9,7,2393.1,14:22:21.964313436
4,2392.9,7,2393.1,14:22:21.964333687
4,2392.9,7,2393.1,14:22:21.964446623
4,2392.9,7,2393.1,14:22:21.972745043
5,2392.9,7,2393.1,14:22:22.520167534
5,2392.9,7,2393.1,14:22:22.610713146
5,2392.9,6,2393.1,14:22:22.611685437
6,2392.9,6,2393.1,14:22:22.611804608
6,2392.9,6,2393.1,14:22:25.013360100
6,2392.9,5,2393.1,14:22:25.013493741
1,2393.0,5,2393.1,14:22:25.013638720
1,2393.0,4,2393.1,14:22:25.013656004
2,2393.0,4,2393.1,14:22:25.013746651
3,2393.0,4,2393.1,14:22:25.013757756
4,2393.0,4,2393.1,14:22:25.013797619
4,2393.0,4,2393.1,14:22:25.013797619
4,2393.0,3,2393.1,14:22:25.013851092
4,2393.0,3,2393.1,14:22:25.013864779
4,2393.0,3,2393.1,14:22:25.013897647
4,2393.0,3,2393.1,14:22:25.013932502
4,2393.0,3,2393.1,14:22:25.014114765
4,2393.0,3,2393.1,14:22:25.083330243
3,2393.0,3,2393.1,14:22:25.120404407
2,2393.0,3,2393.1,14:22:25.120621150
3,2393.0,3,2393.1,14:22:25.212909873
3,2393.0,2,2393.1,14:22:25.213049492
2,2393.0,2,2393.1,14:22:25.923321419
3,2393.0,2,2393.1,14:22:26.495392717
3,2393.0,2,2393.1,14:22:26.874221646
4,2393.0,2,2393.1,14:22:26.874353351
4,2393.0,2,2393.1,14:22:26.874493369
4,2393.0,8,2393.2,14:22:28.613241810
4,2393.0,8,2393.2,14:22:28.613241810
5,2393.0,8,2393.2,14:22:28.613388239
1,2393.1,8,2393.2,14:22:28.613443756
1,2393.1,7,2393.2,14:22:28.613544178
1,2393.1,6,2393.2,14:22:28.613603219
1,2393.1,6,2393.2,14:22:28.613618515
1,2393.1,6,2393.2,14:22:28.613655812
1,2393.1,6,2393.2,14:22:28.613668180
1,2393.1,6,2393.2,14:22:28.613685448
2,2393.1,6,2393.2,14:22:28.613724690
2,2393.1,6,2393.2,14:22:28.613724690
2,2393.1,6,2393.2,14:22:28.613741330
2,2393.1,6,2393.2,14:22:28.613765254
2,2393.1,6,2393.2,14:22:28.613778854
1,2393.1,6,2393.2,14:22:28.613924419
1,2393.1,5,2393.2,14:22:28.613947175
1,2393.1,4,2393.2,14:22:28.613961444
1,2393.1,4,2393.2,14:22:28.614030895
1,2393.1,3,2393.2,14:22:28.614065042
1,2393.1,3,2393.2,14:22:28.614114318
1,2393.1,3,2393.2,14:22:28.614114318
1,2393.1,2,2393.2,14:22:28.614144773
1,2393.1,2,2393.2,14:22:28.614155956
1,2393.1,3,2393.2,14:22:28.617272029
6,2393.0,3,2393.2,14:22:28.617509477
6,2393.0,3,2393.2,14:22:28.617509477
6,2393.0,4,2393.2,14:22:28.617727410
6,2393.0,5,2393.2,14:22:28.617769869
6,2393.0,6,2393.2,14:22:28.617822251
6,2393.0,7,2393.2,14:22:28.617903997
6,2393.0,6,2393.2,14:22:28.617967969
6,2393.0,6,2393.2,14:22:28.621442900
6,2393.0,5,2393.2,14:22:28.624112666
6,2393.0,5,2393.2,14:22:28.624233292
6,2393.0,6,2393.2,14:22:28.624250684
6,2393.0,6,2393.2,14:22:28.624361519
6,2393.0,6,2393.2,14:22:28.851441120
6,2393.0,5,2393.2,14:22:29.382193585
6,2393.0,5,2393.2,14:22:29.783842396
7,2393.0,5,2393.2,14:22:30.125457123
1,2393.1,5,2393.2,14:22:30.125605423
1,2393.1,4,2393.2,14:22:30.125629177
1,2393.1,4,2393.2,14:22:30.125656723
1,2393.1,4,2393.2,14:22:30.125672782
2,2393.1,4,2393.2,14:22:30.125734715
3,2393.1,4,2393.2,14:22:30.125760435
3,2393.1,3,2393.2,14:22:30.125779990
4,2393.1,3,2393.2,14:22:30.125849080
4,2393.1,2,2393.2,14:22:30.125887788
5,2393.1,2,2393.2,14:22:30.125923235
6,2393.1,2,2393.2,14:22:30.125962145
6,2393.1,1,2393.2,14:22:30.126021381
6,2393.1,7,2393.3,14:22:30.126061855
6,2393.1,7,2393.3,14:22:30.126061855
5,2393.1,7,2393.3,14:22:30.126099056
5,2393.1,8,2393.3,14:22:30.126356111
5,2393.1,8,2393.3,14:22:30.126369833
4,2393.1,8,2393.3,14:22:30.126480232
4,2393.1,8,2393.3,14:22:30.126563011
4,2393.1,1,2393.2,14:22:30.126635687
4,2393.1,8,2393.3,14:22:30.126967282
4,2393.1,8,2393.3,14:22:30.126967282
4,2393.1,7,2393.3,14:22:30.127288363
5,2393.1,7,2393.3,14:22:30.138882379
5,2393.1,6,2393.3,14:22:30.138993376
5,2393.1,6,2393.3,14:22:30.139004951
5,2393.1,6,2393.3,14:22:30.211251678
5,2393.1,6,2393.3,14:22:30.345409642
6,2393.1,6,2393.3,14:22:31.470951775
6,2393.1,6,2393.3,14:22:31.471087198
6,2393.1,6,2393.3,14:22:31.489906073
6,2393.1,6,2393.3,14:22:31.489919090
6,2393.1,6,2393.3,14:22:31.489933721
6,2393.1,7,2393.3,14:22:31.609607661
6,2393.1,8,2393.3,14:22:33.404239382
5,2393.1,8,2393.3,14:22:33.404386492
5,2393.1,1,2393.2,14:22:33.404608484
5,2393.1,1,2393.2,14:22:33.475464989
5,2393.1,8,2393.3,14:22:33.598493259
5,2393.1,8,2393.3,14:22:33.598493259
5,2393.1,8,2393.3,14:22:34.763391219
5,2393.1,8,2393.3,14:22:36.613391476
6,2393.1,8,2393.3,14:22:36.613529783
5,2393.1,8,2393.3,14:22:36.659523832
5,2393.1,1,2393.2,14:22:36.659640884
4,2393.1,1,2393.2,14:22:36.659706828
4,2393.1,8,2393.3,14:22:36.920763620
4,2393.1,8,2393.3,14:22:36.920763620
5,2393.1,8,2393.3,14:22:36.920788199
6,2393.1,8,2393.3,14:22:36.920912516
6,2393.1,8,2393.3,14:22:37.083403366
6,2393.1,8,2393.3,14:22:37.087755470
5,2393.1,8,2393.3,14:22:37.607897245
6,2393.1,8,2393.3,14:22:37.917642725
5,2393.1,8,2393.3,14:22:38.177560162
4,2393.1,8,2393.3,14:22:38.283358949
4,2393.1,1,2393.2,14:22:38.283514734
4,2393.1,8,2393.3,14:22:38.594327764
4,2393.1,8,2393.3,14:22:38.594327764
5,2393.1,8,2393.3,14:22:38.594467095
5,2393.1,9,2393.3,14:22:38.675785874
4,2393.1,9,2393.3,14:22:38.675806348
3,2393.1,9,2393.3,14:22:38.675911147
3,2393.1,1,2393.2,14:22:38.675956341
3,2393.1,2,2393.2,14:22:38.676000842
3,2393.1,3,2393.2,14:22:38.676098456
10,2393.0,3,2393.2,14:22:38.677850937
10,2393.0,3,2393.2,14:22:38.677850937
9,2393.0,3,2393.2,14:22:38.677908681
9,2393.0,1,2393.1,14:22:38.677908681
9,2393.0,1,2393.1,14:22:38.677925105
9,2393.0,1,2393.1,14:22:38.678100346
9,2393.0,2,2393.1,14:22:38.678115070
8,2393.0,2,2393.1,14:22:38.678142172
8,2393.0,2,2393.1,14:22:38.678375565
8,2393.0,2,2393.1,14:22:38.678472376
7,2393.0,2,2393.1,14:22:38.678636268
7,2393.0,3,2393.1,14:22:38.678636268
7,2393.0,3,2393.1,14:22:38.678636268
7,2393.0,3,2393.1,14:22:38.678639579
7,2393.0,3,2393.1,14:22:38.678655836
6,2393.0,3,2393.1,14:22:38.678675837
6,2393.0,4,2393.1,14:22:38.678783608
6,2393.0,8,2393.1,14:22:38.678801448
6,2393.0,9,2393.1,14:22:38.678833449
5,2393.0,9,2393.1,14:22:38.679279778
5,2393.0,9,2393.1,14:22:38.679324131
5,2393.0,9,2393.1,14:22:38.679362074
3,2393.0,9,2393.1,14:22:38.679383140
3,2393.0,10,2393.1,14:22:38.679428247
7,2392.9,10,2393.1,14:22:38.679501331
7,2392.9,10,2393.1,14:22:38.679501331
6,2392.9,10,2393.1,14:22:38.679561407
6,2392.9,1,2393.0,14:22:38.679662297
5,2392.9,1,2393.0,14:22:38.679686202
5,2392.9,2,2393.0,14:22:38.679717156
4,2392.9,2,2393.0,14:22:38.679735531
4,2392.9,2,2393.0,14:22:38.679949424
4,2392.9,2,2393.0,14:22:38.680035041
4,2392.9,2,2393.0,14:22:38.680050507
4,2392.9,2,2393.0,14:22:38.680096380
4,2392.9,2,2393.0,14:22:38.680109897
4,2392.9,2,2393.0,14:22:38.680225666
3,2392.9,2,2393.0,14:22:38.680343902
3,2392.9,2,2393.0,14:22:38.680433475
3,2392.9,2,2393.0,14:22:38.680461901
3,2392.9,2,2393.0,14:22:38.680497827
3,2392.9,3,2393.0,14:22:38.680556575
2,2392.9,3,2393.0,14:22:38.680628685
2,2392.9,2,2393.0,14:22:38.680711747
2,2392.9,2,2393.0,14:22:38.680781776
3,2392.9,2,2393.0,14:22:38.680823351
4,2392.9,2,2393.0,14:22:38.680857727
5,2392.9,2,2393.0,14:22:38.680893776
4,2392.9,2,2393.0,14:22:38.681019416
4,2392.9,1,2393.0,14:22:38.681038672
5,2392.9,1,2393.0,14:22:38.681066953
5,2392.9,6,2393.1,14:22:38.681106474
5,2392.9,6,2393.1,14:22:38.681106474
6,2392.9,6,2393.1,14:22:38.681130053
5,2392.9,6,2393.1,14:22:38.681145483
5,2392.9,1,2393.0,14:22:38.681167886
4,2392.9,1,2393.0,14:22:38.681260462
4,2392.9,6,2393.1,14:22:38.681295886
4,2392.9,6,2393.1,14:22:38.681295886
4,2392.9,7,2393.1,14:22:38.682806726
4,2392.9,8,2393.1,14:22:38.682877818
3,2392.9,8,2393.1,14:22:38.683470183
3,2392.9,1,2393.0,14:22:38.683588492
3,2392.9,2,2393.0,14:22:38.683633978
2,2392.9,2,2393.0,14:22:38.683651213
2,2392.9,2,2393.0,14:22:38.686047735
2,2392.9,2,2393.0,14:22:38.686058884
3,2392.9,2,2393.0,14:22:38.686559089
3,2392.9,1,2393.0,14:22:38.686689233
4,2392.9,1,2393.0,14:22:38.686762275
4,2392.9,8,2393.1,14:22:38.686832541
4,2392.9,8,2393.1,14:22:38.686832541
4,2392.9,7,2393.1,14:22:38.686874030
5,2392.9,7,2393.1,14:22:38.686891416
4,2392.9,7,2393.1,14:22:38.686974877
5,2392.9,7,2393.1,14:22:38.691388976
2,2392.9,7,2393.1,14:22:38.695585853
1,2392.9,7,2393.1,14:22:38.695735856
1,2392.9,1,2393.0,14:22:38.695763223
1,2392.9,1,2393.0,14:22:38.695832342
1,2392.9,2,2393.0,14:22:38.695859731
7,2392.8,2,2393.0,14:22:38.695902506
7,2392.8,2,2393.0,14:22:38.695902506
7,2392.8,3,2393.0,14:22:38.695928379
7,2392.8,4,2393.0,14:22:38.695987810
7,2392.8,3,2393.0,14:22:38.696018297
7,2392.8,2,2393.0,14:22:38.696053511
8,2392.8,2,2393.0,14:22:38.696111509
8,2392.8,2,2393.0,14:22:38.696143929
8,2392.8,2,2393.0,14:22:38.696158476
9,2392.8,2,2393.0,14:22:38.696177684
1,2392.9,2,2393.0,14:22:38.696201283
1,2392.9,2,2393.0,14:22:38.696224497
2,2392.9,2,2393.0,14:22:38.696251985
2,2392.9,1,2393.0,14:22:38.696274946
2,2392.9,7,2393.1,14:22:38.696307295
2,2392.9,7,2393.1,14:22:38.696307295
3,2392.9,7,2393.1,14:22:38.696448271
4,2392.9,7,2393.1,14:22:38.696519527
5,2392.9,7,2393.1,14:22:38.696536772
6,2392.9,7,2393.1,14:22:38.696554862
6,2392.9,7,2393.1,14:22:38.696568305
7,2392.9,7,2393.1,14:22:38.696653504
6,2392.9,7,2393.1,14:22:38.696703982
6,2392.9,7,2393.1,14:22:38.696823325
6,2392.9,7,2393.1,14:22:38.696868337
6,2392.9,7,2393.1,14:22:38.696885505
1,2393.0,7,2393.1,14:22:38.696915115
1,2393.0,6,2393.1,14:22:38.697122153
6,2392.9,6,2393.1,14:22:38.697244975
6,2392.9,6,2393.1,14:22:38.697244975
6,2392.9,6,2393.1,14:22:38.697268514
6,2392.9,5,2393.1,14:22:38.697268514
6,2392.9,4,2393.1,14:22:38.697290640
7,2392.9,4,2393.1,14:22:38.697308893
7,2392.9,4,2393.1,14:22:38.697321469
1,2393.0,4,2393.1,14:22:38.697536091
2,2393.0,4,2393.1,14:22:38.697681172
1,2393.0,4,2393.1,14:22:38.697783674
7,2392.9,4,2393.1,14:22:38.697976766
7,2392.9,4,2393.1,14:22:38.697976766
7,2392.9,1,2393.0,14:22:38.697995284
6,2392.9,1,2393.0,14:22:38.698085927
6,2392.9,1,2393.0,14:22:38.698183541
5,2392.9,1,2393.0,14:22:38.698204280
5,2392.9,1,2393.0,14:22:38.698254656
5,2392.9,1,2393.0,14:22:38.698310334
5,2392.9,1,2393.0,14:22:38.698336136
4,2392.9,1,2393.0,14:22:38.708469035
3,2392.9,1,2393.0,14:22:38.708487765
2,2392.9,1,2393.0,14:22:38.708594390
2,2392.9,1,2393.0,14:22:38.708711681
2,2392.9,2,2393.0,14:22:38.709053731
2,2392.9,3,2393.0,14:22:38.709110401
1,2392.9,3,2393.0,14:22:38.709133582
8,2392.8,3,2393.0,14:22:38.710281445
8,2392.8,3,2393.0,14:22:38.710281445
7,2392.8,3,2393.0,14:22:38.710302672
7,2392.8,1,2392.9,14:22:38.710343366
7,2392.8,1,2392.9,14:22:38.710380491
6,2392.8,1,2392.9,14:22:38.710411359
5,2392.8,1,2392.9,14:22:38.710506599
5,2392.8,1,2392.9,14:22:38.710546318
5,2392.8,1,2392.9,14:22:38.710583253
5,2392.8,2,2392.9,14:22:38.710623334
5,2392.8,2,2392.9,14:22:38.710632432
4,2392.8,2,2392.9,14:22:38.710926422
4,2392.8,2,2392.9,14:22:38.710940134
3,2392.8,2,2392.9,14:22:38.710961434
3,2392.8,2,2392.9,14:22:38.710973389
3,2392.8,3,2392.9,14:22:38.710993632
3,2392.8,4,2392.9,14:22:38.711073771
3,2392.8,4,2392.9,14:22:38.711187662
3,2392.8,4,2392.9,14:22:38.711232969
1,2392.8,4,2392.9,14:22:38.711358427
1,2392.8,4,2392.9,14:22:38.711419200
1,2392.8,4,2392.9,14:22:38.711419200
5,2392.7,4,2392.9,14:22:38.711553276
5,2392.7,4,2392.9,14:22:38.711553276
6,2392.7,4,2392.9,14:22:38.711660997
6,2392.7,5,2392.9,14:22:38.711688440
6,2392.7,5,2392.9,14:22:38.711699884
8,2392.7,5,2392.9,14:22:38.711801616
8,2392.7,5,2392.9,14:22:38.718231490
8,2392.7,4,2392.9,14:22:38.718362193
1,2392.8,4,2392.9,14:22:38.718528277
1,2392.8,4,2392.9,14:22:38.718550322
1,2392.8,4,2392.9,14:22:38.718559142
2,2392.8,4,2392.9,14:22:38.718672852
2,2392.8,3,2392.9,14:22:38.718702254
2,2392.8,3,2392.9,14:22:38.718734963
2,2392.8,3,2392.9,14:22:38.718748496
3,2392.8,3,2392.9,14:22:38.718775130
3,2392.8,3,2392.9,14:22:38.718840991
3,2392.8,3,2392.9,14:22:38.718855439
3,2392.8,2,2392.9,14:22:38.718879293
3,2392.8,2,2392.9,14:22:38.718889203
3,2392.8,1,2392.9,14:22:38.718952212
4,2392.8,1,2392.9,14:22:38.719065085
3,2392.8,1,2392.9,14:22:38.724645421
3,2392.8,5,2393.0,14:22:38.724774236
3,2392.8,5,2393.0,14:22:38.724774236
2,2392.8,5,2393.0,14:22:38.724790864
2,2392.8,5,2393.0,14:22:38.724808518
3,2392.8,5,2393.0,14:22:38.724923615
3,2392.8,6,2393.0,14:22:38.724942521
3,2392.8,1,2392.9,14:22:38.725235170
3,2392.8,2,2392.9,14:22:38.725357032
3,2392.8,2,2392.9,14:22:38.811445092
3,2392.8,1,2392.9,14:22:38.811582647
4,2392.8,1,2392.9,14:22:38.811718470
4,2392.8,6,2393.0,14:22:39.041709091
4,2392.8,6,2393.0,14:22:39.041709091
5,2392.8,6,2393.0,14:22:39.041830760
6,2392.8,6,2393.0,14:22:39.041939080
6,2392.8,6,2393.0,14:22:39.052208361
6,2392.8,6,2393.0,14:22:39.116339121
6,2392.8,6,2393.0,14:22:39.434778463
7,2392.8,6,2393.0,14:22:39.434956032
7,2392.8,5,2393.0,14:22:39.434974218
7,2392.8,4,2393.0,14:22:39.435006103
1,2392.9,4,2393.0,14:22:39.435090671
1,2392.9,3,2393.0,14:22:39.435117676
2,2392.9,3,2393.0,14:22:39.435142112
3,2392.9,3,2393.0,14:22:39.435212626
3,2392.9,3,2393.0,14:22:39.435241938
3,2392.9,2,2393.0,14:22:39.435263011
4,2392.9,2,2393.0,14:22:39.435282058
4,2392.9,2,2393.0,14:22:39.435370114
4,2392.9,2,2393.0,14:22:39.435386242
4,2392.9,2,2393.0,14:22:39.435417939
4,2392.9,1,2393.0,14:22:39.435442765
4,2392.9,8,2393.1,14:22:39.435595533
4,2392.9,8,2393.1,14:22:39.435595533
4,2392.9,8,2393.1,14:22:39.435766562
4,2392.9,8,2393.1,14:22:39.435781887
4,2392.9,7,2393.1,14:22:39.435798188
4,2392.9,8,2393.1,14:22:39.435901423
4,2392.9,1,2393.0,14:22:39.443450122
3,2392.9,1,2393.0,14:22:39.443566602
3,2392.9,2,2393.0,14:22:39.443590225
3,2392.9,2,2393.0,14:22:39.443666348
2,2392.9,2,2393.0,14:22:40.249488581
2,2392.9,2,2393.0,14:22:40.249617212
2,2392.9,3,2393.0,14:22:40.435066339
1,2392.9,3,2393.0,14:22:40.436091079
1,2392.9,3,2393.0,14:22:40.509349607
1,2392.9,2,2393.0,14:22:41.003292296
2,2392.9,2,2393.0,14:22:41.545416949
2,2392.9,1,2393.0,14:22:41.545977377
2,2392.9,1,2393.0,14:22:41.546091178
2,2392.9,2,2393.0,14:22:42.088223353
2,2392.9,2,2393.0,14:22:42.088375868
2,2392.9,3,2393.0,14:22:42.088408998
3,2392.9,3,2393.0,14:22:42.088841177
3,2392.9,2,2393.0,14:22:42.088974146
3,2392.9,1,2393.0,14:22:42.089093569
3,2392.9,1,2393.0,14:22:42.089101560
3,2392.9,1,2393.0,14:22:42.799382075
3,2392.9,1,2393.0,14:22:42.931229679
3,2392.9,1,2393.0,14:22:42.985889416
3,2392.9,2,2393.0,14:22:43.789637241
3,2392.9,3,2393.0,14:22:43.789809555
3,2392.9,3,2393.0,14:22:43.789960368
3,2392.9,2,2393.0,14:22:45.326283967
3,2392.9,2,2393.0,14:22:45.326408562
3,2392.9,2,2393.0,14:22:45.510309365
3,2392.9,3,2393.0,14:22:45.585583364
3,2392.9,3,2393.0,14:22:45.585747220
3,2392.9,4,2393.0,14:22:45.931401552
3,2392.9,4,2393.0,14:22:45.950529313
3,2392.9,4,2393.0,14:22:45.950542113
3,2392.9,3,2393.0,14:22:46.063101734
3,2392.9,4,2393.0,14:22:46.205535316
3,2392.9,3,2393.0,14:22:48.289385982
4,2392.9,3,2393.0,14:22:48.289568889
4,2392.9,3,2393.0,14:22:48.289693092
4,2392.9,3,2393.0,14:22:48.297848972
4,2392.9,2,2393.0,14:22:48.299589925
4,2392.9,2,2393.0,14:22:48.918575667
4,2392.9,3,2393.0,14:22:49.801207432
4,2392.9,2,2393.0,14:22:49.801366071
4,2392.9,3,2393.0,14:22:50.027264400
4,2392.9,2,2393.0,14:22:50.029469543
4,2392.9,3,2393.0,14:22:50.642729536
4,2392.9,4,2393.0,14:22:50.642906864
4,2392.9,4,2393.0,14:22:50.643045546
4,2392.9,4,2393.0,14:22:50.661521428
4,2392.9,3,2393.0,14:22:52.768476270
4,2392.9,3,2393.0,14:22:52.768601532
4,2392.9,3,2393.0,14:22:52.776964411
4,2392.9,4,2393.0,14:22:55.079039057
4,2392.9,4,2393.0,14:22:55.079304233
4,2392.9,5,2393.0,14:22:55.079404709
4,2392.9,5,2393.0,14:22:55.097644776
5,2392.9,5,2393.0,14:22:56.043581216
5,2392.9,4,2393.0,14:22:56.087894007
5,2392.9,4,2393.0,14:22:56.088022739
5,2392.9,4,2393.0,14:22:56.777256633
5,2392.9,3,2393.0,14:22:57.519313152
5,2392.9,3,2393.0,14:22:57.519448307
5,2392.9,8,2393.1,14:22:57.519742757
5,2392.9,8,2393.1,14:22:57.519742757
6,2392.9,8,2393.1,14:22:57.519833214
7,2392.9,8,2393.1,14:22:57.519879766
7,2392.9,8,2393.1,14:22:57.520068962
7,2392.9,8,2393.1,14:22:57.520068962
7,2392.9,8,2393.1,14:22:57.520081577
8,2392.9,8,2393.1,14:22:57.520099856
9,2392.9,8,2393.1,14:22:57.520116305
1,2393.0,8,2393.1,14:22:57.520147543
1,2393.0,7,2393.1,14:22:57.520307582
2,2393.0,7,2393.1,14:22:57.520401817
2,2393.0,7,2393.1,14:22:57.520401817
2,2393.0,7,2393.1,14:22:57.520430215
2,2393.0,6,2393.1,14:22:57.520490139
2,2393.0,6,2393.1,14:22:57.520504549
2,2393.0,6,2393.1,14:22:57.520520370
2,2393.0,6,2393.1,14:22:57.520535801
2,2393.0,6,2393.1,14:22:57.520617201
2,2393.0,6,2393.1,14:22:57.520698057
2,2393.0,5,2393.1,14:22:57.520718138
2,2393.0,5,2393.1,14:22:57.520784675
3,2393.0,5,2393.1,14:22:57.520824698
3,2393.0,5,2393.1,14:22:57.520837726
3,2393.0,4,2393.1,14:22:57.520975749
4,2393.0,4,2393.1,14:22:57.521012444
4,2393.0,4,2393.1,14:22:57.521026754
4,2393.0,3,2393.1,14:22:57.521155055
4,2393.0,3,2393.1,14:22:57.527764446
4,2393.0,3,2393.1,14:22:57.531429515
5,2393.0,3,2393.1,14:22:57.571263097
5,2393.0,2,2393.1,14:22:57.571411862
5,2393.0,1,2393.1,14:22:57.571559298
5,2393.0,1,2393.1,14:22:57.571669195
5,2393.0,8,2393.2,14:22:57.579793614
5,2393.0,8,2393.2,14:22:57.579793614
5,2393.0,8,2393.2,14:22:57.579815474
6,2393.0,8,2393.2,14:22:57.579904939
6,2393.0,8,2393.2,14:22:57.579947771
7,2393.0,8,2393.2,14:22:57.579975583
7,2393.0,10,2393.2,14:22:57.580084641
7,2393.0,9,2393.2,14:22:57.580118731
7,2393.0,9,2393.2,14:22:57.580540532
7,2393.0,9,2393.2,14:22:57.580540532
7,2393.0,9,2393.2,14:22:57.582234656
7,2393.0,7,2393.2,14:22:57.676965445
7,2393.0,7,2393.2,14:22:57.985355736
1,2393.1,7,2393.2,14:22:57.985450634
2,2393.1,7,2393.2,14:22:57.985576268
2,2393.1,7,2393.2,14:22:57.985576268
2,2393.1,7,2393.2,14:22:57.985702984
2,2393.1,7,2393.2,14:22:57.986255709
1,2393.1,7,2393.2,14:22:57.994227354
4,2393.0,7,2393.2,14:22:57.994465240
4,2393.0,7,2393.2,14:22:57.994465240
4,2393.0,1,2393.1,14:22:57.994665373
3,2393.0,1,2393.1,14:22:57.994682090
3,2393.0,2,2393.1,14:22:57.994719931
2,2393.0,2,2393.1,14:22:57.994738907
2,2393.0,3,2393.1,14:22:57.994873553
2,2393.0,3,2393.1,14:22:57.994927442
2,2393.0,3,2393.1,14:22:57.995013031
2,2393.0,3,2393.1,14:22:57.995027838
1,2393.0,3,2393.1,14:22:57.995175351
7,2392.9,3,2393.1,14:22:57.995305920
7,2392.9,3,2393.1,14:22:57.995305920
7,2392.9,3,2393.1,14:22:57.995438502
7,2392.9,4,2393.1,14:22:57.995471642
6,2392.9,4,2393.1,14:22:57.995597543
1,2393.0,4,2393.1,14:22:57.995621820
1,2393.0,3,2393.1,14:22:57.995777510
1,2393.0,4,2393.1,14:22:58.019422808
6,2392.9,4,2393.1,14:22:58.019556514
6,2392.9,4,2393.1,14:22:58.019556514
6,2392.9,5,2393.1,14:22:58.019575097
1,2393.0,5,2393.1,14:22:58.019718565
1,2393.0,4,2393.1,14:22:58.019757551
2,2393.0,4,2393.1,14:22:58.036598460
2,2393.0,5,2393.1,14:22:58.601923834
2,2393.0,4,2393.1,14:22:58.602077850
2,2393.0,3,2393.1,14:22:59.023629814
2,2393.0,3,2393.1,14:22:59.076783328
3,2393.0,3,2393.1,14:22:59.076921606
3,2393.0,3,2393.1,14:22:59.210032562
3,2393.0,3,2393.1,14:23:00.102337207
3,2393.0,7,2393.2,14:23:00.102601401
3,2393.0,7,2393.2,14:23:00.102601401
4,2393.0,7,2393.2,14:23:00.102700732
5,2393.0,7,2393.2,14:23:00.102804061
6,2393.0,7,2393.2,14:23:00.102967674
6,2393.0,7,2393.2,14:23:00.103006424
6,2393.0,7,2393.2,14:23:00.103048380
6,2393.0,7,2393.2,14:23:00.103062054
7,2393.0,7,2393.2,14:23:00.103097575
6,2393.0,7,2393.2,14:23:00.103399325
6,2393.0,7,2393.2,14:23:00.103426464
6,2393.0,7,2393.2,14:23:00.110818815
6,2393.0,9,2393.2,14:23:00.132489958
6,2393.0,1,2393.1,14:23:00.132660390
6,2393.0,1,2393.1,14:23:00.132779222
6,2393.0,2,2393.1,14:23:00.280870338
5,2393.0,2,2393.1,14:23:00.280998222
4,2393.0,2,2393.1,14:23:00.281089930
3,2393.0,2,2393.1,14:23:00.281224342
3,2393.0,2,2393.1,14:23:00.281578867
4,2393.0,2,2393.1,14:23:01.145413040
5,2393.0,2,2393.1,14:23:01.145628171
5,2393.0,7,2393.2,14:23:01.203244885
5,2393.0,7,2393.2,14:23:01.203244885
6,2393.0,7,2393.2,14:23:01.203432451
6,2393.0,9,2393.2,14:23:01.203599564
6,2393.0,7,2393.2,14:23:01.277083174
6,2393.0,8,2393.2,14:23:01.895577574
5,2393.0,8,2393.2,14:23:01.895716054
5,2393.0,1,2393.1,14:23:01.895849906
5,2393.0,2,2393.1,14:23:01.896011516
5,2393.0,2,2393.1,14:23:03.401617084
5,2393.0,2,2393.1,14:23:03.613755977
5,2393.0,2,2393.1,14:23:03.913218091
5,2393.0,2,2393.1,14:23:05.324039943
5,2393.0,8,2393.2,14:23:06.232481237
1,2393.1,8,2393.2,14:23:06.232481237
1,2393.1,8,2393.2,14:23:06.232481237
1,2393.1,8,2393.2,14:23:06.232571747
1,2393.1,8,2393.2,14:23:06.232818283
2,2393.1,8,2393.2,14:23:06.232867776
2,2393.1,8,2393.2,14:23:06.232879257
2,2393.1,8,2393.2,14:23:06.232907879
2,2393.1,8,2393.2,14:23:06.232954606
3,2393.1,8,2393.2,14:23:06.233100451
3,2393.1,8,2393.2,14:23:06.233117620
3,2393.1,7,2393.2,14:23:06.233240327
3,2393.1,6,2393.2,14:23:06.233280974
3,2393.1,5,2393.2,14:23:06.233419742
3,2393.1,5,2393.2,14:23:06.233537469
3,2393.1,5,2393.2,14:23:06.244223972
4,2393.1,5,2393.2,14:23:06.283408315
4,2393.1,4,2393.2,14:23:06.283545791
5,2393.1,4,2393.2,14:23:06.283584585
5,2393.1,3,2393.2,14:23:06.283601254
5,2393.1,3,2393.2,14:23:06.283701246
6,2393.1,3,2393.2,14:23:06.283721420
3,2393.1,3,2393.2,14:23:06.699315627
3,2393.1,4,2393.2,14:23:06.699514304
2,2393.1,4,2393.2,14:23:06.699595861
2,2393.1,4,2393.2,14:23:06.699759589
1,2393.1,4,2393.2,14:23:06.699821468
5,2393.0,4,2393.2,14:23:06.699842912
5,2393.0,4,2393.2,14:23:06.699842912
5,2393.0,5,2393.2,14:23:06.699867445
5,2393.0,6,2393.2,14:23:06.699923307
5,2393.0,7,2393.2,14:23:06.700083067
5,2393.0,8,2393.2,14:23:06.700114840
4,2393.0,8,2393.2,14:23:06.700150265
3,2393.0,8,2393.2,14:23:06.700204110
3,2393.0,7,2393.2,14:23:06.708087017
4,2393.0,7,2393.2,14:23:06.708222117
5,2393.0,7,2393.2,14:23:06.708240060
5,2393.0,6,2393.2,14:23:06.708289939
6,2393.0,6,2393.2,14:23:06.708357160
1,2393.1,6,2393.2,14:23:06.708425555
1,2393.1,5,2393.2,14:23:06.708442490
6,2393.0,5,2393.2,14:23:06.710482012
6,2393.0,5,2393.2,14:23:06.710482012
6,2393.0,6,2393.2,14:23:06.710607528
5,2393.0,6,2393.2,14:23:06.710750914
4,2393.0,6,2393.2,14:23:06.710949787
4,2393.0,7,2393.2,14:23:06.711353828
4,2393.0,1,2393.1,14:23:06.782553239
3,2393.0,1,2393.1,14:23:06.782727679
3,2393.0,1,2393.1,14:23:06.782746709
3,2393.0,7,2393.2,14:23:07.788267772
3,2393.0,7,2393.2,14:23:07.788267772
3,2393.0,9,2393.2,14:23:07.788421386
3,2393.0,9,2393.2,14:23:07.799218591
3,2393.0,7,2393.2,14:23:07.920053094
4,2393.0,7,2393.2,14:23:08.099272664
3,2393.0,7,2393.2,14:23:08.099625382
4,2393.0,7,2393.2,14:23:10.261157542
4,2393.0,6,2393.2,14:23:10.261320649
3,2393.0,6,2393.2,14:23:10.358481244
4,2393.0,6,2393.2,14:23:11.608147895
5,2393.0,6,2393.2,14:23:11.608300426
5,2393.0,5,2393.2,14:23:11.683978369
1,2393.1,5,2393.2,14:23:11.684177557
1,2393.1,5,2393.2,14:23:11.684194370
1,2393.1,4,2393.2,14:23:11.684317595
6,2393.0,4,2393.2,14:23:11.684444986
6,2393.0,4,2393.2,14:23:11.684444986
1,2393.1,4,2393.2,14:23:11.684463157
1,2393.1,3,2393.2,14:23:11.684494728
6,2393.0,3,2393.2,14:23:11.684561823
6,2393.0,3,2393.2,14:23:11.684561823
6,2393.0,4,2393.2,14:23:11.684619144
6,2393.0,5,2393.2,14:23:11.684637537
5,2393.0,5,2393.2,14:23:11.684671487
5,2393.0,6,2393.2,14:23:11.684737943
5,2393.0,7,2393.2,14:23:11.684783230
4,2393.0,7,2393.2,14:23:11.684847074
4,2393.0,8,2393.2,14:23:11.684894109
4,2393.0,7,2393.2,14:23:11.684992856
4,2393.0,6,2393.2,14:23:11.696402827
4,2393.0,1,2393.1,14:23:11.762043284
4,2393.0,1,2393.1,14:23:11.762171463
3,2393.0,1,2393.1,14:23:12.004788738
2,2393.0,1,2393.1,14:23:12.004903866
2,2393.0,2,2393.1,14:23:12.004932539
2,2393.0,3,2393.1,14:23:12.093721242
1,2393.0,3,2393.1,14:23:12.093902074
1,2393.0,3,2393.1,14:23:12.408205285
1,2393.0,4,2393.1,14:23:12.494508807
1,2393.0,4,2393.1,14:23:12.494508807
1,2393.0,4,2393.1,14:23:12.539459036
1,2393.0,3,2393.1,14:23:12.765173177
1,2393.0,4,2393.1,14:23:14.029526067
2,2393.0,4,2393.1,14:23:14.193053361
1,2393.0,4,2393.1,14:23:14.193616966
1,2393.0,4,2393.1,14:23:14.549121457
1,2393.0,4,2393.1,14:23:14.682089588
1,2393.0,1,2393.1,14:23:14.931206282
2,2393.0,1,2393.1,14:23:14.931326025
3,2393.0,1,2393.1,14:23:14.931343139
4,2393.0,1,2393.1,14:23:14.931377280
4,2393.0,1,2393.1,14:23:14.931393028
5,2393.0,1,2393.1,14:23:14.931526167
6,2393.0,1,2393.1,14:23:14.931526167
7,2393.0,1,2393.1,14:23:14.931553751
8,2393.0,1,2393.1,14:23:14.931602165
7,2393.0,1,2393.1,14:23:14.931646521
7,2393.0,4,2393.2,14:23:14.931760829
7,2393.0,4,2393.2,14:23:14.931760829
7,2393.0,6,2393.2,14:23:14.931905233
1,2393.1,6,2393.2,14:23:14.931931195
7,2393.0,6,2393.2,14:23:14.932168615
7,2393.0,6,2393.2,14:23:14.932168615
6,2393.0,6,2393.2,14:23:14.932208424
6,2393.0,1,2393.1,14:23:14.932340471
5,2393.0,1,2393.1,14:23:14.932365883
5,2393.0,1,2393.1,14:23:14.932378328
5,2393.0,2,2393.1,14:23:14.932420956
4,2393.0,2,2393.1,14:23:14.932450601
3,2393.0,2,2393.1,14:23:14.932488986
3,2393.0,2,2393.1,14:23:14.932504148
2,2393.0,2,2393.1,14:23:14.932528609
2,2393.0,1,2393.1,14:23:14.940148801
3,2393.0,1,2393.1,14:23:14.942407573
3,2393.0,5,2393.2,14:23:14.942454809
3,2393.0,5,2393.2,14:23:14.942454809
3,2393.0,5,2393.2,14:23:14.942575781
3,2393.0,7,2393.2,14:23:14.942594012
3,2393.0,1,2393.1,14:23:14.942849467
2,2393.0,1,2393.1,14:23:14.942959897
2,2393.0,1,2393.1,14:23:14.942971674
3,2393.0,1,2393.1,14:23:14.943388741
3,2393.0,5,2393.2,14:23:14.943435379
3,2393.0,5,2393.2,14:23:14.943435379
3,2393.0,7,2393.2,14:23:14.943555875
3,2393.0,7,2393.2,14:23:14.954237511
4,2393.0,7,2393.2,14:23:15.026066268
5,2393.0,7,2393.2,14:23:15.026196380
5,2393.0,5,2393.2,14:23:15.063272453
6,2393.0,5,2393.2,14:23:15.159411083
6,2393.0,4,2393.2,14:23:15.159475219
6,2393.0,5,2393.2,14:23:15.223747657
6,2393.0,6,2393.2,14:23:15.313246620
7,2393.0,6,2393.2,14:23:15.706078956
