price,volume,timestamp
2392.4,2,14:20:00.184516366
2392.4,2,14:20:00.700571215
2392.4,1,14:20:00.701348513
2392.5,3,14:20:04.465022909
2392.5,1,14:20:04.510398548
2392.6,1,14:20:10.885083958
2392.6,1,14:20:10.893003567
2392.5,1,14:20:12.761196033
2392.5,1,14:20:13.090499568
2392.5,1,14:20:13.091094614
2392.5,1,14:20:19.301416572
2392.6,1,14:20:19.607936599
2392.5,1,14:20:20.145681292
2392.5,1,14:20:21.960589426
2392.4,2,14:20:22.990713554
2392.3,1,14:20:23.606835470
2392.2,1,14:20:25.522917738
2392.2,2,14:20:25.550710856
2392.2,1,14:20:25.550946211
2392.3,1,14:20:27.022917459
2392.3,1,14:20:29.339755953
2392.2,1,14:20:41.080485812
2392.1,2,14:20:44.765611253
2392.1,2,14:20:44.765703322
2392.0,1,14:20:44.774375241
2391.9,1,14:20:44.774386856
2391.9,2,14:20:44.774386856
2392.0,2,14:20:44.775391252
2392.0,1,14:20:44.861754459
2392.0,1,14:20:44.862050062
2391.9,1,14:20:45.546984659
2392.1,3,14:20:50.309039639
2392.0,1,14:20:51.130111466
2392.0,1,14:20:51.206303534
2392.0,1,14:20:51.206529401
2392.1,2,14:20:51.227116427
2392.0,2,14:20:51.412100807
2392.0,1,14:20:56.078010009
2392.0,2,14:21:00.211145553
2392.0,1,14:21:00.211389189
2392.0,1,14:21:03.475487909
2392.0,3,14:21:03.588914509
2391.9,1,14:21:05.304281838
2392.0,1,14:21:13.610585783
2392.0,1,14:21:13.610641375
2392.2,10,14:21:16.188508601
2392.1,7,14:21:16.188508601
2392.2,2,14:21:16.189862085
2392.2,1,14:21:16.189902847
2392.2,1,14:21:16.191624588
2392.1,1,14:21:16.230684414
2392.2,2,14:21:16.276801083
2392.2,1,14:21:16.277136039
2392.2,1,14:21:16.347909532
2392.2,1,14:21:17.060068738
2392.1,1,14:21:17.975900696
2392.1,3,14:21:18.782007739
2392.1,1,14:21:18.814432656
2392.0,4,14:21:18.854009805
2391.9,1,14:21:18.870740041
2392.2,1,14:21:19.044597758
2392.1,1,14:21:25.365856552
2392.0,5,14:21:25.366129009
2392.1,1,14:21:25.366403094
2392.1,2,14:21:25.385358164
2392.1,2,14:21:27.550584201
2392.2,2,14:21:30.366592780
2392.2,1,14:21:32.501697822
2392.1,2,14:21:38.024073163
2392.1,1,14:21:38.024913560
2392.3,5,14:21:41.718357239
2392.3,1,14:21:42.100134939
2392.4,1,14:21:43.653980922
2392.4,1,14:21:45.395505098
2392.4,1,14:21:45.395861076
2392.5,1,14:21:48.758621545
2392.5,1,14:22:00.094426556
2392.5,1,14:22:01.037500163
2392.5,1,14:22:01.037791957
2392.5,1,14:22:01.167900738
2392.6,2,14:22:05.903468986
2392.6,2,14:22:07.403959556
2392.7,1,14:22:07.404547633
2392.6,1,14:22:07.404988381
2392.7,3,14:22:07.405024196
2392.7,1,14:22:07.405061265
2392.8,1,14:22:07.844270039
2392.8,1,14:22:07.844282666
2392.9,1,14:22:07.852764678
2392.9,1,14:22:07.852777315
2392.8,1,14:22:08.535902941
2392.8,1,14:22:09.681721077
2392.9,1,14:22:09.982105966
2392.8,1,14:22:10.249042987
2392.9,1,14:22:11.170250474
2392.9,1,14:22:13.130714380
2392.9,1,14:22:13.162760237
2393.0,1,14:22:13.243095944
2393.1,1,14:22:16.378846016
2393.0,1,14:22:16.558417945
2393.1,1,14:22:16.580345779
2393.0,1,14:22:16.742435039
2393.0,1,14:22:16.765486687
2393.0,1,14:22:16.765709613
2392.9,1,14:22:21.044015533
2392.9,1,14:22:21.044580979
2393.0,1,14:22:21.963928155
2393.1,2,14:22:28.613233020
2393.1,1,14:22:28.617501442
2393.2,1,14:22:30.126959368
2393.1,1,14:22:36.659513471
2393.1,3,14:22:38.677841333
2393.0,1,14:22:38.678615528
2393.0,1,14:22:38.679256149
2393.0,3,14:22:38.679466723
2392.9,1,14:22:38.681007420
2392.9,1,14:22:38.681242003
2392.9,1,14:22:38.683457574
2392.9,3,14:22:38.695572918
2393.0,1,14:22:38.697236943
2393.0,1,14:22:38.697776375
2393.0,1,14:22:38.697968654
2392.9,1,14:22:38.710278984
2392.8,1,14:22:38.710390869
2392.9,1,14:22:39.041699670
2393.0,3,14:22:57.519734017
2393.1,1,14:22:57.579785806
2393.1,1,14:22:57.994219812
2393.1,1,14:22:57.994457714
2393.1,3,14:23:00.102592431
2393.1,2,14:23:01.203236229
2393.1,2,14:23:06.232471557
2393.1,3,14:23:06.699302827
2393.1,1,14:23:06.699791241
2393.2,1,14:23:06.708077199
2393.1,1,14:23:11.684437178
2393.1,1,14:23:11.684548835
2393.1,3,14:23:14.931190483
2393.1,1,14:23:14.931749853
2393.1,1,14:23:14.932160269
2393.1,2,14:23:34.676176365
2393.2,1,14:23:34.745734968
2393.1,6,14:23:36.865120108
2393.1,1,14:23:36.865644483
2393.1,1,14:23:36.866359621
2393.1,2,14:23:37.299322504
2393.1,2,14:23:38.341857155
2393.2,5,14:23:39.648282368
2393.1,1,14:23:39.648975243
2393.0,2,14:23:45.933686064
2392.9,2,14:23:46.525646789
2392.8,1,14:23:46.525659944
2393.1,8,14:23:48.273170192
2393.2,6,14:23:48.273170192
2393.0,5,14:23:48.273170192
2393.2,2,14:23:48.274436189
2393.2,15,14:23:48.274512974
2393.2,1,14:23:48.274541775
2393.2,3,14:23:48.274634436
2393.2,25,14:23:48.274776625
2393.2,6,14:23:48.274912179
2393.2,25,14:23:48.274983879
2393.2,4,14:23:48.275020889
2393.2,2,14:23:48.275102653
2393.2,2,14:23:48.275197401
2393.2,3,14:23:48.275243328
2393.2,3,14:23:48.275416813
2393.2,1,14:23:48.275449707
2393.2,3,14:23:48.275654233
2393.2,5,14:23:48.275764984
2393.2,6,14:23:48.275908391
2393.2,6,14:23:48.276035904
2393.2,1,14:23:48.276518512
2393.2,1,14:23:48.276573217
2393.2,11,14:23:48.276601288
2393.2,23,14:23:48.276626121
2393.2,13,14:23:48.276725230
2393.2,2,14:23:48.276786783
2393.2,4,14:23:48.276825219
2393.2,1,14:23:48.276850180
2393.2,1,14:23:48.276970157
2393.3,13,14:23:48.277085138
2393.3,2,14:23:48.277189546
2393.3,4,14:23:48.277359134
2393.3,1,14:23:48.277382654
2393.3,5,14:23:48.277407944
2393.3,1,14:23:48.277433720
2393.3,4,14:23:48.277593651
2393.3,3,14:23:48.277655486
2393.3,2,14:23:48.277701579
2393.3,1,14:23:48.277727484
2393.3,38,14:23:48.277816862
2393.3,1,14:23:48.277922259
2393.3,1,14:23:48.278031164
2393.3,1,14:23:48.278129351
2393.3,2,14:23:48.278425127
2393.3,1,14:23:48.278514760
2393.2,4,14:23:48.278615758
2393.3,18,14:23:48.278702975
2393.2,13,14:23:48.278786660
2393.3,1,14:23:48.278914951
2393.3,6,14:23:48.279014735
2393.2,1,14:23:48.279139698
2393.3,8,14:23:48.279178127
2393.3,4,14:23:48.279319382
2393.3,1,14:23:48.279508073
2393.3,1,14:23:48.279552663
2393.3,30,14:23:48.279587701
2393.3,1,14:23:48.279656233
2393.3,1,14:23:48.279696826
2393.3,1,14:23:48.279739643
2393.3,1,14:23:48.279787531
2393.3,1,14:23:48.279919128
2393.3,1,14:23:48.280553288
2393.3,4,14:23:48.280756342
2393.3,1,14:23:48.280881083
2393.2,4,14:23:48.281039950
2393.2,1,14:23:48.281158394
2393.2,3,14:23:48.281227374
2393.2,1,14:23:48.281258453
2393.2,17,14:23:48.281563609
2393.2,2,14:23:48.281729494
2393.2,2,14:23:48.281926544
2393.2,2,14:23:48.282218281
2393.2,17,14:23:48.282247028
2393.2,3,14:23:48.282288756
2393.2,1,14:23:48.282317912
2393.2,1,14:23:48.282365900
2393.2,2,14:23:48.282392006
2393.2,1,14:23:48.282586778
2393.2,1,14:23:48.282629925
2393.2,1,14:23:48.283066017
2393.2,1,14:23:48.283261979
2393.3,1,14:23:48.283465327
2393.2,9,14:23:48.283897259
2393.2,2,14:23:48.284065480
2393.3,1,14:23:48.284187767
2393.3,3,14:23:48.284303424
2393.3,1,14:23:48.284327700
2393.2,1,14:23:48.284354273
2393.3,4,14:23:48.284503633
2393.3,1,14:23:48.284590211
2393.3,1,14:23:48.284615398
2393.3,10,14:23:48.285327537
2393.2,1,14:23:48.289068240
2393.2,1,14:23:48.289105610
2393.2,1,14:23:48.294525374
2393.2,1,14:23:48.294700261
2393.2,1,14:23:48.294886466
2393.2,3,14:23:48.294932121
2393.2,1,14:23:48.295073033
2393.2,1,14:23:48.295124313
2393.2,7,14:23:48.385956157
2393.2,13,14:23:48.589799573
2393.2,6,14:23:48.589843388
2393.2,1,14:23:48.589872470
2393.2,1,14:23:48.590013526
2393.3,15,14:23:48.590252885
2393.3,2,14:23:48.590454943
2393.2,1,14:23:48.590494256
2393.3,2,14:23:48.590652547
2393.3,1,14:23:48.590812240
2393.3,1,14:23:48.590869377
2393.3,1,14:23:48.590893144
2393.2,34,14:23:48.591079685
2393.2,2,14:23:48.591141459
2393.2,1,14:23:48.591782544
2393.2,1,14:23:48.591953805
2393.2,1,14:23:48.592010929
2393.3,1,14:23:48.598055928
2393.3,1,14:23:48.598238056
2393.3,1,14:23:48.598450752
2393.3,16,14:23:48.603457496
2393.3,2,14:23:48.603522508
2393.3,1,14:23:48.603753646
2393.3,27,14:23:48.604046957
2393.3,1,14:23:48.604256008
2393.3,2,14:23:49.744988815
2393.3,1,14:23:49.745058462
2393.3,1,14:23:49.745161027
2393.2,1,14:23:49.770789732
2393.2,1,14:23:50.241099643
2393.1,4,14:23:50.241424676
2393.1,1,14:23:50.241501459
2393.1,1,14:23:50.241623144
2393.2,1,14:23:50.242126358
2393.1,1,14:23:50.242746223
2393.1,1,14:23:50.243205138
2393.1,1,14:23:50.243578109
2393.0,1,14:23:50.266269903
2393.1,3,14:23:50.285996837
2393.1,1,14:23:50.286705892
2393.1,5,14:23:50.653691605
2393.0,1,14:23:50.654806177
2393.0,2,14:23:53.250536556
2393.0,1,14:23:54.426250616
2393.0,2,14:23:54.426567228
2393.0,1,14:23:54.427033749
2393.0,2,14:23:54.427201976
2393.0,1,14:23:54.427557526
2393.0,1,14:23:56.339980242
2393.0,1,14:23:56.340598132
2393.0,1,14:23:59.927762476
2393.0,1,14:24:00.052768382
2393.0,1,14:24:00.067225161
2393.1,1,14:24:11.789103145
2393.0,1,14:24:11.789521184
2393.0,4,14:24:13.089356835
2393.0,4,14:24:14.124107984
2393.0,9,14:24:14.124359643
2393.0,6,14:24:14.124689499
2393.0,12,14:24:14.124892086
2393.0,2,14:24:14.124931219
2393.1,36,14:24:14.125260074
2393.1,1,14:24:14.125406118
2393.0,2,14:24:14.125451793
2393.1,1,14:24:14.125522338
2393.1,3,14:24:14.125624155
2393.1,2,14:24:14.125808709
2393.1,1,14:24:14.125872066
2393.1,1,14:24:14.125927159
2393.1,1,14:24:14.125994774
2393.1,1,14:24:14.126254632
2393.1,2,14:24:14.126355235
2393.1,3,14:24:14.126355235
2393.1,1,14:24:14.126578113
2393.1,2,14:24:14.126724519
2393.1,7,14:24:14.126812025
2393.1,7,14:24:14.126880359
2393.1,1,14:24:14.126987401
2393.1,2,14:24:14.127144445
2393.1,2,14:24:14.127220770
2393.1,29,14:24:14.127289103
2393.0,2,14:24:14.128212399
2393.0,1,14:24:14.128246307
2393.0,7,14:24:14.128246307
2393.0,1,14:24:14.128390153
2393.0,2,14:24:14.128390153
2393.0,1,14:24:14.128437734
2393.1,1,14:24:14.128965445
2393.1,1,14:24:14.129002847
2393.1,1,14:24:14.129127918
2393.0,11,14:24:14.129127918
2393.1,1,14:24:14.129187996
2393.2,3,14:24:14.129285656
2393.1,1,14:24:14.129509974
2393.0,2,14:24:14.129575242
2393.1,1,14:24:14.129725521
2393.1,1,14:24:14.130517207
2393.0,1,14:24:14.605515338
2393.0,1,14:24:14.905494747
2393.0,1,14:24:14.905992748
2392.9,1,14:24:14.917540510
2393.0,1,14:24:15.305094559
2392.9,3,14:24:15.945722336
2392.9,1,14:24:15.946076309
2392.9,1,14:24:15.946381406
2392.9,1,14:24:15.946452224
2392.9,1,14:24:15.946897775
2392.9,1,14:24:16.133670308
2392.9,1,14:24:16.134067238
2392.9,2,14:24:16.134294458
2392.9,1,14:24:16.134717890
2393.0,1,14:24:18.748152617
2393.0,1,14:24:18.748179699
2392.9,1,14:24:23.560941428
2393.0,3,14:24:27.306329793
2393.0,4,14:24:27.306398552
2393.0,1,14:24:27.306444470
2393.0,1,14:24:27.306538587
2393.0,1,14:24:27.306622560
2393.0,1,14:24:27.306702955
2393.0,10,14:24:30.770156171
2393.0,2,14:24:30.770191410
2393.0,1,14:24:30.770405184
2393.0,11,14:24:30.770492306
2393.0,3,14:24:30.770590954
2393.0,2,14:24:30.770623748
2392.9,1,14:24:30.770845666
2392.9,18,14:24:30.771049373
2392.8,4,14:24:30.772233975
2392.8,3,14:24:30.783608807
2392.8,1,14:24:30.783643774
2392.8,3,14:24:30.783693587
2392.8,1,14:24:30.783999574
2392.8,1,14:24:30.784077652
2392.8,1,14:24:30.784203850
2392.8,1,14:24:30.784253163
2392.8,1,14:24:30.784810739
2392.8,1,14:24:32.021698119
2392.8,1,14:24:32.021928543
2392.7,7,14:24:35.354353296
2392.6,2,14:24:35.355888162
2392.6,8,14:24:35.356292644
2392.5,3,14:24:36.906972941
2392.4,2,14:24:36.908135922
2392.4,1,14:24:36.908384231
2392.4,1,14:24:36.908851952
2392.3,2,14:24:36.923645880
2392.3,1,14:24:38.570671112
2392.3,1,14:24:41.459690983
2392.3,1,14:24:42.122723350
2392.3,1,14:24:42.131770169
2392.4,1,14:24:42.391397585
2392.4,1,14:24:42.737929774
2392.3,2,14:24:44.866758038
2392.3,3,14:24:44.866801649
2392.3,1,14:24:44.867730017
2392.3,3,14:24:44.868390804
2392.3,1,14:24:45.295970202
2392.3,1,14:24:45.296349564
2392.4,1,14:25:00.688056893
2392.4,2,14:25:00.690934106
2392.4,5,14:25:00.691164475
2392.4,1,14:25:00.691374675
2392.4,4,14:25:00.696211889
2392.4,1,14:25:02.590126337
2392.4,41,14:25:02.590966722
2392.4,6,14:25:02.591007913
2392.4,1,14:25:02.591048455
2392.5,4,14:25:02.592958253
2392.5,1,14:25:02.594090005
2392.5,2,14:25:02.594735407
2392.5,1,14:25:02.642710305
2392.5,1,14:25:02.653458103
2392.5,1,14:25:05.671456146
2392.5,1,14:25:05.671832902
2392.4,1,14:25:06.673450254
2392.4,3,14:25:06.673749306
2392.3,1,14:25:14.583351850
2392.3,5,14:25:14.583446194
2392.3,2,14:25:17.911070914
2392.3,1,14:25:17.911110237
2392.3,1,14:25:17.911355598
2392.3,1,14:25:17.911448784
2392.3,1,14:25:17.911620941
2392.3,1,14:25:23.312131205
2392.3,1,14:25:25.380883852
2392.2,1,14:25:31.883300397
2392.2,1,14:25:31.884162508
2392.2,2,14:25:37.156501013
2392.2,1,14:25:39.134714979
2392.3,1,14:25:39.278992661
2392.3,1,14:25:43.862469463
2392.3,1,14:25:55.104559278
2392.2,1,14:26:00.304893739
2392.3,1,14:26:01.459087076
2392.3,6,14:26:01.915755948
2392.3,4,14:26:01.916009125
2392.3,3,14:26:01.916077910
2392.3,1,14:26:01.916077910
2392.3,1,14:26:01.916144004
2392.3,2,14:26:01.916274633
2392.3,1,14:26:01.916376028
2392.3,2,14:26:02.328868136
2392.3,1,14:26:05.657240258
2392.3,4,14:26:07.886090311
2392.3,1,14:26:11.250679064
2392.3,1,14:26:20.570097284
2392.3,1,14:26:24.263867871
2392.2,1,14:26:30.122860965
2392.3,1,14:26:30.123532476
2392.4,1,14:26:31.087017002
2392.3,1,14:26:33.130727995
2392.4,3,14:26:35.415777647
2392.4,1,14:26:35.416674120
2392.4,1,14:26:36.428343176
2392.4,2,14:26:44.881368227
2392.4,4,14:26:49.435218483
2392.5,2,14:26:55.366263047
2392.6,9,14:27:02.105156878
2392.7,6,14:27:04.883990666
2392.8,7,14:27:04.883990666
2392.8,3,14:27:04.885006837
2392.8,5,14:27:04.885039500
2392.8,1,14:27:04.893061934
2392.9,2,14:27:04.958281315
2392.9,1,14:27:04.958954556
2392.9,2,14:27:05.674379753
2392.8,1,14:27:05.704375733
2392.8,1,14:27:05.704408085
2392.8,1,14:27:05.704530018
2392.8,1,14:27:05.705060815
2392.7,1,14:27:05.712276420
2392.7,2,14:27:05.717678929
2392.8,1,14:27:10.152662558
2392.8,2,14:27:10.155217650
2392.8,4,14:27:11.201685761
2392.8,1,14:27:14.203085736
2392.8,5,14:27:15.120281375
2392.8,1,14:27:21.323920187
2392.9,4,14:27:22.344496101
2392.8,1,14:27:27.108403607
2392.9,3,14:27:32.901906447
2392.9,1,14:27:32.902097994
2393.0,3,14:27:35.040832421
2392.9,6,14:27:41.051500136
2392.9,2,14:27:42.645693641
2392.8,1,14:27:49.282689756
2392.8,2,14:27:49.301865863
2392.8,1,14:27:51.706169961
2392.8,1,14:27:59.429687537
2392.8,2,14:27:59.429933814
2392.8,1,14:28:05.356182474
2392.9,2,14:28:06.418222873
2392.9,1,14:28:10.065501742
2393.0,2,14:28:11.085769929
2393.0,1,14:28:11.086417053
2393.0,1,14:28:14.995271237
2393.0,1,14:28:22.966911452
2393.1,2,14:28:23.159843621
2393.1,1,14:28:23.162686014
2393.1,1,14:28:23.171900244
2393.0,3,14:28:27.232678773
2392.9,1,14:28:27.456706832
2392.9,4,14:28:30.579673447
2392.9,1,14:28:30.580111284
2392.9,2,14:28:34.732232167
2392.9,1,14:28:34.733494001
2392.9,1,14:28:46.892855112
2392.9,5,14:28:47.828613381
2392.9,1,14:28:48.652522599
2392.9,1,14:28:51.226847011
2393.0,1,14:28:53.591541025
2393.0,1,14:28:54.956840248
2393.0,2,14:28:58.602380334
2393.0,1,14:28:58.602599446
2393.0,2,14:28:58.603447780
2393.0,1,14:28:58.603746611
2393.0,2,14:29:02.348621131
2393.2,1,14:29:04.688120506
2393.1,1,14:29:04.705885813
2393.0,1,14:29:06.544640304
2393.0,1,14:29:06.559115396
2393.0,1,14:29:07.597740280
2393.1,2,14:29:10.709956250
2393.2,1,14:29:16.049708837
2393.1,3,14:29:19.247809765
2393.3,1,14:29:23.385687093
2393.3,9,14:29:23.385698834
2393.4,11,14:29:23.385698834
2393.5,2,14:29:23.385981055
2393.5,1,14:29:23.386002815
2393.4,1,14:29:23.389297537
2393.3,1,14:29:23.389673468
2393.3,1,14:29:23.408655834
2393.4,1,14:29:23.811964207
2393.3,4,14:29:26.318564093
2393.2,1,14:29:27.302513855
2393.3,1,14:29:30.063124283
2393.4,1,14:29:33.734565709
2393.4,1,14:29:33.734697043
2393.4,2,14:29:33.737809922
2393.4,1,14:29:34.047295323
2393.5,3,14:29:34.048213981
2393.4,2,14:29:37.320439232
2393.4,1,14:29:39.780882204
2393.5,2,14:29:41.972352402
2393.5,2,14:29:42.065202864
2393.5,1,14:29:42.066595814
2393.5,1,14:29:42.066639690
2393.5,2,14:29:42.066699660
2393.5,3,14:29:43.390532877
2393.4,1,14:29:44.115065945
2393.3,1,14:29:44.805825189
2393.2,2,14:29:45.916339443
2393.2,1,14:29:45.977743576
2393.2,1,14:29:46.757353332
2393.3,1,14:29:46.966645991
2393.3,1,14:29:47.713891143
2393.3,1,14:29:50.708787879
2393.4,1,14:29:53.818790933
2393.4,1,14:29:55.387807229
2393.4,1,14:30:00.248693494
2393.4,2,14:30:00.249062762
2393.4,1,14:30:00.397583775
2393.5,4,14:30:01.784022984
2393.5,1,14:30:01.796775479
2393.5,1,14:30:01.796865526
2393.6,3,14:30:03.394535068
2393.5,1,14:30:06.003784619
2393.6,2,14:30:11.383995958
2393.6,1,14:30:11.417980138
2393.6,2,14:30:16.646101793
2393.7,4,14:30:16.727470072
2393.7,1,14:30:17.051166794
2393.8,2,14:30:17.467630390
2393.7,1,14:30:19.039292265
2393.6,4,14:30:20.646003982
2393.6,1,14:30:20.646240823
2393.5,1,14:30:20.647312124
2393.6,2,14:30:22.631152382
2393.6,1,14:30:22.735986057
2393.7,3,14:30:23.398734685
2393.7,1,14:30:24.331484848
2393.6,1,14:30:26.203516156
2393.6,1,14:30:26.945627318
2393.6,1,14:30:38.237393795
2393.6,1,14:30:38.237636161
2393.5,2,14:30:38.844221851
2393.5,2,14:30:38.846882253
2393.5,2,14:30:39.312517756
2393.5,1,14:30:39.313033175
2393.5,1,14:30:39.313321574
2393.5,3,14:30:41.047786748
2393.6,6,14:30:41.048783431
2393.5,1,14:30:41.048848792
2393.5,1,14:30:41.049465170
2393.5,1,14:30:41.049497247
2393.5,2,14:30:41.049576177
2393.6,1,14:30:41.050073301
2393.5,1,14:30:41.050559947
2393.5,2,14:30:41.050820871
2393.5,1,14:30:41.051055218
2393.5,2,14:30:41.052092577
2393.5,1,14:30:41.052976130
2393.6,3,14:30:43.402254039
2393.6,1,14:30:43.402268705
2393.7,1,14:30:45.005723900
2393.6,1,14:30:45.006249225
2393.5,2,14:30:45.915003354
2393.6,4,14:30:48.547141636
2393.5,1,14:30:49.049252059
2393.6,1,14:30:50.064970376
2393.6,1,14:30:50.065258804
2393.6,1,14:30:50.065457147
2393.5,5,14:30:53.011097591
2393.5,4,14:30:55.890005468
2393.5,3,14:30:55.890340522
2393.5,1,14:30:59.953918071
2393.6,3,14:31:03.406115971
2393.6,1,14:31:03.406723356
2393.6,1,14:31:03.407064560
2393.7,1,14:31:03.461487033
2393.8,3,14:31:09.307762292
2393.8,3,14:31:09.660525810
2393.8,3,14:31:09.660765220
2393.8,2,14:31:09.661233687
2393.7,5,14:31:09.697661979
2393.8,5,14:31:09.697661979
2393.8,2,14:31:09.698212669
2393.8,1,14:31:09.698741985
2393.8,1,14:31:09.698783653
2393.8,1,14:31:10.692210137
2393.8,1,14:31:13.287071976
2393.9,1,14:31:17.251266193
2393.8,3,14:31:17.251967180
2393.8,2,14:31:17.414050043
2393.8,1,14:31:19.818294180
2393.8,1,14:31:19.818537353
2393.8,2,14:31:21.969248317
2393.8,1,14:31:21.984581622
2393.8,1,14:31:22.019868913
2393.9,3,14:31:23.409888426
2393.8,1,14:31:25.296782486
2393.8,2,14:31:25.587874606
2393.8,1,14:31:26.413150493
2393.8,6,14:31:26.413497226
2393.8,1,14:31:27.059535829
2393.9,1,14:31:27.060105158
2393.9,4,14:31:27.060710015
2393.9,3,14:31:27.060810843
2393.9,2,14:31:27.060945534
2393.9,1,14:31:27.271298427
2393.9,1,14:31:27.282776834
2393.9,1,14:31:27.282972656
2393.9,1,14:31:27.283130659
2393.9,3,14:31:27.283356910
2393.9,1,14:31:27.283393867
2393.9,1,14:31:27.283891823
2393.9,1,14:31:27.291681520
2393.8,1,14:31:27.487339713
2393.9,1,14:31:29.134861277
2393.9,4,14:31:29.135723666
2393.9,1,14:31:29.135791808
2393.9,2,14:31:29.138043808
2393.9,1,14:31:31.341980240
2393.9,1,14:31:33.021086273
2393.9,2,14:31:33.021135160
2394.0,1,14:31:33.566453320
2394.0,2,14:31:33.566567668
2394.0,1,14:31:33.566601930
2394.0,3,14:31:33.566792875
2393.9,1,14:31:34.123666747
2393.9,3,14:31:34.123938768
2393.9,1,14:31:34.123982702
2393.9,1,14:31:34.124142001
2393.9,1,14:31:34.124180568
2393.9,2,14:31:35.045001975
2393.9,1,14:31:36.600552194
2393.9,1,14:31:39.297051545
2393.9,2,14:31:40.151929455
2393.8,40,14:31:41.625655622
2393.7,8,14:31:41.625655622
2393.6,6,14:31:41.627582388
2393.6,3,14:31:41.627786094
2393.6,1,14:31:41.628678458
2393.6,1,14:31:41.638582511
2393.6,1,14:31:41.746816815
2393.6,1,14:31:41.746851426
2393.6,9,14:31:41.747024192
2393.6,26,14:31:41.747228820
2393.6,2,14:31:41.747271119
2393.6,3,14:31:41.747350352
2393.6,1,14:31:41.747350352
2393.6,1,14:31:41.747512228
2393.6,1,14:31:41.747555285
2393.6,1,14:31:41.747655523
2393.6,1,14:31:41.747715102
2393.6,2,14:31:41.747752505
2393.7,3,14:31:41.747794233
2393.7,5,14:31:41.747844224
2393.7,4,14:31:41.748152573
2393.7,1,14:31:41.748394107
2393.7,2,14:31:41.748394107
2393.7,3,14:31:41.748499800
2393.7,4,14:31:41.748644824
2393.7,1,14:31:41.748644824
2393.7,1,14:31:41.748772409
2393.7,2,14:31:41.748985685
2393.7,3,14:31:41.748985685
2393.7,1,14:31:41.749115352
2393.7,1,14:31:41.749200515
2393.7,1,14:31:41.749307107
2393.6,4,14:31:41.749423767
2393.6,16,14:31:41.749423767
2393.6,1,14:31:41.749494482
2393.7,1,14:31:41.749578157
2393.6,2,14:31:41.749688269
2393.6,1,14:31:41.750059434
2393.6,4,14:31:41.750108036
2393.6,2,14:31:41.750177475
2393.6,5,14:31:41.779761407
2393.7,2,14:31:42.722481133
2393.7,1,14:31:42.786799753
2393.7,1,14:31:42.787436204
2393.7,1,14:31:42.787906707
2393.7,1,14:31:42.788657663
2393.7,1,14:31:42.789243342
2393.8,3,14:31:43.413476951
2393.7,1,14:31:43.413862408
2393.6,3,14:31:43.601513966
2393.5,3,14:31:44.295390941
2393.4,1,14:31:44.295404528
2393.5,1,14:31:45.098254038
2393.5,1,14:31:45.099036191
2393.4,5,14:31:48.295434975
2393.4,1,14:31:48.320765017
2393.4,1,14:31:49.561515121
2393.4,1,14:31:49.561817559
2393.4,1,14:31:49.652663651
2393.4,1,14:31:49.652875252
2393.3,1,14:31:49.875138796
2393.3,1,14:31:49.875155330
2393.3,1,14:31:50.425675329
2393.3,1,14:31:50.427064173
2393.2,1,14:31:53.018549420
2393.2,1,14:31:53.048593582
2393.1,1,14:31:54.864428872
2393.1,1,14:31:54.864442856
2393.0,2,14:31:54.864442856
2393.0,1,14:31:54.944505121
2393.1,1,14:31:55.237898058
2393.1,1,14:31:57.267513798
2393.1,1,14:31:57.267958911
2393.1,1,14:31:57.268007088
2393.1,1,14:31:57.297094021
2393.1,1,14:31:57.668538753
2393.2,2,14:31:58.350055782
2393.2,1,14:31:59.625839556
2393.1,2,14:32:00.804427887
2393.1,3,14:32:00.805278847
2393.1,1,14:32:01.196238121
2393.1,1,14:32:01.196688002
2393.1,1,14:32:01.196906821
2393.1,1,14:32:03.417759558
2393.1,2,14:32:03.417799280
2393.0,2,14:32:04.188555968
2393.0,1,14:32:05.268436937
2393.0,1,14:32:07.922831322
2393.0,1,14:32:07.922860209
2393.0,1,14:32:13.031844507
2393.0,1,14:32:13.032362293
2392.9,3,14:32:14.885996108
2392.9,1,14:32:14.887414797
2392.8,1,14:32:14.919605367
2392.8,1,14:32:14.919618334
2392.8,1,14:32:15.012626871
2392.8,1,14:32:15.092913722
2392.8,4,14:32:15.610615224
2392.8,1,14:32:16.069800592
2392.8,1,14:32:16.093836354
2392.8,1,14:32:16.743523147
2392.8,3,14:32:16.744076416
2392.8,2,14:32:16.774975184
2392.8,1,14:32:22.022869145
2392.8,1,14:32:22.023124577
2392.8,1,14:32:23.698116104
2392.8,1,14:32:26.170739289
2392.7,12,14:32:26.915262166
2392.7,5,14:32:26.915358524
2392.7,1,14:32:26.916565007
2392.6,4,14:32:26.927558416
2392.7,7,14:32:27.578349608
2392.8,1,14:32:27.578349608
2392.7,1,14:32:27.579182189
2392.6,1,14:32:27.650017837
2392.6,1,14:32:27.650199507
2392.7,1,14:32:27.770032317
2392.6,1,14:32:27.794678917
2392.6,1,14:32:27.795124257
2392.6,2,14:32:27.795365718
2392.7,1,14:32:27.804182866
2392.7,1,14:32:27.815615186
2392.6,1,14:32:27.822958016
2392.6,3,14:32:29.245699171
2392.6,2,14:32:29.851107168
2392.6,1,14:32:30.470074767
2392.6,1,14:32:30.470168443
2392.5,1,14:32:30.717214481
2392.6,1,14:32:30.974743950
2392.6,2,14:32:30.975065643
2392.5,1,14:32:31.870005163
2392.6,1,14:32:34.100403746
2392.6,1,14:32:34.126969172
2392.6,1,14:32:38.305612646
2392.6,1,14:32:39.325759944
2392.6,1,14:32:39.353834741
2392.7,2,14:32:41.636041930
2392.7,1,14:32:41.636219352
2392.7,2,14:32:41.636219352
2392.7,4,14:32:41.636336535
2392.7,1,14:32:41.660586987
2392.7,1,14:32:41.660997568
2392.7,3,14:32:42.577777288
2392.7,1,14:32:42.603268074
2392.7,1,14:32:51.757601938
2392.6,1,14:32:55.634476313
2392.6,2,14:32:55.634797115
2392.6,1,14:32:55.635831219
2392.6,1,14:32:55.636665554
2392.6,1,14:32:57.052449033
2392.6,1,14:32:57.696645178
2392.6,1,14:32:57.731670216
2392.6,1,14:32:58.086998584
2392.6,1,14:32:58.087210986
2392.6,1,14:32:58.601884889
2392.6,3,14:32:58.601965089
2392.6,1,14:32:58.602085872
2392.6,1,14:32:58.602118980
2392.6,1,14:33:00.098424629
2392.7,1,14:33:00.613689861
2392.5,5,14:33:00.861909425
2392.5,1,14:33:02.373511196
2392.5,1,14:33:02.373782885
2392.5,1,14:33:02.954093361
2392.4,7,14:33:04.020307890
2392.4,1,14:33:04.050129490
2392.4,1,14:33:04.084105197
2392.4,1,14:33:04.165760702
2392.4,1,14:33:04.191489302
2392.4,1,14:33:09.863632452
2392.4,2,14:33:09.863672782
2392.4,1,14:33:11.432881202
2392.4,3,14:33:11.444830028
2392.4,1,14:33:11.926028431
2392.4,1,14:33:12.308409473
2392.4,3,14:33:12.308639887
2392.4,2,14:33:12.321618639
2392.4,1,14:33:12.321821327
2392.4,1,14:33:12.702839845
2392.4,1,14:33:12.703260615
2392.4,1,14:33:12.703523200
2392.4,1,14:33:12.729688896
2392.4,1,14:33:13.078325308
2392.4,1,14:33:14.581831879
2392.4,1,14:33:16.190176628
2392.3,8,14:33:18.806745030
2392.3,1,14:33:18.807522621
2392.3,2,14:33:18.808648426
2392.3,1,14:33:18.808695624
2392.3,1,14:33:18.808772125
2392.3,1,14:33:18.819476264
2392.3,1,14:33:18.838183173
2392.4,8,14:33:19.276857381
2392.4,1,14:33:19.277987752
2392.5,1,14:33:19.278017871
2392.4,4,14:33:22.015943669
2392.4,9,14:33:22.035141192
2392.4,1,14:33:22.035278024
2392.4,6,14:33:22.035415361
2392.4,8,14:33:22.035499407
2392.4,6,14:33:22.035745198
2392.4,18,14:33:22.035983302
2392.4,2,14:33:22.036015482
2392.5,17,14:33:22.036502858
2392.6,2,14:33:22.037825192
2392.6,2,14:33:22.037977800
2392.6,4,14:33:22.038220998
2392.6,5,14:33:22.398696285
2392.6,2,14:33:22.399252853
2392.6,10,14:33:22.399328775
2392.6,1,14:33:22.399895650
2392.6,2,14:33:22.400614087
2392.6,2,14:33:22.401142434
2392.6,1,14:33:22.401471279
2392.6,1,14:33:22.532690343
2392.6,2,14:33:23.361172102
2392.7,3,14:33:27.421008721
2392.7,1,14:33:27.421185906
2392.7,1,14:33:27.421250902
2392.7,7,14:33:28.301763211
2392.6,11,14:33:28.301763211
2392.6,1,14:33:29.650590636
2392.5,12,14:33:30.277282166
2392.5,1,14:33:30.277423458
2392.4,6,14:33:30.278583098
2392.5,1,14:33:30.278669439
2392.4,1,14:33:30.279196841
2392.4,3,14:33:30.279897828
2392.5,1,14:33:31.429371700
2392.4,1,14:33:32.013788877
2392.3,1,14:33:34.205180805
2392.3,1,14:33:34.226488109
2392.2,1,14:33:38.453491632
2392.2,1,14:33:38.456915580
2392.1,3,14:33:39.395412836
2392.0,5,14:33:39.396499038
2392.0,2,14:33:39.396543048
2392.0,1,14:33:39.396695708
2392.0,1,14:33:39.396961905
2392.0,3,14:33:40.337553915
2392.0,1,14:33:40.540020292
2391.9,2,14:33:41.124488230
2391.9,1,14:33:41.124800355
2392.0,3,14:33:43.448228151
2391.9,1,14:33:43.461095888
2391.9,1,14:33:43.461475179
2391.8,15,14:33:44.162886737
2391.7,1,14:33:44.162902590
2391.8,1,14:33:44.163647607
2391.8,9,14:33:44.163868184
2391.8,12,14:33:44.163914201
2391.8,3,14:33:44.350760690
2391.7,1,14:33:44.609879670
2391.7,1,14:33:44.647148451
2391.7,2,14:33:44.980854061
2391.7,1,14:33:46.354017905
2391.6,1,14:33:48.022015426
2391.6,1,14:33:48.022029883
2391.7,5,14:33:48.109005270
2391.7,1,14:33:48.109218494
2391.7,2,14:33:48.256629777
2391.7,1,14:33:50.066383425
2391.7,1,14:33:52.114749684
2391.8,6,14:33:52.300935057
2391.9,4,14:33:52.300935057
2391.8,1,14:33:52.303164946
2391.8,1,14:33:54.268406505
2391.8,1,14:33:55.269816478
2391.9,9,14:33:56.242399217
2392.0,2,14:33:56.438055409
2392.0,4,14:33:56.440911581
2392.0,3,14:33:56.441134021
2392.0,1,14:33:56.441184076
2392.0,2,14:33:56.441268737
2392.0,1,14:33:56.441300818
2392.0,1,14:33:56.441367024
2392.0,2,14:33:56.441425752
2392.0,1,14:33:56.441747323
2392.0,4,14:33:56.444540115
2392.0,19,14:33:56.444735063
2392.0,3,14:33:56.445410184
2392.1,1,14:33:56.452858414
2392.1,1,14:33:56.453827321
2392.1,3,14:33:56.974138502
2392.0,1,14:33:57.061806430
2391.9,4,14:33:57.061934301
2392.0,2,14:33:57.061934301
2392.0,1,14:33:57.062771989
2392.0,1,14:33:57.063299510
2391.9,1,14:33:58.816728432
2391.9,1,14:33:58.817130440
2391.9,1,14:34:01.611873727
2391.8,1,14:34:04.051232625
2391.8,1,14:34:06.457547007
2391.9,1,14:34:06.458515385
2391.9,1,14:34:06.458552099
2391.9,1,14:34:06.980126439
2391.9,8,14:34:10.677609736
2391.9,1,14:34:10.678192165
2391.9,1,14:34:10.678438823
2391.9,1,14:34:10.679092858
2391.9,1,14:34:10.681001105
2392.0,1,14:34:11.666468142
2392.0,1,14:34:11.666823548
2392.0,1,14:34:11.666879383
2392.1,1,14:34:13.958651484
2392.1,2,14:34:14.652447148
2392.1,1,14:34:14.704940268
2392.1,4,14:34:15.358323226
2392.2,1,14:34:16.342938773
2392.2,4,14:34:16.439725666
2392.2,1,14:34:20.049851597
2392.3,2,14:34:21.358584834
2392.3,1,14:34:21.705879665
2392.3,1,14:34:21.765353512
2392.2,2,14:34:21.860881830
2392.3,2,14:34:22.639880521
2392.2,2,14:34:22.854645767
2392.3,1,14:34:23.458877892
2392.2,3,14:34:24.750479120
2392.2,1,14:34:28.764706341
2392.1,3,14:34:30.177335694
2392.1,2,14:34:30.356439530
2392.0,3,14:34:32.165020426
2391.9,1,14:34:33.776096748
2391.9,1,14:34:36.148730583
2391.9,1,14:34:36.160669198
2391.9,1,14:34:39.025372135
2391.8,2,14:34:39.200273498
2391.9,1,14:34:40.024225932
2391.9,1,14:34:43.464837033
2391.9,2,14:34:43.464921185
2392.0,2,14:34:43.808529610
2392.0,1,14:34:43.809013130
2392.0,1,14:34:45.829153457
2392.0,1,14:34:48.403481383
2392.0,1,14:34:50.509885314
2392.0,1,14:34:50.509974935
2392.0,1,14:34:58.178190778
2391.9,2,14:34:59.554992270
2392.0,8,14:34:59.632423106
2392.1,7,14:34:59.632423106
2392.1,1,14:34:59.634151051
2392.0,1,14:34:59.656460679
2391.9,5,14:35:01.326828450
2391.9,1,14:35:03.460142964
2392.0,1,14:35:04.417882812
2391.9,1,14:35:06.357850218
2391.8,2,14:35:07.886112278
2391.7,2,14:35:08.087634501
2391.8,2,14:35:10.000018812
2391.8,1,14:35:10.001415153
2391.7,4,14:35:13.189108845
2391.6,1,14:35:14.762215279
2391.6,5,14:35:14.762578019
2391.5,1,14:35:15.674013974
2391.4,1,14:35:17.195995716
2391.3,2,14:35:17.196008270
2391.3,7,14:35:17.219902470
2391.3,1,14:35:17.306503677
2391.3,3,14:35:21.046009935
2391.3,1,14:35:21.381273724
2391.2,1,14:35:21.874351089
2391.2,1,14:35:22.039885332
2391.2,3,14:35:23.475723822
2391.2,4,14:35:23.959959934
2391.2,1,14:35:25.541086476
2391.1,1,14:35:26.320085266
2391.1,1,14:35:26.320097663
2391.1,2,14:35:26.849589752
2391.1,1,14:35:26.850202942
2391.1,1,14:35:27.091497577
2391.1,1,14:35:27.243295340
2391.1,1,14:35:27.243506961
2391.1,1,14:35:27.243873106
2391.1,1,14:35:27.243948217
2391.1,1,14:35:27.925605373
2391.1,1,14:35:27.925816565
2391.1,1,14:35:28.411590775
2391.0,1,14:35:29.810532819
2391.0,2,14:35:29.810546554
2391.1,2,14:35:29.844575538
2391.1,3,14:35:29.845027530
2391.1,1,14:35:30.408491447
2391.1,4,14:35:30.408764694
2391.1,1,14:35:31.390262003
2391.1,1,14:35:31.413821379
2391.1,1,14:35:31.448833470
2391.2,1,14:35:31.793295215
2391.1,1,14:35:31.819793682
2391.1,1,14:35:35.007630817
2391.1,1,14:35:35.008647014
2391.1,1,14:35:35.926212613
2391.1,2,14:35:36.676299031
2391.1,1,14:35:36.676756160
2391.1,1,14:35:36.676985093
2391.1,1,14:35:37.154071723
2391.1,1,14:35:37.176561440
2391.1,1,14:35:37.443605334
2391.1,1,14:35:37.589207585
2391.1,3,14:35:38.519493406
2391.1,1,14:35:38.520013298
2391.0,1,14:35:39.486078698
2391.1,1,14:35:39.527904894
2391.1,1,14:35:40.125834441
2391.1,1,14:35:40.473051261
2391.1,1,14:35:41.082906914
2391.1,1,14:35:41.124503688
2391.1,1,14:35:41.473712447
2391.1,1,14:35:41.473945296
2391.1,1,14:35:41.484599636
2391.1,1,14:35:41.484845289
2391.1,1,14:35:41.484889676
2391.1,1,14:35:42.224373016
2391.1,1,14:35:43.071454236
2391.1,1,14:35:43.089007118
2391.1,4,14:35:43.359716404
2391.0,1,14:35:43.359716404
2391.1,2,14:35:43.360368939
2391.2,3,14:35:43.480104142
2391.1,1,14:35:46.376237557
2391.2,4,14:35:49.527538387
2391.2,1,14:35:49.567359641
2391.1,14,14:35:50.307020477
2391.1,1,14:35:53.385088031
2391.2,1,14:35:53.403450257
2391.1,1,14:35:53.410671100
2391.2,11,14:35:53.610723321
2391.2,1,14:35:53.861893903
2391.2,2,14:35:53.874121417
2391.2,1,14:35:53.874367895
2391.3,2,14:35:53.875005198
2391.3,2,14:35:53.875105946
2391.3,1,14:35:53.875198261
2391.3,1,14:35:53.886582554
2391.3,1,14:35:53.886762587
2391.2,1,14:35:53.896197513
2391.1,12,14:35:56.926193404
2391.2,9,14:35:56.926193404
2391.1,1,14:35:56.928281571
2391.1,1,14:35:56.928707362
2391.0,1,14:35:57.081156706
2391.0,1,14:35:57.081348950
2391.1,3,14:35:58.652011298
2391.1,1,14:35:58.652252907
2391.1,3,14:35:59.499550227
2391.1,3,14:36:03.484290238
2391.1,7,14:36:03.484592939
2391.1,1,14:36:03.484707323
2391.1,2,14:36:03.485001434
2391.1,1,14:36:03.485037259
2391.1,1,14:36:05.653078332
2391.0,1,14:36:09.468221657
2391.0,1,14:36:11.687392197
2391.1,1,14:36:13.300181277
2391.0,1,14:36:14.625932714
2391.0,4,14:36:19.522562516
2391.0,33,14:36:19.523270714
2391.0,25,14:36:19.524029555
2391.0,1,14:36:19.524064199
2391.0,3,14:36:19.524599010
2391.0,1,14:36:19.524599010
2391.0,1,14:36:19.524689933
2391.0,1,14:36:19.524794838
2391.0,1,14:36:19.524865186
2391.0,6,14:36:19.524865186
2391.0,16,14:36:19.525268873
2391.0,1,14:36:19.525330502
2391.0,1,14:36:19.525431138
2391.0,1,14:36:19.525557736
2391.0,1,14:36:19.525647777
2391.0,1,14:36:19.526097376
2391.0,1,14:36:19.551300758
2391.0,1,14:36:19.759666347
2391.0,2,14:36:19.784597714
2391.0,4,14:36:19.814847994
2391.0,1,14:36:19.815294874
2391.0,1,14:36:19.815530203
2391.0,4,14:36:19.846253332
2390.9,1,14:36:20.454461847
2390.9,2,14:36:20.454477194
2391.0,1,14:36:20.971650232
2391.0,4,14:36:21.839549968
2391.0,3,14:36:22.042663938
2391.0,1,14:36:22.043176748
2390.9,1,14:36:22.533795225
2390.9,3,14:36:22.785400900
2390.8,1,14:36:22.797580337
2390.8,1,14:36:22.798629005
2390.7,1,14:36:22.839593373
2390.6,1,14:36:22.845307072
2390.6,1,14:36:22.857666630
2390.6,1,14:36:22.858326321
2390.6,3,14:36:22.869791476
2390.6,2,14:36:22.870033939
2390.5,13,14:36:22.889523020
2390.5,2,14:36:22.890096248
2390.5,2,14:36:22.890218660
2390.6,4,14:36:22.891828810
2390.6,1,14:36:22.892364194
2390.6,1,14:36:22.898008609
2390.5,1,14:36:22.920327446
2390.6,2,14:36:23.198292367
2390.6,2,14:36:23.198767909
2390.6,1,14:36:23.224336482
2390.7,1,14:36:23.488436826
2390.7,2,14:36:23.488498793
2390.7,2,14:36:23.488919134
2390.7,1,14:36:23.489220711
2390.8,1,14:36:24.238598481
2390.8,4,14:36:24.455686891
2390.8,1,14:36:24.473349836
2390.8,1,14:36:24.473545719
2390.8,1,14:36:24.473737863
2390.8,1,14:36:24.473858099
2390.8,1,14:36:26.047288185
2390.8,1,14:36:26.047756723
2390.8,2,14:36:26.055711546
2390.8,2,14:36:26.072565430
2390.8,1,14:36:26.440518671
2390.8,2,14:36:26.466872274
2390.8,2,14:36:27.097463671
2390.7,1,14:36:27.523167742
2390.7,4,14:36:27.523444116
2390.7,1,14:36:27.524168166
2390.6,1,14:36:29.217102907
2390.5,1,14:36:29.394243030
2390.6,1,14:36:29.394617280
2390.6,1,14:36:30.761176549
2390.6,2,14:36:30.761427200
2390.6,1,14:36:31.068450924
2390.6,1,14:36:31.510076860
2390.4,1,14:36:31.922948426
2390.5,1,14:36:31.923316270
2390.5,1,14:36:31.923540550
2390.5,1,14:36:31.923587852
2390.5,1,14:36:34.021040060
2390.4,1,14:36:34.292649021
2390.4,1,14:36:34.315684429
2390.6,1,14:36:35.263773551
2390.6,3,14:36:35.330590495
2390.6,1,14:36:35.351416704
2390.6,3,14:36:35.351860179
2390.5,1,14:36:36.163669699
2390.5,1,14:36:37.153225938
2390.5,1,14:36:37.153640881
2390.5,1,14:36:37.177172002
2390.6,2,14:36:38.002898642
2390.5,1,14:36:38.012979290
2390.6,1,14:36:39.845017485
2390.5,3,14:36:39.980665756
2390.5,1,14:36:40.094244443
2390.5,1,14:36:40.793512775
2390.4,1,14:36:41.814811110
2390.4,2,14:36:42.796537884
2390.3,1,14:36:43.142648861
2390.5,3,14:36:43.493301951
2390.5,1,14:36:43.673972730
2390.4,1,14:36:47.602187103
2390.4,1,14:36:47.828444582
2390.4,1,14:36:47.828669476
2390.4,1,14:36:47.924577103
2390.4,5,14:36:49.157706771
2390.4,1,14:36:49.201439215
2390.3,3,14:36:49.350111555
2390.3,4,14:36:51.520485933
2390.2,3,14:36:51.520485933
2390.3,1,14:36:51.521090083
2390.4,7,14:36:53.553513991
2390.4,2,14:36:53.554000529
2390.4,1,14:36:53.554098423
2390.3,1,14:36:53.893822128
2390.3,2,14:36:53.894030689
2390.3,1,14:36:53.894143452
2390.3,1,14:36:53.894603715
2390.2,5,14:36:54.125090931
2390.2,7,14:36:54.125155633
2390.2,1,14:36:54.275778562
2390.1,5,14:36:57.714800417
2390.1,1,14:36:57.715598331
2390.0,1,14:36:57.727829534
2390.0,1,14:36:57.727842687
2390.0,4,14:36:57.727842687
2390.0,1,14:36:57.742218372
2390.1,5,14:36:57.857494587
2390.1,4,14:36:58.133709874
2390.1,2,14:36:58.134013558
2390.1,1,14:36:59.069197997
2390.0,5,14:36:59.122560620
2390.1,1,14:36:59.432785668
2390.1,1,14:36:59.440387633
2390.0,1,14:37:01.113360018
2390.0,1,14:37:01.995190772
2390.1,1,14:37:02.422547193
2390.1,3,14:37:03.496717407
2390.1,4,14:37:03.496987585
2390.1,1,14:37:03.497208406
2390.1,3,14:37:03.497265594
2390.1,1,14:37:03.497401434
2390.1,3,14:37:03.800705056
2390.1,2,14:37:03.800936021
2390.1,3,14:37:03.800983138
2390.1,7,14:37:03.801145363
2390.1,3,14:37:03.828683352
2390.1,1,14:37:03.968498115
2390.1,1,14:37:04.001198660
2390.1,1,14:37:04.019025516
2390.1,1,14:37:04.257705549
2390.1,1,14:37:04.275583592
2390.0,3,14:37:04.698529797
2390.1,1,14:37:04.698921437
2390.1,1,14:37:04.727461921
2390.1,1,14:37:09.085496410
2390.1,1,14:37:09.085981377
2390.0,1,14:37:09.884354106
2390.0,1,14:37:09.925326642
2390.0,2,14:37:09.925529059
2390.0,1,14:37:09.925565968
2390.0,2,14:37:09.926274940
2390.0,1,14:37:09.926308146
2390.1,2,14:37:09.944779182
2390.1,1,14:37:09.945261531
2390.1,1,14:37:09.945362963
2390.1,1,14:37:09.945407149
2390.0,1,14:37:10.039045590
2390.1,1,14:37:10.060324951
2390.1,1,14:37:10.231892980
2390.0,1,14:37:11.126602318
2390.1,1,14:37:11.528200147
2390.1,2,14:37:12.280116148
2390.1,1,14:37:12.280542508
2390.2,1,14:37:12.297164540
2390.1,1,14:37:12.320873790
2390.1,1,14:37:12.865112445
2390.1,4,14:37:13.792995249
2390.1,1,14:37:13.857179465
2390.2,1,14:37:16.525463253
2390.2,2,14:37:16.528684550
2390.2,2,14:37:20.212416424
2390.2,2,14:37:20.213203978
2390.1,3,14:37:20.396115932
2390.1,1,14:37:20.397596586
2390.2,7,14:37:20.551439395
2390.1,1,14:37:20.655240471
2390.1,1,14:37:20.683778295
2390.1,1,14:37:20.741924177
2390.1,1,14:37:20.767158337
2390.1,1,14:37:20.975200038
2390.1,1,14:37:21.001117390
2390.2,2,14:37:23.500519161
2390.1,1,14:37:23.523984935
2390.1,1,14:37:23.524570399
2390.2,10,14:37:23.656450632
2390.2,1,14:37:23.657314074
2390.2,1,14:37:23.657611571
2390.2,1,14:37:23.862147566
2390.2,1,14:37:23.886771440
2390.3,5,14:37:24.182442109
2390.3,1,14:37:24.213461007
2390.3,2,14:37:25.941247312
2390.3,1,14:37:26.005402840
2390.4,2,14:37:26.753947579
2390.3,1,14:37:26.753947579
2390.3,1,14:37:26.754401598
2390.4,1,14:37:27.180486934
2390.2,2,14:37:27.416114216
2390.3,3,14:37:27.895324794
2390.2,1,14:37:27.920180842
2390.3,1,14:37:30.581520946
2390.2,1,14:37:30.607338175
2390.2,4,14:37:30.817044012
2390.2,1,14:37:30.842482478
2390.2,1,14:37:30.842678418
2390.3,3,14:37:31.095699385
2390.2,1,14:37:31.121125172
2390.2,1,14:37:31.927899131
2390.2,2,14:37:32.948196963
2390.2,1,14:37:34.124208320
2390.3,1,14:37:42.382124250
2390.3,3,14:37:43.508441990
2390.3,2,14:37:43.508747852
2390.3,2,14:37:43.508789682
2390.3,1,14:37:43.662669729
2390.3,1,14:37:43.662790689
2390.3,1,14:37:44.165404099
2390.4,1,14:37:44.586602750
2390.4,3,14:37:44.586983088
2390.4,9,14:37:44.587022215
2390.4,1,14:37:47.606575485
2390.4,1,14:37:47.654658274
2390.4,1,14:37:47.655010188
2390.5,9,14:37:56.654989401
2390.6,1,14:37:56.658005250
2390.6,1,14:37:56.658018431
2390.5,2,14:37:56.669220645
2390.5,1,14:37:58.551164344
2390.4,1,14:38:00.005970094
2390.4,1,14:38:00.006606504
2390.4,2,14:38:01.112129709
2390.5,2,14:38:03.512761558
2390.4,1,14:38:06.093646647
2390.4,1,14:38:06.895941630
2390.3,1,14:38:08.701307842
2390.3,1,14:38:08.701373381
2390.2,7,14:38:09.647254349
2390.1,3,14:38:10.670794659
2390.1,1,14:38:10.671089200
2390.1,1,14:38:11.818836146
2390.2,1,14:38:11.819274155
2390.2,1,14:38:11.819310181
2390.1,3,14:38:12.596225815
2390.2,2,14:38:14.954683076
2390.2,1,14:38:15.018567216
2390.1,1,14:38:15.204526567
2390.1,3,14:38:15.204965375
2390.1,1,14:38:15.215964286
2390.1,1,14:38:15.259705220
2390.1,1,14:38:15.714628051
2390.1,1,14:38:15.715262242
2390.1,1,14:38:17.128179080
2390.1,1,14:38:17.128540262
2390.1,3,14:38:19.380013471
2390.1,1,14:38:19.380570939
2390.0,1,14:38:21.568655164
2390.1,3,14:38:23.518455290
2390.1,1,14:38:25.169925857
2390.0,2,14:38:25.735457063
2390.0,2,14:38:25.768991481
2390.0,3,14:38:25.799511287
2390.0,3,14:38:25.829692776
2390.0,10,14:38:25.855941223
2390.0,2,14:38:25.856204403
2390.0,4,14:38:25.856305874
2390.0,1,14:38:25.856359442
2390.0,1,14:38:25.856488085
2390.0,1,14:38:25.856526416
2390.0,6,14:38:25.856649000
2390.0,1,14:38:25.868189742
2390.0,1,14:38:27.217150456
2390.0,2,14:38:27.217462734
2390.0,3,14:38:27.217709430
2390.0,1,14:38:27.238549819
2389.9,1,14:38:27.790245459
2390.0,1,14:38:27.870114597
2389.9,1,14:38:28.133790290
2389.9,1,14:38:28.134222593
2389.9,1,14:38:31.861319942
2389.9,1,14:38:31.894374561
2390.0,1,14:38:33.884687894
2390.0,2,14:38:33.951165774
2390.0,2,14:38:33.951203564
2390.1,1,14:38:34.514086296
2390.1,1,14:38:34.802772691
2390.2,6,14:38:37.035053766
2390.1,3,14:38:37.035053766
2390.1,1,14:38:38.542942047
2390.1,1,14:38:39.264762048
2390.1,1,14:38:39.265455701
2390.2,10,14:38:40.273961167
2390.2,1,14:38:40.274584787
2390.3,7,14:38:40.957490999
2390.4,3,14:38:40.957490999
2390.3,1,14:38:41.202951400
2390.3,1,14:38:41.203266277
2390.4,1,14:38:41.298359942
2390.4,1,14:38:41.660206435
2390.5,3,14:38:43.522395239
2390.4,2,14:38:43.522937699
2390.4,1,14:38:43.523468362
2390.3,3,14:38:43.628401533
2390.3,1,14:38:43.628978777
2390.3,1,14:38:43.629119174
2390.3,1,14:38:43.629358142
2390.3,1,14:38:43.629385710
2390.3,1,14:38:43.629605407
2390.3,1,14:38:45.018347248
2390.4,3,14:38:45.053569042
2390.4,1,14:38:45.053902992
2390.4,4,14:38:45.619279553
2390.4,2,14:38:46.800154923
2390.4,1,14:38:46.800590874
2390.5,2,14:38:47.430577700
2390.5,1,14:38:50.607187469
2390.4,1,14:38:50.607607893
2390.3,3,14:38:50.626063562
2390.3,1,14:38:50.683882493
2390.3,3,14:38:51.389879177
2390.4,1,14:38:52.144801891
2390.5,9,14:38:52.145910844
2390.6,2,14:38:52.147337826
2390.6,1,14:38:52.148504158
2390.6,3,14:38:52.148886047
2390.6,1,14:38:52.149093379
2390.6,1,14:38:52.149721625
2390.6,1,14:38:52.150165106
2390.6,1,14:38:52.158693595
2390.6,1,14:38:52.159000264
2390.6,1,14:38:52.328753999
2390.6,1,14:38:56.757697350
2390.6,1,14:38:56.758024711
2390.6,2,14:38:56.804275414
2390.6,1,14:38:56.804433229
2390.6,1,14:38:56.865910220
2390.6,1,14:38:56.950863355
2390.6,1,14:38:59.515988861
2390.6,2,14:39:02.848016316
2390.6,1,14:39:02.848390685
2390.7,1,14:39:03.260057237
2390.7,1,14:39:03.260654203
2390.9,2,14:39:03.526101987
2390.8,1,14:39:03.526101987
2390.9,1,14:39:13.293799724
2390.8,1,14:39:15.195756399
2390.8,2,14:39:15.761253366
2390.8,2,14:39:15.761338900
2390.8,1,14:39:15.761646138
2390.8,1,14:39:15.761878095
2390.8,2,14:39:17.655996937
2390.9,3,14:39:20.086932801
2390.9,1,14:39:20.088027074
2390.9,1,14:39:20.088586711
2390.8,5,14:39:21.944615464
2390.9,1,14:39:23.532212033
2391.0,5,14:39:27.793974331
2391.1,1,14:39:27.793988120
2391.0,1,14:39:27.795496951
2391.1,1,14:39:28.619508755
2391.3,4,14:39:29.647975898
2391.2,1,14:39:29.648388366
2391.1,1,14:39:29.649268427
2391.1,1,14:39:29.649418937
2391.1,1,14:39:29.649913109
2391.1,1,14:39:29.685141685
2391.2,1,14:39:33.176157277
2391.3,1,14:39:33.748375020
2391.3,1,14:39:36.278282949
2391.2,1,14:39:36.470131497
2391.2,1,14:39:36.470606412
2391.3,1,14:39:36.840416642
2391.2,2,14:39:36.840828827
2391.1,3,14:39:40.215826440
2391.1,1,14:39:42.645581890
2391.2,1,14:39:43.539777865
2391.2,2,14:39:43.539848097
2391.1,7,14:39:45.238980109
2391.2,2,14:39:47.530694437
2391.3,1,14:39:48.905626679
2391.2,1,14:39:48.954383890
2391.2,1,14:39:48.954422616
2391.2,2,14:39:48.954475315
2391.2,1,14:39:48.954507233
2391.2,1,14:39:48.954545576
2391.3,1,14:39:48.954829499
2391.2,1,14:39:51.049737050
2391.3,1,14:39:52.490961442
2391.2,1,14:39:52.491397627
2391.2,2,14:39:52.491887736
2391.2,1,14:39:57.685464207
2391.2,3,14:39:58.741650924
2391.2,1,14:39:58.742087166
2391.2,1,14:39:58.742355488
2391.1,1,14:40:00.837954386
2391.1,2,14:40:00.903676162
2391.2,1,14:40:00.903676162
2391.1,1,14:40:00.904042906
2391.1,1,14:40:00.904279765
2391.1,1,14:40:00.904326431
2391.1,2,14:40:00.904380247
2391.0,2,14:40:00.992748246
2391.0,2,14:40:01.239741324
2391.0,2,14:40:01.239774140
2391.0,1,14:40:01.239806247
2391.0,1,14:40:01.240901757
2391.0,1,14:40:01.241137548
2390.9,10,14:40:01.747280909
2391.0,3,14:40:01.747280909
2390.8,6,14:40:01.749566802
2390.8,1,14:40:01.749594041
2390.8,1,14:40:01.749715896
2390.8,1,14:40:01.749743081
2390.8,1,14:40:01.749941622
2390.8,1,14:40:01.749983162
2390.8,26,14:40:01.750008993
2390.8,1,14:40:01.750070559
2390.8,10,14:40:01.751738925
2390.8,8,14:40:01.752179613
2390.8,1,14:40:01.752213706
2390.8,6,14:40:01.752409282
2390.8,5,14:40:01.752484890
2390.8,6,14:40:01.752484890
2390.8,1,14:40:01.752530545
2390.8,1,14:40:01.752706795
2390.9,19,14:40:01.752844374
2390.9,26,14:40:01.753085257
2390.9,3,14:40:01.753206200
2390.9,5,14:40:01.753249711
2390.9,1,14:40:01.753341793
2390.9,9,14:40:01.753460746
2390.9,4,14:40:01.753460746
2390.9,3,14:40:01.753584895
2390.9,2,14:40:01.753596204
2390.9,5,14:40:01.753666827
2390.8,1,14:40:01.753666827
2390.9,1,14:40:01.753711372
2390.9,2,14:40:01.753804650
2390.9,4,14:40:01.753804650
2390.9,4,14:40:01.753882396
2390.9,3,14:40:01.754030264
2390.9,1,14:40:01.754030264
2390.9,1,14:40:01.754213142
2390.9,1,14:40:01.754313665
2390.9,10,14:40:01.754629541
2390.9,1,14:40:01.754672383
2390.8,1,14:40:01.754954625
2390.9,2,14:40:01.755179900
2390.8,32,14:40:01.755310537
2390.8,24,14:40:01.755310537
2390.8,2,14:40:01.755406862
2390.8,1,14:40:01.755441065
2390.8,5,14:40:01.755521593
2390.8,1,14:40:01.755632732
2390.8,1,14:40:01.755714023
2390.8,1,14:40:01.755849725
2390.8,1,14:40:01.755939538
2390.8,1,14:40:01.756457324
2390.8,1,14:40:01.756634077
2390.8,1,14:40:01.756705189
2390.8,1,14:40:01.756795206
2390.9,1,14:40:01.761027190
2390.9,1,14:40:02.175991174
2390.9,1,14:40:02.176065041
2390.9,3,14:40:02.176146841
2390.9,1,14:40:02.176148326
2390.9,1,14:40:02.176233028
2390.9,1,14:40:02.176263644
2390.9,4,14:40:03.242686804
2390.9,2,14:40:03.242730549
2390.9,1,14:40:03.242796098
2390.9,1,14:40:03.242998231
2390.9,1,14:40:03.243198371
2390.9,1,14:40:03.243255521
2390.9,4,14:40:03.243483924
2390.8,15,14:40:03.243483924
2390.9,1,14:40:03.243884482
2390.9,1,14:40:03.243938906
2390.9,1,14:40:03.243989272
2390.8,21,14:40:03.244587127
2390.8,1,14:40:03.245400180
2390.9,3,14:40:03.245636872
2390.9,3,14:40:03.245671939
2390.9,1,14:40:03.245879079
2390.9,1,14:40:03.245925240
2390.9,1,14:40:03.246789911
2390.9,1,14:40:03.247071935
2390.9,2,14:40:03.247188069
2390.9,1,14:40:03.247495070
2390.9,1,14:40:03.247615985
2390.9,1,14:40:03.247733221
2390.9,1,14:40:03.247846527
2390.9,1,14:40:03.349111790
2390.9,1,14:40:03.349295637
2390.9,1,14:40:03.349728536
2390.9,7,14:40:03.649157133
2390.9,4,14:40:03.649430015
2390.9,1,14:40:03.649500718
2390.9,3,14:40:03.649570543
2390.9,2,14:40:03.649602838
2390.9,1,14:40:03.649705864
2390.9,1,14:40:03.649803367
2390.8,4,14:40:04.651055306
2390.8,5,14:40:04.651960140
2390.7,1,14:40:05.174476165
2390.7,1,14:40:05.174734654
2390.6,1,14:40:05.185653968
2390.6,1,14:40:05.554652315
2390.6,1,14:40:07.255656171
2390.6,3,14:40:08.817950769
2390.6,1,14:40:08.818626132
2390.6,1,14:40:08.819040720
2390.7,5,14:40:09.372665063
2390.7,1,14:40:09.373294183
2390.7,1,14:40:09.373719385
2390.7,7,14:40:10.128894946
2390.7,1,14:40:10.129374746
2390.7,1,14:40:10.385653621
2390.7,1,14:40:10.385888285
2390.7,1,14:40:10.385971448
2390.7,1,14:40:10.386190649
2390.7,1,14:40:10.402758129
2390.7,1,14:40:10.403105265
2390.6,1,14:40:12.862066707
2390.6,1,14:40:14.573506054
2390.7,1,14:40:16.303481247
2390.7,3,14:40:16.303873751
2390.7,4,14:40:20.648147966
2390.7,1,14:40:23.328157666
2390.8,3,14:40:23.550149887
2390.7,7,14:40:28.059606341
2390.6,9,14:40:28.059606341
2390.6,3,14:40:28.060261827
2390.6,4,14:40:28.060385413
2390.5,1,14:40:30.855815784
2390.6,3,14:40:31.522185280
2390.6,1,14:40:41.458046971
2390.6,1,14:40:41.458564226
2390.7,3,14:40:43.553834169
2390.6,1,14:40:44.000262435
2390.6,2,14:40:45.159357565
2390.6,1,14:40:46.342120290
2390.5,3,14:40:51.983967712
2390.5,2,14:40:51.984276462
2390.4,2,14:40:53.221384622
2390.4,5,14:40:53.221442629
2390.4,1,14:40:53.221511635
2390.4,1,14:40:53.221575422
2390.4,1,14:40:53.221738820
2390.5,3,14:40:56.228495835
2390.5,1,14:40:56.228531788
2390.5,1,14:40:56.228962844
2390.5,1,14:40:56.229082919
2390.5,1,14:40:56.229186922
2390.5,1,14:40:56.229276690
2390.5,5,14:40:56.229514548
2390.5,1,14:40:56.229539527
2390.5,6,14:40:56.229896488
2390.5,1,14:40:57.092602458
2390.4,2,14:40:57.428714740
2390.4,4,14:40:57.428799113
2390.4,1,14:40:57.428844335
2390.4,2,14:40:57.428962838
2390.4,1,14:40:57.429057913
2390.4,1,14:40:57.429091384
2390.4,1,14:40:57.429241611
2390.4,2,14:40:57.429565432
2390.4,1,14:40:57.429583055
2390.5,4,14:40:57.429641407
2390.5,1,14:40:57.429817911
2390.5,1,14:40:57.429958733
2390.6,1,14:40:57.430768352
2390.5,1,14:40:58.722503568
2390.5,1,14:41:00.700535489
2390.5,1,14:41:00.846462934
2390.5,3,14:41:03.557446629
2390.5,1,14:41:04.486931157
2390.5,2,14:41:04.489986511
2390.4,2,14:41:12.896145751
2390.4,1,14:41:12.896393423
2390.5,9,14:41:15.117925313
2390.6,2,14:41:15.118720702
2390.6,6,14:41:15.119071477
2390.6,1,14:41:15.119124474
2390.6,1,14:41:15.119293184
2390.6,4,14:41:15.119425497
2390.6,2,14:41:15.119426470
2390.6,1,14:41:15.119546472
2390.6,2,14:41:15.119773264
2390.6,1,14:41:15.119816516
2390.6,1,14:41:15.119856653
2390.6,1,14:41:15.119956471
2390.6,1,14:41:15.120169452
2390.6,2,14:41:15.120218061
2390.6,1,14:41:15.120252666
2390.6,1,14:41:15.120486015
2390.6,2,14:41:15.120808156
2390.4,1,14:41:16.686004769
2390.4,4,14:41:16.686231813
2390.4,1,14:41:16.686335521
2390.4,1,14:41:19.142030575
2390.3,3,14:41:21.461899807
2390.3,1,14:41:21.462513324
2390.3,2,14:41:21.462842509
2390.4,3,14:41:23.561224687
2390.3,1,14:41:26.725481005
2390.3,7,14:41:29.399487013
2390.3,1,14:41:29.400029501
2390.3,17,14:41:29.400116526
2390.2,3,14:41:36.696330506
2390.3,7,14:41:37.982544289
2390.2,6,14:41:37.982544289
2390.3,1,14:41:37.984123464
2390.3,5,14:41:37.984180079
2390.3,17,14:41:38.167403911
2390.3,5,14:41:38.167443626
2390.3,1,14:41:38.167660408
2390.3,11,14:41:38.167762686
2390.3,5,14:41:38.167907534
2390.3,1,14:41:38.167934763
2390.3,5,14:41:38.167967295
2390.3,1,14:41:38.168006259
2390.4,7,14:41:38.168324794
2390.5,1,14:41:38.169219695
2390.5,1,14:41:38.169601597
2390.5,1,14:41:38.169654036
2390.5,1,14:41:38.170088173
2390.5,2,14:41:38.170088173
2390.5,1,14:41:38.170203699
2390.5,1,14:41:38.170308955
2390.5,5,14:41:38.170308955
2390.5,4,14:41:38.170416474
2390.5,1,14:41:38.170524780
2390.5,3,14:41:38.170624504
2390.5,1,14:41:38.170685644
2390.5,1,14:41:38.171065607
2390.5,1,14:41:38.171098062
2390.5,1,14:41:38.171188016
2390.5,3,14:41:38.265577317
2390.5,1,14:41:38.265631986
2390.5,1,14:41:38.266018683
2390.5,1,14:41:38.355012342
2390.4,2,14:41:38.358882248
2390.4,3,14:41:39.079427467
2390.3,9,14:41:39.710073159
2390.2,3,14:41:39.710934399
2390.2,1,14:41:39.712336236
2390.2,3,14:41:41.784393169
2390.2,1,14:41:41.784496640
2390.1,1,14:41:41.914888914
2390.1,1,14:41:42.713684887
2390.1,1,14:41:42.713939903
2390.1,1,14:41:43.743096987
2390.1,1,14:41:43.743609033
2390.1,5,14:41:44.718485463
2390.1,1,14:41:46.845050776
2390.2,5,14:41:47.586893729
2390.2,1,14:41:47.587795587
2390.1,1,14:41:49.035841730
2390.1,1,14:41:49.036091889
2390.0,6,14:41:50.720292237
2390.1,10,14:41:54.735222738
2390.0,1,14:41:54.735222738
2390.1,4,14:41:54.738834015
2390.1,1,14:41:54.738877728
2390.1,1,14:41:54.739163865
2390.2,2,14:41:58.618777862
2390.3,1,14:42:00.319153764
2390.2,1,14:42:00.319315131
2390.2,1,14:42:00.319604071
2390.2,1,14:42:00.319692988
2390.2,1,14:42:00.319748810
2390.2,1,14:42:00.319781639
2390.2,1,14:42:00.319850313
2390.2,1,14:42:00.319983301
2390.2,1,14:42:00.320021465
2390.2,1,14:42:02.609131341
2390.1,1,14:42:02.609333117
2390.2,3,14:42:02.609443165
2390.1,2,14:42:03.423525886
2390.1,1,14:42:03.423571829
2390.2,1,14:42:03.571128063
2390.2,2,14:42:03.571617414
2390.1,1,14:42:03.571712420
2390.1,1,14:42:05.005518113
2390.1,1,14:42:06.154851690
2390.2,1,14:42:10.495786682
2390.2,3,14:42:12.231696419
2390.1,1,14:42:12.231696419
2390.3,1,14:42:13.950228010
2390.3,1,14:42:21.223397853
2390.3,1,14:42:21.223677119
2390.3,2,14:42:21.223766094
2390.3,3,14:42:21.224587909
2390.3,4,14:42:21.225733554
2390.3,4,14:42:21.231017440
2390.3,2,14:42:21.232998466
2390.3,20,14:42:21.233283674
2390.3,19,14:42:21.233347573
2390.3,5,14:42:21.233398678
2390.3,1,14:42:21.233495343
2390.3,1,14:42:21.233555664
2390.3,1,14:42:21.234127307
2390.3,1,14:42:21.234236750
2390.3,1,14:42:21.234905390
2390.4,4,14:42:22.166275059
2390.5,1,14:42:22.166288439
2390.3,13,14:42:22.304050248
2390.4,7,14:42:22.304050248
2390.2,11,14:42:22.304050248
2390.2,2,14:42:22.305843507
2390.2,1,14:42:22.306203133
2390.2,5,14:42:22.306330429
2390.2,1,14:42:22.306700804
2390.2,1,14:42:22.306746648
2390.2,1,14:42:22.307311472
2390.2,1,14:42:22.307629306
2390.2,1,14:42:22.307819374
2390.2,1,14:42:23.576103308
2390.3,2,14:42:23.576159626
2390.1,10,14:42:24.212807128
2390.2,2,14:42:24.213418910
2390.2,1,14:42:24.213449554
2390.2,1,14:42:24.213757534
2390.2,6,14:42:25.192989880
2390.2,1,14:42:25.193639966
2390.2,1,14:42:25.193719945
2390.2,1,14:42:25.194002812
2390.2,2,14:42:27.387485690
2390.2,1,14:42:27.387992542
2390.3,3,14:42:28.337345435
2390.4,1,14:42:30.645595355
2390.4,1,14:42:32.526691050
2390.5,1,14:42:33.761731232
2390.5,2,14:42:34.125646144
2390.6,1,14:42:35.253235281
2390.5,3,14:42:36.829474312
2390.5,1,14:42:36.833090180
2390.4,1,14:42:38.486873639
2390.4,2,14:42:40.676015229
2390.4,1,14:42:40.708965694
2390.5,3,14:42:43.581414743
2390.5,2,14:42:55.767128983
2390.7,1,14:42:58.886879449
2390.7,1,14:43:03.585316035
2390.7,1,14:43:03.585413511
2390.8,1,14:43:03.585413511
2390.7,1,14:43:03.990003380
2390.7,1,14:43:10.548365831
2390.7,1,14:43:14.952531488
2390.6,8,14:43:15.505722402
2390.5,25,14:43:15.507459470
2390.5,2,14:43:15.507644050
2390.5,1,14:43:15.507700725
2390.5,1,14:43:15.507822815
2390.5,6,14:43:15.507822815
2390.5,5,14:43:15.507926695
2390.5,30,14:43:15.507926695
2390.5,1,14:43:15.508039894
2390.5,1,14:43:15.508189418
2390.5,10,14:43:15.508189418
2390.5,1,14:43:15.508290542
2390.5,2,14:43:15.508342937
2390.5,1,14:43:15.508396606
2390.5,1,14:43:15.508646992
2390.5,4,14:43:15.508685805
2390.5,1,14:43:15.508938063
2390.5,3,14:43:15.508938063
2390.5,3,14:43:15.509078658
2390.5,1,14:43:15.509146996
2390.5,1,14:43:15.509226540
2390.5,2,14:43:15.509226540
2390.5,4,14:43:15.509423747
2390.6,1,14:43:15.509627780
2390.5,4,14:43:15.510133655
2390.5,2,14:43:15.510133655
2390.6,1,14:43:15.510372834
2390.6,1,14:43:15.510580499
2390.6,5,14:43:15.510580499
2390.6,1,14:43:15.510645470
2390.6,4,14:43:15.510702233
2390.6,4,14:43:15.510773393
2390.6,21,14:43:15.510969837
2390.5,1,14:43:15.511028752
2390.6,2,14:43:15.511812028
2390.6,1,14:43:15.511812028
2390.6,16,14:43:15.511858138
2390.5,12,14:43:15.512301059
2390.5,1,14:43:15.512427426
2390.5,1,14:43:15.512502871
2390.5,1,14:43:15.512534558
2390.5,2,14:43:15.512728533
2390.5,1,14:43:15.512986366
2390.5,1,14:43:15.517403492
2390.6,2,14:43:15.517637330
2390.6,1,14:43:15.517744324
2390.6,1,14:43:15.517821800
2390.6,1,14:43:15.517881910
2390.6,1,14:43:15.528058734
2390.6,1,14:43:15.528097896
2390.6,16,14:43:15.802443891
2390.6,2,14:43:15.802491629
2390.6,34,14:43:15.802720799
2390.6,2,14:43:15.802770963
2390.6,5,14:43:15.802817434
2390.6,1,14:43:15.802849947
2390.6,3,14:43:15.803085590
2390.6,1,14:43:15.803386435
2390.5,18,14:43:15.803492651
2390.5,2,14:43:15.803524543
2390.5,1,14:43:15.803583671
2390.5,1,14:43:15.803682402
2390.5,4,14:43:15.803809240
2390.5,1,14:43:15.804056861
2390.5,3,14:43:15.804083204
2390.5,1,14:43:15.804109988
2390.5,1,14:43:15.804432440
2390.5,4,14:43:15.804484648
2390.6,14,14:43:15.804614632
2390.6,1,14:43:15.804675456
2390.5,1,14:43:15.804872951
2390.6,1,14:43:16.041079070
2390.7,4,14:43:16.984496853
2390.7,2,14:43:16.984641000
2390.6,1,14:43:16.985071421
2390.7,2,14:43:16.985721633
2390.7,1,14:43:16.986080555
2390.7,1,14:43:16.987744640
2390.7,1,14:43:16.987794878
2390.6,3,14:43:17.401747297
2390.6,1,14:43:17.402080850
2390.6,3,14:43:23.590980740
2390.6,1,14:43:24.969914963
2390.5,1,14:43:25.122203088
2390.4,3,14:43:25.122203088
2390.5,5,14:43:25.479161695
2390.5,2,14:43:25.479640079
2390.5,1,14:43:25.479892609
2390.5,1,14:43:25.480181827
2390.6,1,14:43:26.726764879
2390.6,1,14:43:26.727216747
2390.8,9,14:43:28.294682973
2390.7,9,14:43:28.294682973
2390.7,1,14:43:28.432054767
2390.7,1,14:43:28.652681881
2390.8,1,14:43:31.716959192
2390.7,1,14:43:35.206293647
2390.8,1,14:43:35.727931719
2390.8,5,14:43:38.752389580
2391.0,2,14:43:43.595106079
2391.1,5,14:43:45.567083178
2391.0,10,14:43:45.567083178
2391.1,1,14:43:46.261256514
2391.0,1,14:43:46.739923372
2391.0,1,14:43:51.608812335
2391.1,1,14:43:53.818841767
2391.0,1,14:43:53.819020878
2391.1,1,14:43:53.827335097
2391.1,1,14:43:53.827933669
2391.2,2,14:43:55.310595720
2391.2,1,14:43:55.538422923
2391.1,1,14:43:56.112726768
2391.3,3,14:43:59.491035813
2391.3,2,14:43:59.491892179
2391.4,1,14:44:00.557006060
2391.4,1,14:44:01.581240602
2391.3,2,14:44:01.858820049
2391.4,1,14:44:02.789291416
2391.2,8,14:44:03.153438910
2391.1,2,14:44:03.153438910
2391.2,1,14:44:03.157803549
2391.3,1,14:44:05.806062118
2391.2,2,14:44:05.843931906
2391.2,2,14:44:05.844048596
2391.3,1,14:44:05.844466521
2391.2,1,14:44:05.845024805
2391.3,1,14:44:07.583083967
2391.3,2,14:44:08.103733998
2391.3,1,14:44:08.103807260
2391.4,3,14:44:08.153438854
2391.4,5,14:44:08.154460359
2391.4,2,14:44:08.154634664
2391.4,3,14:44:08.154754410
2391.4,3,14:44:08.161337183
2391.4,1,14:44:08.161561098
2391.4,1,14:44:08.177201080
2391.3,10,14:44:11.737494823
2391.3,2,14:44:11.751289921
2391.3,1,14:44:12.392163113
2391.3,1,14:44:13.929678366
2391.3,1,14:44:15.205426431
2391.3,1,14:44:15.205671879
2391.3,1,14:44:15.206112934
2391.4,8,14:44:20.372766115
2391.4,7,14:44:22.416728359
2391.4,3,14:44:22.416996022
2391.4,2,14:44:22.417054669
2391.4,1,14:44:22.417082868
2391.4,2,14:44:22.417241809
2391.4,4,14:44:22.417286319
2391.4,1,14:44:22.417340416
2391.4,3,14:44:23.607639205
2391.3,1,14:44:23.858429290
2391.4,1,14:44:25.351595793
2391.4,2,14:44:25.351760807
2391.4,1,14:44:25.351814748
2391.4,1,14:44:25.351877399
2391.4,1,14:44:25.352117467
2391.4,4,14:44:28.480928553
2391.4,1,14:44:30.518007535
2391.4,3,14:44:30.518290222
2391.3,6,14:44:35.632882406
2391.4,1,14:44:35.698704178
2391.5,3,14:44:36.235098198
2391.6,4,14:44:36.235114144
2391.5,1,14:44:36.235920298
2391.5,1,14:44:36.236443802
2391.6,1,14:44:39.567745506
2391.5,4,14:44:41.444930239
2391.5,1,14:44:41.444964244
2391.4,2,14:44:41.448244602
2391.4,1,14:44:41.448516267
2391.4,1,14:44:41.448604749
2391.3,4,14:44:43.285707340
2391.4,3,14:44:43.611156820
2391.5,1,14:44:43.745525426
2391.3,1,14:44:45.956456843
2391.2,2,14:44:45.960360675
2391.2,1,14:44:49.349827911
2391.2,1,14:44:49.350076345
2391.3,2,14:44:53.935075563
2391.3,3,14:45:03.615163070
2391.1,2,14:45:04.297474071
2391.0,1,14:45:05.854193893
2391.0,1,14:45:09.558229426
2390.9,1,14:45:12.859946776
2391.0,1,14:45:13.039607371
2391.0,2,14:45:16.550931197
2390.8,1,14:45:17.185012306
2390.8,1,14:45:17.206727071
2390.7,1,14:45:18.549024029
2390.7,1,14:45:18.549419148
2390.7,1,14:45:18.549930509
2390.7,1,14:45:18.549961079
2390.7,1,14:45:18.550032053
2390.7,1,14:45:18.550593595
2390.8,1,14:45:22.186072128
2390.9,1,14:45:23.619046350
2391.0,2,14:45:23.619046350
2391.0,1,14:45:23.872103580
2391.0,1,14:45:24.721980603
2391.0,1,14:45:24.937958419
2391.1,1,14:45:28.061108219
2391.2,3,14:45:30.257488609
2391.1,8,14:45:33.680850904
2391.0,1,14:45:36.565512932
2391.0,2,14:45:36.582993090
2391.1,3,14:45:43.622577549
2391.0,2,14:45:44.098222975
2391.0,1,14:45:44.098701048
2390.9,2,14:45:46.459530061
2390.8,1,14:45:51.973820784
2390.7,1,14:45:51.973830855
2390.7,5,14:45:55.242467601
2390.7,1,14:46:01.689850511
2390.7,1,14:46:01.690071998
2390.7,2,14:46:02.491923054
2390.8,3,14:46:03.626575461
2390.7,1,14:46:12.804222985
2390.6,1,14:46:12.814708519
2390.6,1,14:46:14.435280992
2390.7,1,14:46:16.937963609
2390.7,2,14:46:19.079236843
2390.9,1,14:46:23.630232895
2390.9,2,14:46:23.630317293
2391.0,1,14:46:41.529261108
2391.1,4,14:46:41.916234283
2391.2,1,14:46:42.903682799
2391.2,1,14:46:43.078556433
2391.1,1,14:46:44.077066923
2391.1,1,14:46:45.449886328
2391.1,1,14:46:45.450478868
2391.2,1,14:46:45.510805971
2391.2,1,14:46:49.340225207
2391.0,2,14:46:51.736288387
2390.9,1,14:46:51.786883743
2391.0,2,14:46:51.917508709
2391.0,1,14:46:52.760350071
2390.9,3,14:46:52.809548014
2390.9,1,14:46:52.810058743
2390.8,2,14:46:54.146953232
2390.6,1,14:46:59.055130781
2390.5,1,14:47:00.006685013
2390.5,1,14:47:00.006888300
2390.4,1,14:47:00.541514188
2390.4,1,14:47:00.678256318
2390.5,3,14:47:03.642032762
2390.4,1,14:47:09.575880931
2390.0,21,14:47:10.550296389
2390.3,12,14:47:10.550296389
2389.7,16,14:47:10.550296389
2389.6,2,14:47:10.550296389
2390.4,8,14:47:10.550296389
2390.5,1,14:47:10.550296389
2390.1,17,14:47:10.550296389
2389.9,12,14:47:10.550296389
2389.8,17,14:47:10.550296389
2390.2,14,14:47:10.550296389
2389.6,1,14:47:10.551087402
2389.6,2,14:47:10.551097793
2390.1,1,14:47:10.554117403
2390.2,1,14:47:10.555018532
2390.0,1,14:47:10.556794531
2390.1,1,14:47:10.558455337
2390.0,1,14:47:10.559486126
2390.0,1,14:47:10.559742483
2390.0,1,14:47:10.560847792
2390.1,1,14:47:10.560983164
2390.0,1,14:47:10.561924085
2390.1,1,14:47:10.562163156
2390.1,1,14:47:10.562193041
2390.0,1,14:47:10.562454450
2390.1,1,14:47:10.562958797
2390.1,1,14:47:10.563604976
2389.9,1,14:47:10.565611632
2390.0,1,14:47:10.569308684
2390.0,1,14:47:10.575337626
2389.9,1,14:47:10.598554023
2390.1,4,14:47:10.620702415
2390.1,1,14:47:10.621396403
2390.1,1,14:47:10.662635490
2390.1,1,14:47:10.663126208
2390.0,2,14:47:10.666348820
2390.0,2,14:47:10.666445644
2390.0,3,14:47:10.667483911
2390.0,3,14:47:10.667511429
2390.0,6,14:47:10.668568451
2390.1,2,14:47:10.695725459
2390.1,1,14:47:10.822229602
2390.1,2,14:47:11.507654614
2390.1,3,14:47:11.507725165
2390.1,1,14:47:11.507920039
2390.1,1,14:47:11.508220481
2390.1,1,14:47:11.508259954
2390.1,1,14:47:11.508333373
2390.1,1,14:47:11.508637376
2390.1,1,14:47:11.508716779
2390.1,1,14:47:11.508895007
2390.1,2,14:47:11.509135549
2390.1,2,14:47:11.582265370
2390.1,1,14:47:11.592770643
2390.1,1,14:47:13.450903544
2390.1,2,14:47:18.304737655
2390.2,1,14:47:18.320065160
2390.2,2,14:47:18.670999138
2390.2,1,14:47:19.275169923
2390.2,1,14:47:19.286924047
2390.2,2,14:47:19.957460035
2390.2,1,14:47:19.957548786
2390.3,3,14:47:20.713266608
2390.3,9,14:47:20.909220841
2389.8,6,14:47:20.909220841
2390.0,7,14:47:20.909220841
2390.1,8,14:47:20.909220841
2390.2,6,14:47:20.909220841
2389.9,9,14:47:20.909220841
2390.0,1,14:47:20.913681462
2390.0,1,14:47:20.913739432
2390.0,1,14:47:20.923092010
2389.9,1,14:47:21.170446615
2390.1,1,14:47:21.309459819
2390.0,3,14:47:21.518407741
2390.0,1,14:47:21.519217800
2390.0,6,14:47:21.519454720
2390.0,1,14:47:21.519884870
2390.0,3,14:47:23.645781857
2390.0,1,14:47:24.801206835
2389.9,1,14:47:27.738648332
2390.0,1,14:47:27.751330162
2390.1,2,14:47:30.066669893
2390.0,3,14:47:31.805700300
2389.9,3,14:47:39.416551920
2389.9,3,14:47:43.649689113
2389.8,8,14:47:44.636281057
2389.9,3,14:47:44.636281057
2389.8,1,14:47:44.637104405
2389.8,2,14:47:44.637147510
2389.8,1,14:47:44.637362996
2389.9,1,14:47:44.638874025
2389.8,1,14:47:53.977040432
2389.8,1,14:47:53.977266590
2389.9,1,14:47:55.846354453
2389.9,1,14:47:55.846736589
2390.0,3,14:48:00.275398935
2390.0,1,14:48:01.698886619
2390.0,1,14:48:02.379350150
2390.0,2,14:48:02.379730075
2390.1,1,14:48:02.550437362
2390.2,3,14:48:03.653406866
2390.1,1,14:48:03.698816976
2390.1,2,14:48:05.715957437
2390.1,1,14:48:05.716214434
2390.1,1,14:48:06.172447490
2390.1,1,14:48:09.022147059
2390.1,1,14:48:11.712948627
2390.0,1,14:48:11.841064117
2390.0,1,14:48:22.258069766
2389.9,1,14:48:23.231459131
2389.9,1,14:48:23.231666319
2389.9,1,14:48:23.232191824
2390.0,1,14:48:23.659403632
2389.9,1,14:48:26.560665266
2389.9,1,14:48:28.364966487
2389.9,6,14:48:28.365231683
2389.9,1,14:48:28.367893432
2389.8,3,14:48:28.368587244
2389.8,1,14:48:28.388405759
2389.8,2,14:48:30.093059670
2389.9,1,14:48:30.302260531
2389.7,7,14:48:31.892464018
2389.8,4,14:48:31.892464018
2389.9,1,14:48:33.150022348
2389.8,5,14:48:35.345619747
2389.8,1,14:48:41.639369483
2389.9,1,14:48:41.975130338
2390.0,1,14:48:42.622470721
2389.8,5,14:48:43.442628745
2389.9,5,14:48:43.442628745
2389.9,1,14:48:43.664438818
2389.7,4,14:48:46.612725095
2389.8,6,14:48:46.612725095
2389.7,3,14:48:49.662949976
2389.8,2,14:48:49.662949976
2389.9,2,14:48:54.365071448
2389.9,1,14:48:54.518492206
2390.0,2,14:48:56.229978163
2390.0,2,14:48:58.074108952
2390.0,1,14:48:58.075043998
2390.1,1,14:49:03.672002298
2390.1,2,14:49:03.672083323
2390.0,3,14:49:06.160006080
2389.9,1,14:49:06.189878588
2390.0,1,14:49:06.268390758
2390.0,1,14:49:06.269113617
2389.9,1,14:49:07.536228842
2389.8,4,14:49:07.536228842
2389.9,1,14:49:07.537776077
2389.9,1,14:49:07.538486171
2389.9,1,14:49:11.242723307
2389.8,2,14:49:12.379681389
2389.8,1,14:49:12.412197371
2389.7,3,14:49:20.798972354
2389.7,3,14:49:20.799250786
2389.7,1,14:49:20.799723937
2389.7,1,14:49:20.799984598
2389.7,1,14:49:20.829637422
2389.7,1,14:49:21.868772538
2389.8,1,14:49:23.677404768
2389.8,2,14:49:23.677449895
2389.8,1,14:49:28.640114886
2389.8,1,14:49:28.640532766
2389.8,1,14:49:28.640735804
2389.8,1,14:49:29.846045222
2389.8,4,14:49:34.211393993
2389.7,1,14:49:41.187330834
2389.7,1,14:49:41.187614939
2389.7,1,14:49:43.682214603
2389.6,1,14:49:47.529979830
2389.6,1,14:49:47.530253167
2389.6,2,14:49:47.530318010
2389.6,1,14:49:47.531401104
2389.5,2,14:49:47.542064627
2389.5,1,14:49:47.542438321
2389.5,1,14:49:47.542472315
2389.5,1,14:49:47.542835491
2389.5,1,14:49:47.764818335
2389.5,1,14:49:48.074419525
2389.4,1,14:49:48.556851811
2389.4,1,14:49:48.557313078
2389.4,2,14:49:48.560029875
2389.3,1,14:49:48.560029875
2389.3,1,14:49:48.569155329
2389.4,1,14:49:48.622385856
2389.3,5,14:49:51.536213659
2389.4,1,14:49:51.537154917
2389.4,1,14:49:51.565143784
2389.4,1,14:49:51.821536966
2389.4,3,14:49:52.238746964
2389.4,1,14:49:52.239457246
2389.4,1,14:49:52.302742933
2389.4,2,14:49:52.303169892
2389.4,1,14:49:52.333045571
2389.4,1,14:49:52.364852397
2389.5,4,14:49:53.458248359
2389.5,1,14:49:53.469518539
2389.5,1,14:49:53.481207054
2389.5,1,14:49:53.481439910
2389.4,2,14:49:53.540222706
2389.5,2,14:49:53.567870043
2389.5,1,14:49:53.943923459
2389.6,4,14:49:53.974803280
2389.6,1,14:49:54.005455666
2389.6,1,14:49:54.005970166
2389.6,1,14:49:54.141626871
2389.6,1,14:49:56.886675223
2389.6,1,14:49:56.886873448
2389.6,1,14:49:59.847782538
2389.6,2,14:50:02.135354519
2389.6,1,14:50:02.135787229
2389.6,1,14:50:02.162656515
2389.6,2,14:50:02.195076431
2389.7,3,14:50:03.698637872
2389.6,1,14:50:03.730933997
2389.6,1,14:50:03.731439015
2389.6,1,14:50:06.615584161
2389.6,1,14:50:07.382148025
2389.6,1,14:50:09.208140374
2389.5,4,14:50:13.733094732
2389.5,1,14:50:13.734654911
2389.5,2,14:50:13.735606546
2389.5,1,14:50:14.910625515
2389.5,1,14:50:16.934085461
2389.5,1,14:50:16.957457285
2389.6,5,14:50:19.116178007
2389.7,3,14:50:19.117428697
2389.7,1,14:50:19.117434541
2389.7,1,14:50:19.118391056
2389.8,8,14:50:19.137671044
2389.8,1,14:50:19.144965623
2389.8,1,14:50:19.168575538
2389.9,2,14:50:19.245568233
2389.9,7,14:50:19.245897688
2389.9,1,14:50:19.277309524
2390.0,5,14:50:19.408051578
2390.0,1,14:50:19.408365478
2390.0,1,14:50:19.408465112
2390.0,1,14:50:19.470662923
2390.0,1,14:50:19.470908150
2390.1,1,14:50:19.500983430
2390.1,1,14:50:19.500997443
2390.1,2,14:50:19.670037105
2390.1,1,14:50:19.739355024
2390.2,1,14:50:19.929671501
2390.2,1,14:50:19.929961970
2390.3,2,14:50:20.461608410
2390.3,2,14:50:20.461622970
2390.3,1,14:50:20.462168843
2390.3,1,14:50:20.462711507
2390.3,1,14:50:20.463507014
2390.3,1,14:50:20.485592342
2390.2,1,14:50:20.624262565
2390.2,1,14:50:20.624487238
2390.2,1,14:50:20.637093789
2390.2,1,14:50:20.945184258
2390.3,3,14:50:23.702659278
2390.3,1,14:50:23.704005682
2390.3,1,14:50:23.730351224
2390.4,1,14:50:24.726287375
2390.4,2,14:50:24.753217384
2390.4,1,14:50:24.753892727
2390.4,1,14:50:26.663506910
2390.3,1,14:50:26.904406711
2390.4,1,14:50:28.952824792
2390.4,1,14:50:29.806846610
2390.4,1,14:50:31.524555066
2390.3,3,14:50:31.835676791
2390.3,1,14:50:31.836667032
2390.2,3,14:50:32.503883938
2390.2,1,14:50:32.504749306
2390.2,1,14:50:32.504891974
2390.2,1,14:50:32.505250939
2390.2,1,14:50:32.522030626
2390.2,3,14:50:32.522248977
2390.2,1,14:50:32.522653679
2390.1,1,14:50:41.789442789
2390.2,2,14:50:41.855162234
2390.2,1,14:50:43.282189595
2390.3,3,14:50:43.285768402
2390.2,1,14:50:43.306686786
2390.3,2,14:50:44.267976189
2390.3,4,14:50:44.268026999
2390.3,2,14:50:44.268191150
2390.3,1,14:50:44.333971207
2390.4,5,14:50:44.439465624
2390.4,1,14:50:45.911277993
2390.4,2,14:50:45.911502362
2390.4,2,14:50:45.911560776
2390.4,1,14:50:45.911969770
2390.5,3,14:50:49.126521284
2390.5,3,14:50:49.126735036
2390.6,8,14:50:49.127089162
2390.5,1,14:50:49.201182378
2390.5,4,14:50:49.201888920
2390.5,1,14:50:50.333142865
2390.5,1,14:50:50.333419287
2390.5,1,14:50:52.360676915
2390.6,1,14:50:53.387862373
2390.6,2,14:50:54.215138131
2390.6,1,14:50:54.215493844
2390.5,1,14:51:02.404792873
2390.5,1,14:51:03.719398046
2390.5,2,14:51:03.719761008
2390.5,1,14:51:04.784215172
2390.6,1,14:51:09.084969743
2390.5,1,14:51:10.288584254
2390.5,1,14:51:10.288920571
2390.6,1,14:51:11.397170697
2390.6,1,14:51:11.397352362
2390.6,2,14:51:11.397581791
2390.7,1,14:51:11.410312541
2390.7,1,14:51:11.414106302
2390.6,1,14:51:11.684731052
2390.7,5,14:51:12.317075128
2390.7,1,14:51:12.317745475
2390.7,2,14:51:12.840820456
2390.7,1,14:51:12.841352044
2390.6,3,14:51:13.769046389
2390.5,1,14:51:22.662098764
2390.5,3,14:51:23.723891945
2390.5,1,14:51:23.724442370
2390.7,1,14:51:31.258723048
2390.7,1,14:51:31.448739972
2390.7,1,14:51:33.082708363
2390.7,1,14:51:37.578854762
2390.7,1,14:51:40.972328341
2390.8,3,14:51:43.727510937
2390.8,4,14:51:46.871849905
2390.9,2,14:51:46.872424454
2390.9,7,14:51:46.873241962
2390.9,1,14:51:46.873347730
2390.9,1,14:51:46.874235348
2390.9,2,14:51:46.874566690
2390.9,1,14:51:46.875304528
2390.9,2,14:51:47.043590901
2390.9,1,14:51:47.043830521
2391.0,24,14:51:48.537638313
2391.1,1,14:51:48.537650641
2391.1,1,14:51:48.538505254
2391.1,8,14:51:48.538689165
2391.1,1,14:51:48.539946716
2391.2,1,14:51:48.703983236
2391.2,1,14:51:48.703998635
2391.3,1,14:51:49.345144626
2391.2,1,14:51:49.634073850
2391.2,1,14:51:49.776393246
2391.3,1,14:51:49.815060617
2391.2,1,14:51:49.966067388
2391.2,1,14:51:49.966525166
2391.1,1,14:51:50.252024608
2391.2,1,14:51:51.002369569
2391.1,1,14:51:51.228501104
2391.0,18,14:51:51.540263533
2391.0,2,14:51:51.540545705
2391.0,1,14:51:51.541713571
2391.0,1,14:51:51.542800205
2391.1,1,14:51:51.593899167
2391.1,1,14:51:51.685660802
2391.1,12,14:51:52.005852571
2391.7,17,14:51:52.005852571
2391.6,19,14:51:52.005852571
2391.8,12,14:51:52.005852571
2391.5,15,14:51:52.005852571
2391.4,15,14:51:52.005852571
2391.3,9,14:51:52.005852571
2391.2,21,14:51:52.005852571
2391.8,2,14:51:52.006608173
2391.3,1,14:51:52.009476852
2391.3,1,14:51:52.009533647
2391.5,1,14:51:52.012942970
2391.4,1,14:51:52.015467974
2391.4,1,14:51:52.016229961
2391.4,1,14:51:52.016543440
2391.4,1,14:51:52.016775312
2391.4,1,14:51:52.016846040
2391.4,1,14:51:52.016975205
2391.4,1,14:51:52.017076163
2391.4,2,14:51:52.017118862
2391.4,1,14:51:52.018160604
2391.4,1,14:51:52.018610914
2391.4,1,14:51:52.018884651
2391.4,1,14:51:52.019790794
2391.5,1,14:51:52.020875658
2391.5,2,14:51:52.021404404
2391.5,1,14:51:52.021788006
2391.5,1,14:51:52.022036570
2391.5,1,14:51:52.027656751
2391.5,1,14:51:52.033962366
2391.5,1,14:51:52.034165369
2391.4,1,14:51:52.037829881
2391.4,3,14:51:52.040351990
2391.4,1,14:51:52.069697131
2391.4,2,14:51:52.070196053
2391.4,1,14:51:52.078783704
2391.3,1,14:51:52.294550117
2391.4,2,14:51:52.306243239
2391.4,1,14:51:52.322624501
2391.4,2,14:51:52.325524585
2391.3,1,14:51:52.417772630
2391.4,1,14:51:52.498010893
2391.4,1,14:51:52.512087580
2391.4,1,14:51:52.516169498
2391.3,1,14:51:52.877584302
2391.4,1,14:51:52.903539737
2391.4,1,14:51:52.904154824
2391.4,3,14:51:53.181811318
2391.5,7,14:51:53.181811318
2391.4,6,14:51:53.183299005
2391.5,1,14:51:53.183365339
2391.4,1,14:51:53.361701600
2391.3,5,14:51:54.105361547
2391.3,1,14:51:54.106347229
2391.3,2,14:51:54.757078670
2391.3,6,14:51:54.757388906
2391.3,2,14:51:54.757645411
2391.4,1,14:51:55.175312299
2391.4,1,14:51:55.175563590
2391.4,1,14:51:58.059985270
2391.4,1,14:51:58.060313821
2391.5,6,14:51:58.815629511
2391.6,2,14:51:58.818361960
2391.5,2,14:51:58.818516852
2391.6,3,14:51:58.818839255
2391.6,1,14:51:58.818966292
2391.6,2,14:51:58.819136443
2391.6,1,14:51:58.819674648
2391.6,1,14:51:58.820515744
2391.6,1,14:51:58.820548986
2391.6,1,14:51:58.820633238
2391.6,1,14:51:59.012168975
2391.6,1,14:51:59.012253370
2391.6,3,14:51:59.714186813
2391.5,2,14:52:00.317457133
2391.5,2,14:52:00.317553238
2391.5,2,14:52:00.317708793
2391.5,1,14:52:00.317821442
2391.5,1,14:52:00.317858806
2391.5,2,14:52:00.317935912
2391.5,1,14:52:00.318195059
2391.5,2,14:52:00.318352377
2391.5,1,14:52:00.318675494
2391.5,1,14:52:00.318743857
2391.5,1,14:52:00.319298387
2391.5,1,14:52:00.319388728
2391.5,1,14:52:00.557423204
2391.5,1,14:52:00.557688813
2391.6,3,14:52:03.731166270
2391.6,1,14:52:03.732079944
2391.5,4,14:52:03.732571003
2391.5,2,14:52:03.733122253
2391.5,1,14:52:03.736624823
2391.5,2,14:52:05.358248757
2391.8,10,14:52:05.358248757
2391.9,10,14:52:05.358248757
2391.6,12,14:52:05.358248757
2391.7,11,14:52:05.358248757
2391.8,1,14:52:06.353643128
2391.7,1,14:52:06.354036141
2391.7,1,14:52:08.645013366
2391.7,1,14:52:09.901271403
2391.8,1,14:52:10.010972051
2391.8,2,14:52:10.899178902
2391.9,1,14:52:10.899178902
2391.8,1,14:52:10.899658190
2391.7,1,14:52:11.449757664
2391.7,1,14:52:12.970786223
2391.8,1,14:52:14.252620066
2391.8,1,14:52:16.431572163
2391.8,2,14:52:16.432439400
2391.9,1,14:52:17.030225841
2391.9,2,14:52:17.650659717
2391.8,1,14:52:17.941834343
2391.8,1,14:52:18.848585559
2391.8,1,14:52:19.442411632
2391.8,1,14:52:20.964910229
2391.8,2,14:52:20.965186685
2391.8,1,14:52:22.504547404
2391.8,1,14:52:22.504778532
2391.8,1,14:52:23.734853270
2391.7,1,14:52:23.735215470
2391.7,1,14:52:23.735431164
2391.8,1,14:52:24.104285291
2391.7,1,14:52:24.104682249
2391.7,1,14:52:31.250400121
2391.7,1,14:52:31.841711934
2391.6,1,14:52:32.031636998
2391.7,1,14:52:34.624491207
2391.6,6,14:52:34.625051160
2391.6,1,14:52:36.297530976
2391.7,1,14:52:41.352441480
2391.7,1,14:52:42.664789859
2391.7,1,14:52:42.665070211
2391.8,3,14:52:43.741721244
2391.8,2,14:52:43.742129215
2391.9,1,14:52:48.016556928
2391.9,1,14:52:48.016802124
2391.8,1,14:52:48.305040972
2391.8,1,14:52:49.407768204
2391.9,1,14:52:50.010510605
2391.8,1,14:52:50.264038699
2391.8,1,14:52:50.527664398
2391.9,1,14:52:51.214497366
2392.0,3,14:52:52.064579385
2392.1,1,14:52:54.045914698
2392.2,1,14:52:55.524449833
2392.1,1,14:52:55.532026121
2392.1,1,14:52:55.943193107
2392.1,1,14:52:56.192388374
2392.0,1,14:52:57.391146258
2392.0,1,14:52:58.814766277
2392.0,1,14:52:58.814984909
2392.0,1,14:52:58.815147926
2391.9,1,14:52:59.110407496
2391.9,1,14:53:00.710063887
2391.9,1,14:53:02.034234519
2391.9,7,14:53:02.034559213
2391.8,1,14:53:02.741464694
2392.0,9,14:53:04.495234961
2392.0,2,14:53:04.497144484
2392.0,1,14:53:05.792103255
2391.8,1,14:53:06.248525453
2392.0,1,14:53:07.156633381
2391.9,1,14:53:07.157053403
2391.8,1,14:53:07.787317525
2391.8,1,14:53:09.691232001
2391.9,1,14:53:10.752254170
2392.0,2,14:53:10.753533233
2391.9,2,14:53:10.754241432
2391.9,1,14:53:10.754267618
2391.9,1,14:53:10.754308246
2391.9,1,14:53:10.754483625
2391.9,1,14:53:10.755153236
2391.9,1,14:53:10.776153851
2392.0,2,14:53:11.515372260
2391.9,1,14:53:14.176334333
2392.0,1,14:53:20.090755232
2391.9,1,14:53:23.041990058
2392.0,1,14:53:23.758832856
2392.0,2,14:53:26.373057424
2392.1,1,14:53:26.695566015
2392.2,2,14:53:28.025934235
2392.3,1,14:53:29.957299261
2392.3,3,14:53:30.701248716
2392.3,2,14:53:30.702786799
2392.3,1,14:53:30.702828153
2392.3,1,14:53:30.704009435
2392.3,1,14:53:30.723704566
2392.3,7,14:53:32.696487529
2392.4,1,14:53:32.827511834
2392.4,1,14:53:34.594740162
2392.4,1,14:53:40.263865835
2392.4,1,14:53:40.263897932
2392.4,1,14:53:41.424969506
2392.3,3,14:53:41.492934317
2392.3,5,14:53:41.493155694
2392.3,1,14:53:41.493189749
2392.3,14,14:53:41.493268115
2392.2,1,14:53:42.284370952
2392.3,1,14:53:43.763942998
2392.4,8,14:53:43.920816008
2392.5,2,14:53:43.920816008
2392.4,1,14:53:43.921615486
2392.3,2,14:53:43.921615486
2392.3,3,14:53:43.921694659
2392.3,2,14:53:43.922688891
2392.2,1,14:53:44.940502459
2392.1,5,14:53:47.620048398
2392.1,2,14:53:48.922660277
2392.2,6,14:53:50.924707288
2392.2,1,14:53:50.925050265
2392.2,6,14:53:50.925135306
2392.1,1,14:53:52.284197245
2392.2,2,14:53:52.936178932
2392.1,3,14:53:52.936842250
2392.1,1,14:53:52.936891692
2392.1,1,14:53:52.937312122
2392.3,5,14:53:54.723101292
2392.3,1,14:53:56.724187084
2392.3,1,14:53:56.727654994
2392.3,1,14:53:59.058176700
2392.2,2,14:54:03.261844757
2392.2,1,14:54:03.768691551
2392.2,2,14:54:03.768735786
2392.1,2,14:54:03.955885046
2392.2,1,14:54:07.065056039
2392.2,4,14:54:19.275172380
2392.3,1,14:54:20.749957385
2392.3,1,14:54:23.773507421
2392.4,2,14:54:23.773905845
2392.3,1,14:54:31.487707766
2392.2,2,14:54:33.645681872
2392.2,3,14:54:35.264694289
2392.3,3,14:54:43.779385100
2392.3,1,14:54:45.829895793
2392.1,3,14:54:50.419810602
2392.1,1,14:54:50.420763113
2392.1,1,14:54:53.203886123
2392.2,1,14:55:00.384760964
2392.3,3,14:55:03.782909332
2392.1,1,14:55:15.651042844
2392.1,3,14:55:17.296978060
2392.2,1,14:55:20.678604847
2392.3,1,14:55:23.786690166
2392.1,1,14:55:32.585262669
2392.1,1,14:55:35.300040689
2392.1,1,14:55:37.561762590
2392.2,5,14:55:39.135315180
2392.2,1,14:55:39.136236188
2392.1,2,14:55:39.136236188
2392.2,1,14:55:39.137037084
2392.3,1,14:55:39.147878976
2392.3,1,14:55:39.152568897
2392.4,1,14:55:39.152568897
2392.4,1,14:55:39.169092561
2392.4,1,14:55:39.169120264
2392.4,2,14:55:39.169549575
2392.5,1,14:55:39.192933569
2392.4,1,14:55:40.012281469
2392.4,2,14:55:40.031033054
2392.4,1,14:55:40.236110305
2392.5,2,14:55:43.268714702
2392.5,3,14:55:43.792457768
2392.5,2,14:55:43.792713674
2392.5,14,14:55:43.792824931
2392.5,3,14:55:43.794345985
2392.5,1,14:55:43.794709587
2392.5,1,14:55:43.794823105
2392.4,3,14:55:45.559029877
2392.3,1,14:55:45.576736470
2392.3,2,14:55:46.227623358
2392.3,2,14:55:46.228232631
2392.3,1,14:55:48.639493049
2392.2,5,14:55:48.639625435
2392.3,1,14:55:51.541574165
2392.3,2,14:55:54.636795316
2392.3,1,14:55:55.268015920
2392.3,1,14:55:56.877183376
2392.3,1,14:55:59.694912276
2392.3,1,14:55:59.694950946
2392.3,2,14:55:59.695048603
2392.2,1,14:56:03.796303311
2392.3,2,14:56:03.796733205
2392.2,1,14:56:03.797349742
2392.2,1,14:56:03.801452423
2392.1,1,14:56:08.978795447
2392.2,3,14:56:13.170238884
2392.2,4,14:56:13.170370282
2392.2,1,14:56:13.170992954
2392.2,1,14:56:13.171411942
2392.3,2,14:56:13.182197964
2392.3,1,14:56:13.182967287
2392.3,2,14:56:13.190689021
2392.3,1,14:56:13.191061099
2392.4,1,14:56:13.433829970
2392.3,1,14:56:13.489520806
2392.2,5,14:56:14.891669985
2392.2,1,14:56:14.892174031
2392.2,1,14:56:14.894048193
2392.2,1,14:56:14.894284637
2392.2,1,14:56:20.080320388
2392.2,1,14:56:20.080761120
2392.3,2,14:56:20.978240040
2392.3,3,14:56:23.800747401
2392.1,1,14:56:25.264331373
2392.1,2,14:56:25.322933350
2392.0,1,14:56:25.323885551
2392.0,4,14:56:25.324707167
2392.0,1,14:56:25.327104003
2391.9,1,14:56:30.470347185
2391.9,2,14:56:31.269870163
2391.8,2,14:56:33.857865265
2391.8,1,14:56:34.444350153
2391.9,3,14:56:34.444350153
2391.9,1,14:56:35.107214869
2392.1,3,14:56:43.804525433
2392.1,1,14:56:43.805339534
2392.0,1,14:56:43.805446339
2392.0,1,14:56:43.805553119
2392.0,1,14:56:43.805601436
2391.9,6,14:56:43.936198024
2391.8,3,14:56:45.873389859
2391.7,1,14:56:45.875041874
2391.7,1,14:56:45.895574309
2391.7,1,14:56:45.895996679
2391.7,1,14:56:45.935701337
2391.7,1,14:56:46.323742802
2391.6,2,14:56:47.802024636
2391.6,1,14:56:48.297713477
2391.7,1,14:56:48.298099127
2391.7,2,14:56:48.888223096
2391.6,3,14:56:53.766477621
2391.6,2,14:56:54.674358278
2391.7,1,14:56:56.340882003
2391.7,3,14:57:03.371355363
2391.8,1,14:57:03.808125788
2391.8,2,14:57:03.808396164
2391.9,2,14:57:03.808806477
2391.9,1,14:57:03.827755492
2391.9,1,14:57:07.589159839
2392.0,1,14:57:10.219379954
2391.9,5,14:57:14.215194487
2391.9,2,14:57:14.216706697
2392.1,3,14:57:23.813130370
2392.0,1,14:57:24.514708512
2392.0,1,14:57:24.514969966
2392.1,1,14:57:27.399621069
2392.1,1,14:57:27.399818011
2392.1,3,14:57:27.409146448
2392.2,1,14:57:31.815384366
2392.2,1,14:57:32.250097649
2392.1,1,14:57:33.378761405
2392.1,1,14:57:33.510967930
2392.2,1,14:57:36.289399588
2392.2,1,14:57:38.394885660
2392.2,1,14:57:43.817008950
2392.2,2,14:57:43.817050333
2392.0,1,14:57:44.414761813
2392.1,5,14:57:44.414761813
2392.1,1,14:57:53.336329733
2392.2,5,14:57:54.515857267
2392.2,1,14:58:00.506838112
2392.2,1,14:58:12.539667707
2392.2,1,14:58:12.539699662
2392.2,1,14:58:12.540102679
2392.2,2,14:58:12.543646948
2392.1,5,14:58:15.731374987
2392.2,1,14:58:15.733957775
2392.1,1,14:58:17.971344340
2392.1,5,14:58:17.972587903
2392.0,2,14:58:17.976913553
2392.1,1,14:58:17.977223857
2392.0,1,14:58:17.978360366
2392.0,1,14:58:17.978695003
2392.2,1,14:58:19.492888152
2392.3,4,14:58:21.676705576
2392.2,2,14:58:21.677537977
2392.2,1,14:58:21.677633236
2392.2,5,14:58:21.678897412
2392.1,1,14:58:22.833714563
2392.1,2,14:58:22.833989243
2392.1,1,14:58:22.834399671
2392.1,1,14:58:22.835747493
2392.0,4,14:58:22.969274341
2392.1,1,14:58:26.313495800
2392.0,3,14:58:27.601427217
2392.0,1,14:58:27.602521249
2392.0,1,14:58:29.408930926
2391.9,1,14:58:32.203469784
2391.9,1,14:58:32.203903962
2391.9,1,14:58:32.681184256
2391.8,1,14:58:34.256120208
2391.8,1,14:58:34.256562473
2391.9,1,14:58:37.404190468
2391.9,2,14:58:37.412404224
2391.9,1,14:58:37.412439408
2391.9,1,14:58:37.412519135
2391.9,1,14:58:37.499417583
2391.9,2,14:58:38.021425755
2391.9,1,14:58:41.760568237
2392.0,3,14:58:43.850045627
2392.0,1,14:58:43.850552697
2392.0,1,14:58:43.850851643
2391.9,6,14:58:45.009007023
2391.9,1,14:58:45.010329601
2391.8,2,14:58:45.592788639
2391.8,2,14:58:45.593256296
2391.8,1,14:58:45.593301699
2391.8,1,14:58:54.029651244
2391.8,1,14:58:54.029837017
2391.9,1,14:58:55.957790353
2391.8,1,14:58:55.980649770
2391.9,1,14:58:56.774505949
2391.9,1,14:59:00.998220593
2391.8,1,14:59:02.140363928
2391.8,1,14:59:03.854037958
2391.9,1,14:59:04.904934929
2391.9,1,14:59:05.486787419
2391.7,1,14:59:05.526803565
2391.7,3,14:59:06.079544917
2391.7,1,14:59:06.660434723
2391.7,1,14:59:11.044482254
2391.6,1,14:59:11.366565489
2391.6,1,14:59:11.392239855
2391.6,1,14:59:13.345640919
2391.6,2,14:59:14.596612781
2391.6,1,14:59:14.685983366
2391.6,1,14:59:14.686182541
2391.6,1,14:59:14.715705343
2391.6,1,14:59:16.068010901
2391.5,1,14:59:17.453100330
2391.5,1,14:59:17.453114490
2391.6,1,14:59:20.057405159
2391.6,1,14:59:20.087981977
2391.6,1,14:59:21.426584149
2391.5,9,14:59:21.769821135
2391.6,1,14:59:23.859785402
2391.6,2,14:59:23.859858131
2391.5,1,14:59:26.449573863
2391.4,1,14:59:28.322247396
2391.5,1,14:59:36.150626943
2391.5,2,14:59:39.773808764
2391.5,1,14:59:43.865611672
2391.4,2,14:59:45.460479306
2391.4,1,14:59:45.779216903
2391.5,1,14:59:45.985042474
2391.5,1,14:59:46.588280503
2391.4,2,14:59:48.541679231
2391.4,1,14:59:48.542916892
2391.3,1,14:59:49.627205095
2391.3,1,14:59:51.335689280
2391.1,1,14:59:51.846960509
2391.1,1,14:59:51.872356786
2391.1,1,14:59:51.879251136
2391.2,1,14:59:53.831285177
2391.2,1,14:59:55.007677414
2391.2,1,14:59:56.524093432
2391.2,1,14:59:57.054855373
2391.2,1,14:59:59.495496702
2391.2,1,14:59:59.541609413
2391.2,1,14:59:59.541736295
2391.2,1,15:00:00.134119928
2391.1,1,15:00:00.613971090
2391.0,7,15:00:01.582285116
2391.0,1,15:00:01.582889173
2391.1,1,15:00:01.901571293
2390.9,1,15:00:01.945947778
2391.0,1,15:00:03.010212718
2391.0,1,15:00:03.010506830
2391.1,3,15:00:03.870151224
2390.9,1,15:00:04.799272310
2391.1,2,15:00:05.511356095
2391.0,1,15:00:08.719203288
2390.9,2,15:00:14.040766193
2390.9,1,15:00:14.041069731
2391.0,1,15:00:14.041208217
2391.0,1,15:00:14.042175395
2391.0,1,15:00:14.217182818
2391.0,1,15:00:17.243100943
2391.0,1,15:00:18.767712674
2390.9,1,15:00:21.368241767
2391.0,1,15:00:21.369158826
2391.0,1,15:00:21.369818510
2391.0,1,15:00:22.760422680
2391.1,3,15:00:23.873776874
2391.1,4,15:00:23.874165310
2391.1,1,15:00:23.923233582
2391.1,1,15:00:24.146397847
2391.1,1,15:00:24.146659578
2391.0,1,15:00:28.997854311
2391.0,1,15:00:28.998292256
2391.0,1,15:00:28.998326288
2391.0,1,15:00:28.998939267
2391.0,1,15:00:28.999225126
2391.0,2,15:00:30.645987942
2391.0,1,15:00:30.696310830
2391.0,1,15:00:34.500674105
2390.9,2,15:00:34.565760887
2390.9,3,15:00:38.196490164
2390.8,1,15:00:39.931240758
2390.5,14,15:00:39.932282012
2390.7,11,15:00:39.932282012
2390.8,5,15:00:39.932282012
2390.6,11,15:00:39.932282012
2390.5,2,15:00:39.934137870
2390.5,1,15:00:39.934267537
2390.5,1,15:00:39.934315327
2390.5,1,15:00:39.934800056
2390.5,1,15:00:39.934966629
2390.5,3,15:00:39.934966629
2390.6,1,15:00:39.938125804
2390.7,1,15:00:39.940521449
2390.6,3,15:00:39.945671920
2390.6,1,15:00:43.042490446
2390.6,1,15:00:43.042761027
2390.6,1,15:00:43.877717785
2390.5,1,15:00:45.386983356
2390.5,1,15:00:45.387361406
2390.5,1,15:00:46.411986031
2390.5,1,15:00:46.412273525
2390.5,1,15:00:47.316805850
2390.6,5,15:00:47.347244650
2390.7,1,15:00:47.373895757
2390.7,1,15:00:47.391657794
2390.7,1,15:00:50.676351220
2390.8,1,15:00:52.256933363
2390.8,1,15:00:52.257248124
2390.8,1,15:00:56.156725349
2390.8,1,15:00:56.157001121
2391.0,1,15:00:59.058534151
2391.0,1,15:01:03.714527761
2391.1,3,15:01:03.890739775
2391.0,2,15:01:05.417598400
2391.0,1,15:01:05.418456637
2391.1,1,15:01:05.496524945
2391.1,1,15:01:05.718840581
2391.2,2,15:01:05.813687123
2391.2,1,15:01:05.813960994
2391.2,1,15:01:10.491503892
2391.2,1,15:01:10.522354693
2391.2,1,15:01:10.522606804
2391.2,1,15:01:12.148244751
2391.3,2,15:01:22.833938440
2391.3,1,15:01:22.834208796
2391.4,3,15:01:23.894161305
2391.4,1,15:01:23.894568398
2391.4,1,15:01:26.881784934
2391.4,2,15:01:26.882072994
2391.4,1,15:01:28.980434742
2391.4,16,15:01:34.623417532
2391.6,1,15:01:34.957129392
2391.5,6,15:01:35.916142527
2391.4,4,15:01:35.916142527
2391.4,1,15:01:36.729513914
2391.4,10,15:01:36.737839429
2391.4,1,15:01:36.738670434
2391.5,1,15:01:36.846265892
2391.5,3,15:01:38.493430001
2391.5,1,15:01:38.493471347
2391.5,1,15:01:38.494227125
2391.5,2,15:01:38.494574304
2391.6,1,15:01:38.506078283
2391.6,14,15:01:38.828302019
2391.7,1,15:01:38.830507784
2391.8,1,15:01:40.726090661
2391.8,1,15:01:40.726835197
2391.8,1,15:01:40.726887572
2391.8,5,15:01:41.005790823
2391.8,3,15:01:42.236011803
2391.9,2,15:01:43.566983107
2391.9,1,15:01:43.567689127
2391.9,1,15:01:43.567724939
2391.9,1,15:01:43.568291178
2392.0,1,15:01:43.897800493
2392.0,1,15:01:43.917818133
2391.9,1,15:01:46.196297081
2391.9,1,15:01:48.048273905
2392.0,1,15:01:51.427025225
2392.0,1,15:01:52.843988288
2392.0,1,15:01:52.844452426
2392.1,2,15:01:52.844729401
2392.1,5,15:01:52.845117706
2392.0,1,15:01:52.845292638
2392.1,1,15:01:52.846374919
2392.1,1,15:01:52.850408549
2392.2,1,15:01:52.863775744
2392.3,1,15:01:52.921723532
2392.3,1,15:01:52.926313564
2392.3,2,15:01:52.972479341
2392.3,2,15:01:52.973331004
2392.4,2,15:01:53.291895369
2392.4,1,15:01:53.292119241
2392.4,2,15:01:53.292222684
2392.4,2,15:01:53.292610647
2392.4,1,15:01:53.419573603
2392.4,1,15:01:53.420402243
2392.3,1,15:01:53.651152064
2392.2,2,15:01:53.666415397
2392.3,2,15:01:53.905915091
2392.3,2,15:01:55.252941896
2392.4,1,15:01:55.538351171
2392.4,1,15:01:55.539385371
2392.4,1,15:01:55.539832061
2392.4,1,15:01:57.366842925
2392.4,2,15:01:57.634225069
2392.4,1,15:01:57.634768782
2392.3,1,15:01:58.034701852
2392.3,1,15:02:00.033369871
2392.2,1,15:02:00.487510134
2392.2,2,15:02:00.628062698
2392.2,1,15:02:00.628281319
2392.2,2,15:02:00.628945349
2392.2,2,15:02:02.418449563
2392.2,1,15:02:03.903073246
2392.2,2,15:02:03.903373023
2392.2,2,15:02:03.903671627
2392.2,1,15:02:05.503237789
2392.2,1,15:02:05.720458498
2392.3,1,15:02:06.650651332
2392.2,1,15:02:10.706100332
2392.2,1,15:02:10.706147517
2392.1,3,15:02:10.722417984
2392.1,1,15:02:13.776693588
2392.2,1,15:02:13.955198885
2392.1,1,15:02:14.148226500
2392.1,1,15:02:15.208420697
2392.2,1,15:02:15.919560674
2392.1,2,15:02:20.995320315
2392.1,1,15:02:23.907819540
2392.2,1,15:02:23.908485998
2392.1,1,15:02:23.908485998
2392.1,1,15:02:25.100541486
2392.0,1,15:02:30.932902601
2392.0,2,15:02:30.932975214
2392.0,1,15:02:32.698092928
2392.1,1,15:02:41.292587170
2392.1,1,15:02:43.912350558
2392.2,1,15:02:46.265373854
2392.3,1,15:02:47.116429178
2392.2,1,15:02:47.148091475
2392.1,1,15:02:52.403757400
2392.2,1,15:02:57.568539091
2392.2,1,15:03:00.267339781
2392.3,2,15:03:03.916977359
2392.2,1,15:03:04.607966282
2392.1,2,15:03:05.821229769
2392.1,1,15:03:05.822298249
2392.0,4,15:03:19.309807444
2392.0,1,15:03:19.494700808
2391.9,1,15:03:22.036703378
2391.8,1,15:03:26.691456167
2391.9,2,15:03:35.532523706
2391.9,1,15:03:35.532814742
2392.0,2,15:03:48.036876838
2392.0,4,15:04:06.571429910
2392.0,1,15:04:06.571986763
2392.0,1,15:04:06.817047083
2392.1,4,15:04:07.643896733
2392.1,1,15:04:07.646695763
2392.0,1,15:04:18.082425095
2391.9,2,15:04:20.874844134
2391.8,1,15:04:20.874858825
2391.8,7,15:04:25.784257998
2391.9,3,15:04:25.784257998
2391.8,2,15:04:25.786122919
2391.8,1,15:04:25.786771864
2391.7,7,15:04:25.787246648
2391.8,1,15:04:25.787292825
2391.7,1,15:04:25.787600252
2391.6,2,15:04:25.789015560
2391.5,3,15:04:29.095510399
2391.4,3,15:04:29.095510399
2391.4,1,15:04:29.097000602
2391.3,3,15:04:35.553269003
2391.3,5,15:04:35.554291414
2391.2,9,15:04:35.554291414
2391.1,8,15:04:35.554291414
2391.0,13,15:04:35.554291414
2391.0,2,15:04:35.555805634
2391.0,1,15:04:35.555938795
2391.0,1,15:04:35.555968226
2391.0,3,15:04:35.556453004
2391.0,1,15:04:35.556546612
2391.0,1,15:04:35.556671197
2391.0,1,15:04:35.556701547
2391.0,2,15:04:35.556771845
2391.0,1,15:04:35.556818511
2391.0,6,15:04:35.556950643
2391.0,2,15:04:35.556998612
2391.1,1,15:04:35.560201220
2391.2,1,15:04:35.566526552
2391.1,1,15:04:35.977555157
2391.1,1,15:04:35.981311850
2391.1,1,15:04:35.981514224
2391.2,1,15:04:37.054713111
2391.2,1,15:04:37.055130192
2391.2,1,15:04:37.055169639
2391.3,2,15:04:37.371939015
2391.2,1,15:04:38.041416599
2391.2,1,15:04:38.041859747
2391.3,4,15:04:41.165670164
2391.3,1,15:04:46.832431384
2391.2,1,15:04:48.107471843
2391.3,1,15:04:49.244211341
2391.2,1,15:04:52.979934618
2391.2,3,15:04:54.433413785
2391.2,1,15:04:54.433468573
2391.2,2,15:04:54.434084771
2391.2,1,15:04:54.434457959
2391.3,2,15:04:54.434576618
2391.3,1,15:04:54.435813132
2391.3,2,15:04:54.441769413
2391.3,1,15:04:54.442074161
2391.4,1,15:04:54.455098241
2391.4,2,15:04:54.457381654
2391.5,2,15:04:54.842094788
2391.5,1,15:04:54.842432135
2391.5,1,15:04:54.842477384
2391.5,12,15:04:54.842509318
2391.5,3,15:04:54.842827270
2391.4,1,15:05:00.031107962
2391.4,1,15:05:00.032311158
2391.4,1,15:05:01.025843968
2391.3,5,15:05:02.465627488
2391.3,1,15:05:02.466431456
2391.4,1,15:05:06.345882828
2391.4,1,15:05:08.691912966
2391.4,1,15:05:08.939379542
2391.4,1,15:05:10.444292499
2391.3,4,15:05:10.534075840
2391.3,1,15:05:10.538141935
2391.2,2,15:05:15.820171131
2391.2,1,15:05:16.962981487
2391.2,1,15:05:21.459673134
2391.2,1,15:05:21.459993681
2391.2,1,15:05:23.192736241
2391.2,1,15:05:23.193360513
2391.2,1,15:05:23.195647087
2391.2,2,15:05:27.863687556
2391.2,1,15:05:27.940138686
2391.2,2,15:05:33.628378262
2391.3,3,15:05:48.416026768
2391.3,1,15:05:52.732297601
2391.3,1,15:05:55.366543152
2391.3,1,15:05:55.366618754
2391.3,1,15:05:55.367445580
2391.3,1,15:05:55.367622988
2391.3,1,15:05:56.349950061
2391.3,1,15:05:58.823560474
2391.4,1,15:06:00.605170369
2391.4,2,15:06:00.610106679
2391.4,1,15:06:00.611111605
2391.5,1,15:06:01.113509856
2391.5,3,15:06:01.114069215
2391.5,1,15:06:01.114096719
2391.5,1,15:06:01.114240866
2391.5,7,15:06:01.114307267
2391.5,2,15:06:01.114381224
2391.5,2,15:06:14.728126862
2391.5,1,15:06:14.728765144
2391.5,1,15:06:14.729174365
2391.5,1,15:06:20.093753142
2391.4,1,15:06:24.915481970
2391.4,3,15:06:24.915532771
2391.3,1,15:06:30.007255393
2391.2,2,15:06:34.785397471
2391.1,4,15:06:34.786930919
2391.1,1,15:06:34.807557001
2391.1,2,15:06:34.807801474
2391.1,3,15:06:35.946799301
2391.2,2,15:06:35.946799301
2391.1,2,15:06:35.958996113
2391.1,1,15:06:38.022444648
2391.1,1,15:06:38.022697910
2391.1,1,15:06:40.952602887
2391.0,3,15:06:44.880235858
2391.0,1,15:06:44.899506017
2391.1,1,15:06:48.695674671
2391.0,1,15:06:50.779854747
2391.0,2,15:06:52.533703666
2391.0,8,15:06:53.266781450
2391.1,4,15:06:55.662266521
2390.9,1,15:06:58.848869285
2391.0,1,15:07:00.983991394
2391.0,1,15:07:00.984458331
2390.9,4,15:07:01.896072134
2390.9,1,15:07:01.896759994
2390.9,1,15:07:10.904310806
2390.9,1,15:07:10.904784310
2390.9,1,15:07:10.905182664
2390.9,2,15:07:13.278366561
2390.9,1,15:07:13.303979119
2390.8,4,15:07:18.182869276
2390.8,1,15:07:18.184378820
2390.7,3,15:07:18.184486886
2390.7,3,15:07:18.184747336
2390.8,1,15:07:18.185221813
2390.7,1,15:07:18.432011139
2390.7,1,15:07:19.612361250
2390.6,1,15:07:19.638491346
2390.5,4,15:07:19.924917924
2390.5,1,15:07:19.925356320
2390.5,2,15:07:19.925425602
2390.6,1,15:07:19.926268344
2390.6,1,15:07:19.926296786
2390.6,3,15:07:19.926667971
2390.6,1,15:07:20.605825014
2390.6,1,15:07:20.911151325
2390.7,1,15:07:23.408268488
2390.7,1,15:07:23.408967331
2390.6,1,15:07:24.178252344
2390.7,1,15:07:24.861356723
2390.7,1,15:07:24.873336109
2390.7,1,15:07:30.694140902
2390.8,1,15:07:30.735675938
2390.7,1,15:07:30.756644755
2390.6,5,15:07:36.391580498
2390.6,1,15:07:40.085058168
2390.6,1,15:07:40.085849160
2390.6,1,15:07:43.888001263
2390.7,1,15:07:48.349222967
2390.6,1,15:07:50.645325506
2390.6,1,15:07:50.645392787
2390.6,1,15:07:50.646286386
2390.6,1,15:07:51.030154383
2390.5,1,15:07:51.346564290
2390.5,1,15:07:51.346841012
2390.5,1,15:07:51.346890363
2390.5,1,15:07:51.346969159
2390.6,1,15:07:51.733734616
2390.6,1,15:07:51.733805408
2390.6,1,15:07:51.977836435
2390.6,1,15:07:51.977897679
2390.6,1,15:07:54.304336267
2390.7,3,15:08:00.718419249
2390.7,2,15:08:00.732489035
2390.7,1,15:08:03.399761012
2390.8,3,15:08:05.842949238
2390.8,4,15:08:05.843212045
2390.8,1,15:08:05.844117011
2390.9,1,15:08:07.887270536
2390.9,1,15:08:07.887773992
2390.9,5,15:08:07.888608361
2390.9,1,15:08:07.888650652
2391.0,1,15:08:07.902200072
2390.9,2,15:08:07.904273628
2390.8,1,15:08:08.625302256
2390.8,1,15:08:08.625600102
2390.8,1,15:08:11.051944004
2390.7,2,15:08:11.942246345
2390.7,1,15:08:11.943032969
2390.8,1,15:08:11.950436193
2390.8,1,15:08:12.012012077
2390.8,1,15:08:12.290235854
2390.8,1,15:08:12.655785641
2390.8,1,15:08:12.668194957
2390.8,1,15:08:13.028784407
2390.9,4,15:08:13.684787897
2391.0,1,15:08:13.687032390
2391.0,1,15:08:13.687041923
2391.1,1,15:08:13.687041923
2391.0,1,15:08:14.070846534
2391.1,1,15:08:14.128955434
2391.1,1,15:08:14.129465768
2391.0,1,15:08:16.408402925
2391.0,1,15:08:16.409715105
2391.0,1,15:08:23.194216319
2391.1,1,15:08:25.127190245
2391.1,1,15:08:30.261260424
2391.1,1,15:08:47.524407603
2391.1,1,15:09:00.054323011
2391.2,1,15:09:01.135933981
2391.2,2,15:09:01.136308101
2391.2,2,15:09:01.136341391
2391.1,2,15:09:02.056923551
2391.0,1,15:09:06.160979300
2391.0,1,15:09:06.643445843
2391.1,1,15:09:07.321252663
2391.0,1,15:09:08.429732541
2391.0,2,15:09:08.431061214
2390.9,2,15:09:17.464661855
2391.0,1,15:09:17.519695341
2390.9,2,15:09:21.277097728
2390.9,1,15:09:21.289719048
2391.1,4,15:09:28.036711021
2391.2,1,15:09:28.036711021
2391.2,1,15:09:28.036723655
2391.1,1,15:09:28.038381875
2390.9,1,15:09:36.047332461
2390.9,1,15:09:36.049062685
2391.0,1,15:09:47.392015905
2391.1,1,15:09:47.393281348
2391.1,1,15:09:48.363692951
2391.0,1,15:10:04.638019725
2390.8,1,15:10:07.480129858
2391.0,1,15:10:22.288397514
2391.0,1,15:10:27.685530010
2391.0,1,15:10:27.686089247
2391.1,1,15:10:39.856719555
2391.1,1,15:10:39.968009861
2391.2,6,15:10:48.605843946
2391.2,1,15:10:48.606479777
2391.2,1,15:10:48.607371580
2391.2,1,15:10:48.607408157
2391.2,2,15:10:48.608249131
2391.3,1,15:10:49.051982391
2391.3,2,15:10:49.052389270
2391.3,1,15:10:49.053024252
2391.4,1,15:10:53.200275991
2391.5,1,15:10:53.577435348
2391.5,1,15:10:53.868474872
2391.4,1,15:10:57.209985510
2391.4,3,15:10:59.900048744
2391.4,1,15:10:59.918661003
2391.4,1,15:10:59.919085600
2391.4,2,15:11:00.632086819
2391.5,3,15:11:00.632086819
2391.4,1,15:11:00.632892359
2391.3,1,15:11:00.633928351
2391.3,1,15:11:07.246160420
2391.3,1,15:11:14.003634800
2391.3,1,15:11:14.003925929
2391.4,1,15:11:15.333454964
2391.4,3,15:11:15.333685692
2391.4,4,15:11:16.335199548
2391.4,2,15:11:16.362140886
2391.5,1,15:11:18.036238038
2391.4,1,15:11:18.064133104
2391.4,2,15:11:18.064672769
2391.5,1,15:11:23.152868008
2391.6,1,15:11:23.152868008
2391.6,3,15:11:32.014824076
2391.6,1,15:11:34.351524264
2391.7,1,15:11:46.020098032
2391.8,1,15:11:47.484255750
2391.9,1,15:11:48.676989789
2392.0,1,15:11:49.506294593
2392.0,1,15:11:50.145160229
2391.9,1,15:11:50.153642634
2392.0,1,15:11:54.108227126
2391.9,2,15:11:56.254246560
2391.8,1,15:11:57.878079343
2392.0,1,15:11:58.001369909
2392.0,2,15:12:00.943220495
2391.9,5,15:12:01.936175139
2392.0,1,15:12:05.613159672
2392.0,2,15:12:15.937355597
2392.0,1,15:12:18.827690440
2392.0,1,15:12:18.828083353
2392.0,1,15:12:19.590183042
2392.1,1,15:12:23.522906811
2392.1,1,15:12:25.358083295
2392.2,2,15:12:28.752894863
2392.2,1,15:12:29.607852845
2392.2,2,15:12:29.608057988
2392.3,1,15:12:35.375471079
2392.3,1,15:12:35.397527608
2392.3,1,15:12:36.382236375
2392.5,1,15:12:46.010914781
2392.5,1,15:12:46.010936800
2392.5,1,15:12:46.011389590
2392.5,1,15:12:46.011838278
2392.5,1,15:12:48.769078729
2392.5,1,15:12:50.960222343
2392.4,1,15:12:51.137867952
2392.5,1,15:12:51.205326234
2392.6,1,15:12:51.306160617
2392.5,1,15:12:52.158437080
2392.5,1,15:12:53.451051956
2392.7,8,15:12:57.179596710
2392.6,6,15:12:57.179596710
2392.5,5,15:12:57.256798418
2392.6,4,15:12:57.256884867
2392.5,3,15:12:58.621064995
2392.6,1,15:13:00.008458571
2392.7,1,15:13:00.895103106
2392.7,1,15:13:06.467259251
2392.7,1,15:13:06.467366991
2392.8,3,15:13:06.788615293
2392.9,1,15:13:06.788628673
2392.8,2,15:13:06.790035723
2392.7,1,15:13:08.454003384
2392.7,2,15:13:08.454052252
2392.7,1,15:13:08.455175738
2392.8,3,15:13:08.477579351
2392.6,1,15:13:08.858247195
2392.7,1,15:13:08.858938460
2392.8,2,15:13:10.011790870
2392.9,1,15:13:12.853649017
2392.8,1,15:13:12.854114005
2392.7,1,15:13:16.385756091
2392.8,1,15:13:20.896554668
2392.9,1,15:13:23.448682229
2392.9,1,15:13:27.411573645
2393.0,6,15:13:27.721746491
2393.1,1,15:13:27.722451245
2393.1,1,15:13:27.722473683
2393.1,4,15:13:27.723084582
2393.1,1,15:13:27.724063985
2393.1,1,15:13:27.725373592
2393.1,1,15:13:27.844668526
2393.1,2,15:13:28.183586282
2393.1,1,15:13:28.184040009
2393.1,4,15:13:29.772337328
2393.1,16,15:13:29.772697781
2393.1,1,15:13:29.772717961
2393.1,9,15:13:29.772774922
2393.1,1,15:13:29.773015484
2393.1,1,15:13:29.775142787
2393.1,1,15:13:36.386440265
2393.0,2,15:13:38.953566329
2393.1,3,15:13:38.953644426
2393.0,1,15:13:38.954835765
2392.9,1,15:13:40.368936419
2392.9,1,15:13:45.428600151
2392.9,1,15:13:47.942592639
2393.0,1,15:13:50.345145140
2392.9,2,15:13:50.842811451
2393.0,3,15:13:57.624524110
2393.0,2,15:13:57.628910202
2393.1,1,15:14:05.877296773
2393.1,2,15:14:05.877539646
2393.1,2,15:14:05.918294614
2393.1,1,15:14:08.458015839
2393.1,1,15:14:09.947196773
2393.2,1,15:14:11.026239019
2393.1,1,15:14:16.456260555
2393.1,2,15:14:17.948619340
2393.0,1,15:14:20.758919812
2393.0,2,15:14:20.759513808
2392.9,1,15:14:20.761819896
2393.0,1,15:14:21.467929361
2392.8,1,15:14:21.672412606
2393.0,1,15:14:21.756509425
2392.9,1,15:14:22.007406728
2392.9,1,15:14:40.243301283
2392.7,2,15:14:41.537579644
2392.6,1,15:14:43.535954958
2392.6,1,15:14:43.822743896
2392.8,1,15:14:45.701587421
2392.7,1,15:14:45.790117556
2392.7,1,15:14:46.443055710
2392.7,1,15:14:48.806371374
2392.6,2,15:14:50.587157618
2392.6,2,15:14:50.588026928
2392.7,1,15:14:57.015360579
2392.7,1,15:14:59.680925813
2392.5,2,15:15:00.440837411
2392.5,1,15:15:00.441082456
