bidVolume,bidPrice,askVolume,askPrice,timestamp
66,5043.0,77,5043.25,13:20:00.007534222
66,5043.0,77,5043.25,13:20:00.007540481
66,5043.0,77,5043.25,13:20:00.007665610
66,5043.0,78,5043.25,13:20:00.129671415
66,5043.0,78,5043.25,13:20:00.155370515
66,5043.0,78,5043.25,13:20:00.244920668
66,5043.0,78,5043.25,13:20:00.244920668
59,5043.0,78,5043.25,13:20:00.245168337
59,5043.0,79,5043.25,13:20:00.245750083
59,5043.0,79,5043.25,13:20:00.245762605
58,5043.0,79,5043.25,13:20:00.245767786
57,5043.0,79,5043.25,13:20:00.245977322
52,5043.0,79,5043.25,13:20:00.245985979
51,5043.0,79,5043.25,13:20:00.246045120
51,5043.0,80,5043.25,13:20:00.246045120
49,5043.0,80,5043.25,13:20:00.246093575
45,5043.0,80,5043.25,13:20:00.246687641
44,5043.0,80,5043.25,13:20:00.246687641
43,5043.0,80,5043.25,13:20:00.246758558
34,5043.0,80,5043.25,13:20:00.246758558
34,5043.0,80,5043.25,13:20:00.246856342
32,5043.0,80,5043.25,13:20:00.246884010
31,5043.0,80,5043.25,13:20:00.246884010
31,5043.0,81,5043.25,13:20:00.246884010
30,5043.0,81,5043.25,13:20:00.246995961
26,5043.0,81,5043.25,13:20:00.247132204
26,5043.0,82,5043.25,13:20:00.247132204
26,5043.0,82,5043.25,13:20:00.247239047
26,5043.0,83,5043.25,13:20:00.247258276
73,5042.75,83,5043.25,13:20:00.247518468
73,5042.75,83,5043.25,13:20:00.247518468
73,5042.75,1,5043.0,13:20:00.247538288
73,5042.75,2,5043.0,13:20:00.247614005
73,5042.75,5,5043.0,13:20:00.247620348
73,5042.75,10,5043.0,13:20:00.247629730
73,5042.75,14,5043.0,13:20:00.248143280
73,5042.75,16,5043.0,13:20:00.248152931
73,5042.75,17,5043.0,13:20:00.248159763
73,5042.75,18,5043.0,13:20:00.248176602
73,5042.75,19,5043.0,13:20:00.248211627
73,5042.75,19,5043.0,13:20:00.248280575
73,5042.75,19,5043.0,13:20:00.248286780
73,5042.75,19,5043.0,13:20:00.248304454
73,5042.75,19,5043.0,13:20:00.248328752
73,5042.75,20,5043.0,13:20:00.248337735
74,5042.75,20,5043.0,13:20:00.248376136
74,5042.75,20,5043.0,13:20:00.248385688
74,5042.75,26,5043.0,13:20:00.248424882
74,5042.75,28,5043.0,13:20:00.248439507
75,5042.75,28,5043.0,13:20:00.248471568
75,5042.75,27,5043.0,13:20:00.248689582
75,5042.75,28,5043.0,13:20:00.248689582
75,5042.75,28,5043.0,13:20:00.248689582
75,5042.75,28,5043.0,13:20:00.248689582
75,5042.75,28,5043.0,13:20:00.248689582
75,5042.75,28,5043.0,13:20:00.248689582
75,5042.75,23,5043.0,13:20:00.248689582
75,5042.75,21,5043.0,13:20:00.248689582
75,5042.75,22,5043.0,13:20:00.248689582
75,5042.75,23,5043.0,13:20:00.248689582
75,5042.75,23,5043.0,13:20:00.248689582
74,5042.75,23,5043.0,13:20:00.248693790
74,5042.75,23,5043.0,13:20:00.248693790
74,5042.75,24,5043.0,13:20:00.248693790
74,5042.75,24,5043.0,13:20:00.248707950
74,5042.75,24,5043.0,13:20:00.248714194
74,5042.75,24,5043.0,13:20:00.248720639
74,5042.75,24,5043.0,13:20:00.248731797
75,5042.75,24,5043.0,13:20:00.248742853
74,5042.75,24,5043.0,13:20:00.248765663
74,5042.75,23,5043.0,13:20:00.248982616
74,5042.75,17,5043.0,13:20:00.248982616
74,5042.75,17,5043.0,13:20:00.248982616
74,5042.75,18,5043.0,13:20:00.248982616
74,5042.75,19,5043.0,13:20:00.248982616
74,5042.75,19,5043.0,13:20:00.248982616
73,5042.75,19,5043.0,13:20:00.248982616
73,5042.75,19,5043.0,13:20:00.248987854
73,5042.75,19,5043.0,13:20:00.248987854
74,5042.75,19,5043.0,13:20:00.249031621
74,5042.75,19,5043.0,13:20:00.249049100
74,5042.75,19,5043.0,13:20:00.249272694
74,5042.75,19,5043.0,13:20:00.249653048
74,5042.75,19,5043.0,13:20:00.250043036
74,5042.75,19,5043.0,13:20:00.250428561
74,5042.75,20,5043.0,13:20:00.252479217
76,5042.75,20,5043.0,13:20:00.257460210
76,5042.75,17,5043.0,13:20:00.257466108
76,5042.75,13,5043.0,13:20:00.257479634
76,5042.75,14,5043.0,13:20:00.257486063
76,5042.75,13,5043.0,13:20:00.258784352
76,5042.75,10,5043.0,13:20:00.258784352
76,5042.75,6,5043.0,13:20:00.258903523
76,5042.75,5,5043.0,13:20:00.258903523
76,5042.75,4,5043.0,13:20:00.258903523
74,5042.75,4,5043.0,13:20:00.258903523
74,5042.75,82,5043.25,13:20:00.259001806
74,5042.75,82,5043.25,13:20:00.259001806
74,5042.75,82,5043.25,13:20:00.259289564
1,5043.0,82,5043.25,13:20:00.259372524
2,5043.0,82,5043.25,13:20:00.259377282
2,5043.0,82,5043.25,13:20:00.259403055
4,5043.0,82,5043.25,13:20:00.259409446
6,5043.0,82,5043.25,13:20:00.259417840
7,5043.0,82,5043.25,13:20:00.259424368
8,5043.0,82,5043.25,13:20:00.259446212
8,5043.0,82,5043.25,13:20:00.259450810
10,5043.0,82,5043.25,13:20:00.259458208
10,5043.0,82,5043.25,13:20:00.259463466
8,5043.0,82,5043.25,13:20:00.259484887
6,5043.0,82,5043.25,13:20:00.259491601
6,5043.0,82,5043.25,13:20:00.259507224
10,5043.0,82,5043.25,13:20:00.259515346
9,5043.0,82,5043.25,13:20:00.259751606
10,5043.0,82,5043.25,13:20:00.259751606
13,5043.0,82,5043.25,13:20:00.259751606
12,5043.0,82,5043.25,13:20:00.259751606
10,5043.0,82,5043.25,13:20:00.259751606
10,5043.0,82,5043.25,13:20:00.259751606
11,5043.0,82,5043.25,13:20:00.259751606
12,5043.0,82,5043.25,13:20:00.259751606
11,5043.0,82,5043.25,13:20:00.259751606
12,5043.0,82,5043.25,13:20:00.259764065
13,5043.0,82,5043.25,13:20:00.259764065
13,5043.0,82,5043.25,13:20:00.259764065
13,5043.0,82,5043.25,13:20:00.259764065
16,5043.0,82,5043.25,13:20:00.259764065
16,5043.0,82,5043.25,13:20:00.259764065
13,5043.0,82,5043.25,13:20:00.259768458
13,5043.0,82,5043.25,13:20:00.259804484
13,5043.0,82,5043.25,13:20:00.259814196
11,5043.0,82,5043.25,13:20:00.260018530
8,5043.0,82,5043.25,13:20:00.260018530
8,5043.0,82,5043.25,13:20:00.260018530
8,5043.0,82,5043.25,13:20:00.260018530
11,5043.0,82,5043.25,13:20:00.260018530
12,5043.0,82,5043.25,13:20:00.260018530
15,5043.0,82,5043.25,13:20:00.260018530
15,5043.0,82,5043.25,13:20:00.260018530
12,5043.0,82,5043.25,13:20:00.260049872
11,5043.0,82,5043.25,13:20:00.260057392
8,5043.0,82,5043.25,13:20:00.260064038
9,5043.0,82,5043.25,13:20:00.260116996
9,5043.0,82,5043.25,13:20:00.260184028
9,5043.0,82,5043.25,13:20:00.260222403
12,5043.0,82,5043.25,13:20:00.260228771
13,5043.0,82,5043.25,13:20:00.260242362
16,5043.0,82,5043.25,13:20:00.260252826
16,5043.0,81,5043.25,13:20:00.260762017
19,5043.0,81,5043.25,13:20:00.260829922
20,5043.0,81,5043.25,13:20:00.260835299
21,5043.0,81,5043.25,13:20:00.260850723
24,5043.0,81,5043.25,13:20:00.260855888
26,5043.0,81,5043.25,13:20:00.260866893
29,5043.0,81,5043.25,13:20:00.260875319
30,5043.0,81,5043.25,13:20:00.260883488
30,5043.0,81,5043.25,13:20:00.260895009
30,5043.0,80,5043.25,13:20:00.260901287
30,5043.0,79,5043.25,13:20:00.260931361
31,5043.0,79,5043.25,13:20:00.260936504
37,5043.0,79,5043.25,13:20:00.260944242
38,5043.0,79,5043.25,13:20:00.260963180
38,5043.0,79,5043.25,13:20:00.261015037
38,5043.0,79,5043.25,13:20:00.261045194
38,5043.0,78,5043.25,13:20:00.261111551
38,5043.0,78,5043.25,13:20:00.261690075
38,5043.0,78,5043.25,13:20:00.261690075
38,5043.0,78,5043.25,13:20:00.263385558
38,5043.0,78,5043.25,13:20:00.263391475
38,5043.0,78,5043.25,13:20:00.263397939
37,5043.0,78,5043.25,13:20:00.263512510
34,5043.0,78,5043.25,13:20:00.263520120
31,5043.0,78,5043.25,13:20:00.263554166
29,5043.0,78,5043.25,13:20:00.263561145
28,5043.0,78,5043.25,13:20:00.263568077
22,5043.0,78,5043.25,13:20:00.263573933
25,5043.0,78,5043.25,13:20:00.263728551
27,5043.0,78,5043.25,13:20:00.263734951
27,5043.0,78,5043.25,13:20:00.264195309
27,5043.0,78,5043.25,13:20:00.264282201
27,5043.0,78,5043.25,13:20:00.264282201
24,5043.0,78,5043.25,13:20:00.264483721
22,5043.0,78,5043.25,13:20:00.264489539
19,5043.0,78,5043.25,13:20:00.265484250
18,5043.0,78,5043.25,13:20:00.265490711
15,5043.0,78,5043.25,13:20:00.265533931
14,5043.0,78,5043.25,13:20:00.265588236
14,5043.0,78,5043.25,13:20:00.267911396
17,5043.0,78,5043.25,13:20:00.269807236
18,5043.0,78,5043.25,13:20:00.269814203
21,5043.0,78,5043.25,13:20:00.269822784
21,5043.0,78,5043.25,13:20:00.269847047
24,5043.0,78,5043.25,13:20:00.269852071
26,5043.0,78,5043.25,13:20:00.269862700
27,5043.0,78,5043.25,13:20:00.269893494
28,5043.0,78,5043.25,13:20:00.269922566
29,5043.0,78,5043.25,13:20:00.269966609
30,5043.0,78,5043.25,13:20:00.269974798
30,5043.0,78,5043.25,13:20:00.273709971
30,5043.0,78,5043.25,13:20:00.273709971
30,5043.0,78,5043.25,13:20:00.275801405
30,5043.0,78,5043.25,13:20:00.275801405
36,5043.0,78,5043.25,13:20:00.279398140
37,5043.0,78,5043.25,13:20:00.279493806
40,5043.0,78,5043.25,13:20:00.279671640
41,5043.0,78,5043.25,13:20:00.279679013
41,5043.0,77,5043.25,13:20:00.279685870
42,5043.0,77,5043.25,13:20:00.279696642
42,5043.0,66,5043.25,13:20:00.279729887
54,5043.0,66,5043.25,13:20:00.279740812
54,5043.0,65,5043.25,13:20:00.279782000
54,5043.0,64,5043.25,13:20:00.279787565
54,5043.0,63,5043.25,13:20:00.279796452
55,5043.0,63,5043.25,13:20:00.279816644
56,5043.0,63,5043.25,13:20:00.279854181
58,5043.0,63,5043.25,13:20:00.279866408
58,5043.0,61,5043.25,13:20:00.279901513
58,5043.0,60,5043.25,13:20:00.279995873
58,5043.0,59,5043.25,13:20:00.291394612
57,5043.0,59,5043.25,13:20:00.291394612
55,5043.0,59,5043.25,13:20:00.291474863
54,5043.0,59,5043.25,13:20:00.291501516
54,5043.0,58,5043.25,13:20:00.291506841
55,5043.0,58,5043.25,13:20:00.297693286
55,5043.0,59,5043.25,13:20:00.298236602
55,5043.0,60,5043.25,13:20:00.332663626
55,5043.0,59,5043.25,13:20:00.348905335
55,5043.0,49,5043.25,13:20:00.371685791
45,5043.0,49,5043.25,13:20:00.371929642
45,5043.0,50,5043.25,13:20:00.371985055
44,5043.0,50,5043.25,13:20:00.371992277
41,5043.0,50,5043.25,13:20:00.372003704
39,5043.0,50,5043.25,13:20:00.372014017
39,5043.0,52,5043.25,13:20:00.372032546
39,5043.0,53,5043.25,13:20:00.372046680
38,5043.0,53,5043.25,13:20:00.372051554
39,5043.0,53,5043.25,13:20:00.372061154
39,5043.0,54,5043.25,13:20:00.372107025
36,5043.0,54,5043.25,13:20:00.372132059
24,5043.0,54,5043.25,13:20:00.372154904
27,5043.0,54,5043.25,13:20:00.372166082
29,5043.0,54,5043.25,13:20:00.372173858
29,5043.0,55,5043.25,13:20:00.372179596
30,5043.0,55,5043.25,13:20:00.372189945
29,5043.0,55,5043.25,13:20:00.372259921
29,5043.0,54,5043.25,13:20:00.372273284
30,5043.0,54,5043.25,13:20:00.372715239
33,5043.0,54,5043.25,13:20:00.372801775
34,5043.0,54,5043.25,13:20:00.379855789
35,5043.0,54,5043.25,13:20:00.379939871
37,5043.0,54,5043.25,13:20:00.381149453
38,5043.0,54,5043.25,13:20:00.381156222
39,5043.0,54,5043.25,13:20:00.381169281
40,5043.0,54,5043.25,13:20:00.381243379
40,5043.0,53,5043.25,13:20:00.382178882
41,5043.0,53,5043.25,13:20:00.382273044
41,5043.0,51,5043.25,13:20:00.382281137
42,5043.0,51,5043.25,13:20:00.382292430
43,5043.0,51,5043.25,13:20:00.382386102
43,5043.0,50,5043.25,13:20:00.382517132
43,5043.0,48,5043.25,13:20:00.382523023
43,5043.0,47,5043.25,13:20:00.382613675
43,5043.0,46,5043.25,13:20:00.382620261
43,5043.0,45,5043.25,13:20:00.382628334
45,5043.0,45,5043.25,13:20:00.382768731
45,5043.0,45,5043.25,13:20:00.382816009
47,5043.0,45,5043.25,13:20:00.382984943
47,5043.0,44,5043.25,13:20:00.387440559
47,5043.0,43,5043.25,13:20:00.387456934
48,5043.0,43,5043.25,13:20:00.387529768
60,5043.0,43,5043.25,13:20:00.397382632
60,5043.0,37,5043.25,13:20:00.407750072
60,5043.0,36,5043.25,13:20:00.407862455
60,5043.0,35,5043.25,13:20:00.407883895
61,5043.0,35,5043.25,13:20:00.407898472
61,5043.0,34,5043.25,13:20:00.407974336
62,5043.0,34,5043.25,13:20:00.407987745
62,5043.0,33,5043.25,13:20:00.407996388
63,5043.0,33,5043.25,13:20:00.408082841
63,5043.0,33,5043.25,13:20:00.408932323
63,5043.0,33,5043.25,13:20:00.408932323
63,5043.0,33,5043.25,13:20:00.416608062
63,5043.0,33,5043.25,13:20:00.416608062
63,5043.0,32,5043.25,13:20:00.420768028
63,5043.0,31,5043.25,13:20:00.420874327
63,5043.0,31,5043.25,13:20:00.420972211
64,5043.0,31,5043.25,13:20:00.424036032
64,5043.0,31,5043.25,13:20:00.427819104
64,5043.0,31,5043.25,13:20:00.427836780
64,5043.0,31,5043.25,13:20:00.427919855
64,5043.0,31,5043.25,13:20:00.444317830
63,5043.0,31,5043.25,13:20:00.444548116
63,5043.0,31,5043.25,13:20:00.444986528
63,5043.0,31,5043.25,13:20:00.477814460
63,5043.0,31,5043.25,13:20:00.478419594
63,5043.0,39,5043.25,13:20:00.496352355
63,5043.0,40,5043.25,13:20:00.496467536
63,5043.0,41,5043.25,13:20:00.496501764
63,5043.0,41,5043.25,13:20:00.559691239
63,5043.0,41,5043.25,13:20:00.561441840
63,5043.0,36,5043.25,13:20:00.564639975
63,5043.0,34,5043.25,13:20:00.564647105
64,5043.0,34,5043.25,13:20:00.564756774
64,5043.0,33,5043.25,13:20:00.564767079
64,5043.0,32,5043.25,13:20:00.564777668
64,5043.0,26,5043.25,13:20:00.568245840
64,5043.0,23,5043.25,13:20:00.568245840
64,5043.0,22,5043.25,13:20:00.568279268
65,5043.0,22,5043.25,13:20:00.568289962
65,5043.0,19,5043.25,13:20:00.568487576
67,5043.0,19,5043.25,13:20:00.568487576
67,5043.0,18,5043.25,13:20:00.568487576
67,5043.0,17,5043.25,13:20:00.568560761
68,5043.0,17,5043.25,13:20:00.568560761
68,5043.0,16,5043.25,13:20:00.568601995
68,5043.0,14,5043.25,13:20:00.568601995
68,5043.0,13,5043.25,13:20:00.568668466
68,5043.0,12,5043.25,13:20:00.568675593
68,5043.0,12,5043.25,13:20:00.568675593
68,5043.0,66,5043.5,13:20:00.568794101
68,5043.0,66,5043.5,13:20:00.568794101
1,5043.25,66,5043.5,13:20:00.568804629
5,5043.25,66,5043.5,13:20:00.568804629
7,5043.25,66,5043.5,13:20:00.568804629
6,5043.25,66,5043.5,13:20:00.568813967
2,5043.25,66,5043.5,13:20:00.568813967
68,5043.0,66,5043.5,13:20:00.568823979
68,5043.0,66,5043.5,13:20:00.568823979
69,5043.0,66,5043.5,13:20:00.568823979
5,5043.25,66,5043.5,13:20:00.568911389
7,5043.25,66,5043.5,13:20:00.568920161
7,5043.25,66,5043.5,13:20:00.568952952
7,5043.25,66,5043.5,13:20:00.568967387
7,5043.25,66,5043.5,13:20:00.568975557
7,5043.25,66,5043.5,13:20:00.568987228
7,5043.25,65,5043.5,13:20:00.569003988
8,5043.25,65,5043.5,13:20:00.569021330
8,5043.25,66,5043.5,13:20:00.569031506
9,5043.25,66,5043.5,13:20:00.569045349
15,5043.25,66,5043.5,13:20:00.569054799
15,5043.25,65,5043.5,13:20:00.569063593
15,5043.25,65,5043.5,13:20:00.569074038
16,5043.25,65,5043.5,13:20:00.569082387
16,5043.25,65,5043.5,13:20:00.569109783
16,5043.25,66,5043.5,13:20:00.569124974
16,5043.25,65,5043.5,13:20:00.569159449
17,5043.25,65,5043.5,13:20:00.569259815
17,5043.25,65,5043.5,13:20:00.569268884
17,5043.25,65,5043.5,13:20:00.569316431
17,5043.25,65,5043.5,13:20:00.569466943
18,5043.25,65,5043.5,13:20:00.569489206
18,5043.25,65,5043.5,13:20:00.569617218
18,5043.25,65,5043.5,13:20:00.569617218
18,5043.25,65,5043.5,13:20:00.569753211
18,5043.25,65,5043.5,13:20:00.569773679
18,5043.25,66,5043.5,13:20:00.571551289
17,5043.25,66,5043.5,13:20:00.571663720
17,5043.25,66,5043.5,13:20:00.572331394
23,5043.25,66,5043.5,13:20:00.572429326
23,5043.25,66,5043.5,13:20:00.572517993
24,5043.25,66,5043.5,13:20:00.572543213
24,5043.25,66,5043.5,13:20:00.578001304
24,5043.25,66,5043.5,13:20:00.578001304
24,5043.25,67,5043.5,13:20:00.578116032
24,5043.25,67,5043.5,13:20:00.579629956
24,5043.25,67,5043.5,13:20:00.580640690
24,5043.25,67,5043.5,13:20:00.582283015
24,5043.25,67,5043.5,13:20:00.585600724
24,5043.25,67,5043.5,13:20:00.585600724
24,5043.25,67,5043.5,13:20:00.585938474
24,5043.25,67,5043.5,13:20:00.585979327
24,5043.25,67,5043.5,13:20:00.586041475
24,5043.25,67,5043.5,13:20:00.591598141
24,5043.25,64,5043.5,13:20:00.606562893
27,5043.25,64,5043.5,13:20:00.606656972
27,5043.25,63,5043.5,13:20:00.606664498
27,5043.25,63,5043.5,13:20:00.619066527
28,5043.25,63,5043.5,13:20:00.623716941
29,5043.25,63,5043.5,13:20:00.623805442
30,5043.25,63,5043.5,13:20:00.623907860
31,5043.25,63,5043.5,13:20:00.624017741
32,5043.25,63,5043.5,13:20:00.624026579
33,5043.25,63,5043.5,13:20:00.624113996
33,5043.25,62,5043.5,13:20:00.624382075
36,5043.25,62,5043.5,13:20:00.624464844
37,5043.25,62,5043.5,13:20:00.624475427
38,5043.25,62,5043.5,13:20:00.624488298
38,5043.25,61,5043.5,13:20:00.624495226
39,5043.25,61,5043.5,13:20:00.624517021
50,5043.25,61,5043.5,13:20:00.624523806
50,5043.25,50,5043.5,13:20:00.624537934
50,5043.25,50,5043.5,13:20:00.624563585
50,5043.25,49,5043.5,13:20:00.624573592
51,5043.25,49,5043.5,13:20:00.624630262
51,5043.25,48,5043.5,13:20:00.624638505
51,5043.25,47,5043.5,13:20:00.624672096
51,5043.25,46,5043.5,13:20:00.624693077
51,5043.25,46,5043.5,13:20:00.624693077
51,5043.25,45,5043.5,13:20:00.624743512
51,5043.25,44,5043.5,13:20:00.625000647
51,5043.25,43,5043.5,13:20:00.625008068
51,5043.25,43,5043.5,13:20:00.633035254
51,5043.25,43,5043.5,13:20:00.633542807
51,5043.25,43,5043.5,13:20:00.633542807
51,5043.25,43,5043.5,13:20:00.637612360
51,5043.25,43,5043.5,13:20:00.638449299
51,5043.25,43,5043.5,13:20:00.638449299
51,5043.25,43,5043.5,13:20:00.726924764
52,5043.25,43,5043.5,13:20:00.744440045
52,5043.25,42,5043.5,13:20:00.744545503
52,5043.25,41,5043.5,13:20:00.744638587
52,5043.25,41,5043.5,13:20:00.744654872
54,5043.25,41,5043.5,13:20:00.744867071
55,5043.25,41,5043.5,13:20:00.744960244
56,5043.25,41,5043.5,13:20:00.744971563
56,5043.25,41,5043.5,13:20:00.749047850
57,5043.25,41,5043.5,13:20:00.754594317
57,5043.25,41,5043.5,13:20:00.756575717
57,5043.25,39,5043.5,13:20:00.756711076
57,5043.25,37,5043.5,13:20:00.756717454
57,5043.25,36,5043.5,13:20:00.756816704
57,5043.25,35,5043.5,13:20:00.756828998
57,5043.25,33,5043.5,13:20:00.756834214
57,5043.25,32,5043.5,13:20:00.756844294
57,5043.25,29,5043.5,13:20:00.756852176
57,5043.25,23,5043.5,13:20:00.756910556
57,5043.25,22,5043.5,13:20:00.756930738
57,5043.25,22,5043.5,13:20:00.756940812
59,5043.25,22,5043.5,13:20:00.756992871
59,5043.25,21,5043.5,13:20:00.757013818
59,5043.25,20,5043.5,13:20:00.757020113
59,5043.25,19,5043.5,13:20:00.757034612
59,5043.25,18,5043.5,13:20:00.757044472
59,5043.25,17,5043.5,13:20:00.757050747
59,5043.25,16,5043.5,13:20:00.757059301
59,5043.25,15,5043.5,13:20:00.757064168
59,5043.25,15,5043.5,13:20:00.757070082
59,5043.25,14,5043.5,13:20:00.757076095
59,5043.25,13,5043.5,13:20:00.757128173
59,5043.25,12,5043.5,13:20:00.757135299
59,5043.25,11,5043.5,13:20:00.757170212
59,5043.25,10,5043.5,13:20:00.757175105
59,5043.25,10,5043.5,13:20:00.757263391
59,5043.25,10,5043.5,13:20:00.757695384
59,5043.25,13,5043.5,13:20:00.758979486
59,5043.25,17,5043.5,13:20:00.758990510
59,5043.25,19,5043.5,13:20:00.758997566
59,5043.25,22,5043.5,13:20:00.759005317
57,5043.25,22,5043.5,13:20:00.759010995
57,5043.25,23,5043.5,13:20:00.759106209
57,5043.25,20,5043.5,13:20:00.759116226
57,5043.25,18,5043.5,13:20:00.759122930
57,5043.25,19,5043.5,13:20:00.759204416
57,5043.25,22,5043.5,13:20:00.759283960
57,5043.25,24,5043.5,13:20:00.759290904
57,5043.25,25,5043.5,13:20:00.759396509
56,5043.25,25,5043.5,13:20:00.759405028
54,5043.25,25,5043.5,13:20:00.759423189
53,5043.25,25,5043.5,13:20:00.759430171
53,5043.25,25,5043.5,13:20:00.761426346
53,5043.25,25,5043.5,13:20:00.761426346
53,5043.25,25,5043.5,13:20:00.761688946
53,5043.25,25,5043.5,13:20:00.761688946
53,5043.25,25,5043.5,13:20:00.761995237
53,5043.25,25,5043.5,13:20:00.761995237
53,5043.25,23,5043.5,13:20:00.762049024
53,5043.25,20,5043.5,13:20:00.762131755
55,5043.25,20,5043.5,13:20:00.762172508
55,5043.25,20,5043.5,13:20:00.762296264
55,5043.25,20,5043.5,13:20:00.762296264
55,5043.25,20,5043.5,13:20:00.765539126
55,5043.25,16,5043.5,13:20:00.765966517
55,5043.25,13,5043.5,13:20:00.765973119
55,5043.25,12,5043.5,13:20:00.766059361
55,5043.25,11,5043.5,13:20:00.766069242
55,5043.25,11,5043.5,13:20:00.771273434
55,5043.25,11,5043.5,13:20:00.771762266
56,5043.25,11,5043.5,13:20:00.772038543
55,5043.25,11,5043.5,13:20:00.772046844
55,5043.25,15,5043.5,13:20:00.779737070
55,5043.25,18,5043.5,13:20:00.779743659
55,5043.25,21,5043.5,13:20:00.779771422
55,5043.25,23,5043.5,13:20:00.779776254
55,5043.25,20,5043.5,13:20:00.779931755
55,5043.25,18,5043.5,13:20:00.779938181
55,5043.25,18,5043.5,13:20:00.786700145
55,5043.25,18,5043.5,13:20:00.786700145
53,5043.25,18,5043.5,13:20:00.787849403
52,5043.25,18,5043.5,13:20:00.787936483
52,5043.25,19,5043.5,13:20:00.787948614
52,5043.25,22,5043.5,13:20:00.788036783
52,5043.25,24,5043.5,13:20:00.788047612
52,5043.25,25,5043.5,13:20:00.788152084
52,5043.25,22,5043.5,13:20:00.788161684
52,5043.25,20,5043.5,13:20:00.788168519
52,5043.25,23,5043.5,13:20:00.789516022
52,5043.25,25,5043.5,13:20:00.789523827
52,5043.25,31,5043.5,13:20:00.798286672
52,5043.25,25,5043.5,13:20:00.801267251
52,5043.25,31,5043.5,13:20:00.804110847
52,5043.25,32,5043.5,13:20:00.804207185
52,5043.25,26,5043.5,13:20:00.941422003
54,5043.25,26,5043.5,13:20:00.988421510
54,5043.25,23,5043.5,13:20:00.988650507
54,5043.25,21,5043.5,13:20:00.988660894
56,5043.25,21,5043.5,13:20:00.988691429
56,5043.25,18,5043.5,13:20:01.006839126
56,5043.25,14,5043.5,13:20:01.006845286
56,5043.25,13,5043.5,13:20:01.006944965
56,5043.25,12,5043.5,13:20:01.006951243
56,5043.25,16,5043.5,13:20:01.017925368
56,5043.25,19,5043.5,13:20:01.017931205
56,5043.25,19,5043.5,13:20:01.018911875
56,5043.25,19,5043.5,13:20:01.018911875
56,5043.25,19,5043.5,13:20:01.027777724
56,5043.25,19,5043.5,13:20:01.037213728
56,5043.25,19,5043.5,13:20:01.037465426
56,5043.25,19,5043.5,13:20:01.037785490
56,5043.25,25,5043.5,13:20:01.078160690
56,5043.25,28,5043.5,13:20:01.078253688
56,5043.25,30,5043.5,13:20:01.078259332
54,5043.25,30,5043.5,13:20:01.078317100
54,5043.25,31,5043.5,13:20:01.078352506
54,5043.25,32,5043.5,13:20:01.078365805
54,5043.25,33,5043.5,13:20:01.078712861
54,5043.25,34,5043.5,13:20:01.078822877
54,5043.25,33,5043.5,13:20:01.168847618
54,5043.25,32,5043.5,13:20:01.168959508
54,5043.25,32,5043.5,13:20:01.180583461
54,5043.25,33,5043.5,13:20:01.221115407
54,5043.25,36,5043.5,13:20:01.221202801
54,5043.25,37,5043.5,13:20:01.221222106
54,5043.25,38,5043.5,13:20:01.221227524
54,5043.25,38,5043.5,13:20:01.221289452
43,5043.25,38,5043.5,13:20:01.221383332
43,5043.25,40,5043.5,13:20:01.221476863
42,5043.25,40,5043.5,13:20:01.221482690
42,5043.25,40,5043.5,13:20:01.221544372
39,5043.25,40,5043.5,13:20:01.221572062
39,5043.25,41,5043.5,13:20:01.221582696
38,5043.25,41,5043.5,13:20:01.221669460
38,5043.25,52,5043.5,13:20:01.221679348
39,5043.25,52,5043.5,13:20:01.223114641
40,5043.25,52,5043.5,13:20:01.223480405
41,5043.25,52,5043.5,13:20:01.223564810
41,5043.25,50,5043.5,13:20:01.223627605
41,5043.25,39,5043.5,13:20:01.223725399
41,5043.25,38,5043.5,13:20:01.223808491
43,5043.25,38,5043.5,13:20:01.223825695
43,5043.25,35,5043.5,13:20:01.223840834
44,5043.25,35,5043.5,13:20:01.223908788
44,5043.25,34,5043.5,13:20:01.223998066
45,5043.25,34,5043.5,13:20:01.224006380
45,5043.25,34,5043.5,13:20:01.224194842
43,5043.25,34,5043.5,13:20:01.229287734
43,5043.25,33,5043.5,13:20:01.231701722
42,5043.25,33,5043.5,13:20:01.234120491
42,5043.25,33,5043.5,13:20:01.239828273
42,5043.25,34,5043.5,13:20:01.247811554
42,5043.25,34,5043.5,13:20:01.252058340
42,5043.25,34,5043.5,13:20:01.252089007
42,5043.25,34,5043.5,13:20:01.259903871
53,5043.25,34,5043.5,13:20:01.262297206
54,5043.25,34,5043.5,13:20:01.262401531
54,5043.25,34,5043.5,13:20:01.262929459
54,5043.25,34,5043.5,13:20:01.262949123
54,5043.25,34,5043.5,13:20:01.264153692
54,5043.25,34,5043.5,13:20:01.264153692
53,5043.25,34,5043.5,13:20:01.272512944
53,5043.25,34,5043.5,13:20:01.273507748
53,5043.25,35,5043.5,13:20:01.333081876
53,5043.25,38,5043.5,13:20:01.333177690
53,5043.25,39,5043.5,13:20:01.333194717
52,5043.25,39,5043.5,13:20:01.333201338
41,5043.25,39,5043.5,13:20:01.333298905
41,5043.25,41,5043.5,13:20:01.333386599
41,5043.25,42,5043.5,13:20:01.333396926
41,5043.25,43,5043.5,13:20:01.333510775
41,5043.25,43,5043.5,13:20:01.333746683
41,5043.25,42,5043.5,13:20:01.333753262
41,5043.25,41,5043.5,13:20:01.343636239
41,5043.25,41,5043.5,13:20:01.346493840
41,5043.25,41,5043.5,13:20:01.346493840
41,5043.25,41,5043.5,13:20:01.386127937
42,5043.25,41,5043.5,13:20:01.486916537
42,5043.25,39,5043.5,13:20:01.486963155
53,5043.25,39,5043.5,13:20:01.486968039
53,5043.25,36,5043.5,13:20:01.487027752
53,5043.25,35,5043.5,13:20:01.487048725
54,5043.25,35,5043.5,13:20:01.487061273
54,5043.25,29,5043.5,13:20:01.487069260
54,5043.25,28,5043.5,13:20:01.487114211
54,5043.25,28,5043.5,13:20:01.487400326
53,5043.25,28,5043.5,13:20:01.497174235
53,5043.25,25,5043.5,13:20:01.569735358
53,5043.25,23,5043.5,13:20:01.569741873
55,5043.25,23,5043.5,13:20:01.569819212
55,5043.25,22,5043.5,13:20:01.569861494
59,5043.25,22,5043.5,13:20:01.570270530
59,5043.25,22,5043.5,13:20:01.570369562
59,5043.25,22,5043.5,13:20:01.570663398
59,5043.25,22,5043.5,13:20:01.570705925
59,5043.25,22,5043.5,13:20:01.570705925
59,5043.25,25,5043.5,13:20:01.576749822
59,5043.25,27,5043.5,13:20:01.576756325
57,5043.25,27,5043.5,13:20:01.576766027
53,5043.25,27,5043.5,13:20:01.577177632
53,5043.25,26,5043.5,13:20:01.580559969
53,5043.25,24,5043.5,13:20:01.610573764
53,5043.25,21,5043.5,13:20:01.610579947
55,5043.25,21,5043.5,13:20:01.610739045
55,5043.25,24,5043.5,13:20:01.695565871
55,5043.25,26,5043.5,13:20:01.695572175
53,5043.25,26,5043.5,13:20:01.695672561
53,5043.25,23,5043.5,13:20:01.695681223
53,5043.25,21,5043.5,13:20:01.695689857
53,5043.25,24,5043.5,13:20:01.695756444
55,5043.25,24,5043.5,13:20:01.695838964
55,5043.25,24,5043.5,13:20:01.765802445
55,5043.25,24,5043.5,13:20:01.765802445
55,5043.25,24,5043.5,13:20:01.765927797
55,5043.25,24,5043.5,13:20:01.875143236
55,5043.25,27,5043.5,13:20:01.983617969
55,5043.25,29,5043.5,13:20:01.983624798
55,5043.25,30,5043.5,13:20:01.983706931
53,5043.25,30,5043.5,13:20:01.983901693
53,5043.25,30,5043.5,13:20:02.014858727
53,5043.25,31,5043.5,13:20:02.015016250
53,5043.25,32,5043.5,13:20:02.015143571
53,5043.25,33,5043.5,13:20:02.015259772
52,5043.25,33,5043.5,13:20:02.015283753
52,5043.25,33,5043.5,13:20:02.015438082
52,5043.25,34,5043.5,13:20:02.015477587
41,5043.25,34,5043.5,13:20:02.015551522
41,5043.25,40,5043.5,13:20:02.015562824
41,5043.25,41,5043.5,13:20:02.015573519
40,5043.25,41,5043.5,13:20:02.015658007
39,5043.25,41,5043.5,13:20:02.015664007
39,5043.25,41,5043.5,13:20:02.015674644
39,5043.25,52,5043.5,13:20:02.015685783
38,5043.25,52,5043.5,13:20:02.015696673
38,5043.25,53,5043.5,13:20:02.015710171
38,5043.25,53,5043.5,13:20:02.015720863
38,5043.25,54,5043.5,13:20:02.015785824
37,5043.25,54,5043.5,13:20:02.015806486
36,5043.25,54,5043.5,13:20:02.015829113
35,5043.25,54,5043.5,13:20:02.015839120
34,5043.25,54,5043.5,13:20:02.015914792
34,5043.25,55,5043.5,13:20:02.016022075
33,5043.25,55,5043.5,13:20:02.016183016
33,5043.25,57,5043.5,13:20:02.016228217
32,5043.25,57,5043.5,13:20:02.016297021
33,5043.25,57,5043.5,13:20:02.018229200
33,5043.25,56,5043.5,13:20:02.018236144
34,5043.25,56,5043.5,13:20:02.019106355
35,5043.25,56,5043.5,13:20:02.019195371
36,5043.25,56,5043.5,13:20:02.019207103
35,5043.25,56,5043.5,13:20:02.019615991
34,5043.25,56,5043.5,13:20:02.032879746
34,5043.25,59,5043.5,13:20:02.112605759
34,5043.25,60,5043.5,13:20:02.116521499
34,5043.25,61,5043.5,13:20:02.116615750
33,5043.25,61,5043.5,13:20:02.116624694
32,5043.25,61,5043.5,13:20:02.116646865
31,5043.25,61,5043.5,13:20:02.116735381
31,5043.25,61,5043.5,13:20:02.130685595
30,5043.25,61,5043.5,13:20:02.130911920
30,5043.25,63,5043.5,13:20:02.131022175
27,5043.25,63,5043.5,13:20:02.131037458
22,5043.25,63,5043.5,13:20:02.131150747
20,5043.25,63,5043.5,13:20:02.131156651
14,5043.25,63,5043.5,13:20:02.131183353
13,5043.25,63,5043.5,13:20:02.131202297
13,5043.25,64,5043.5,13:20:02.131264999
12,5043.25,64,5043.5,13:20:02.131277697
12,5043.25,64,5043.5,13:20:02.131290971
12,5043.25,64,5043.5,13:20:02.131302056
11,5043.25,64,5043.5,13:20:02.131534528
11,5043.25,64,5043.5,13:20:02.131534528
10,5043.25,64,5043.5,13:20:02.131534528
10,5043.25,65,5043.5,13:20:02.131534528
5,5043.25,65,5043.5,13:20:02.131534528
4,5043.25,65,5043.5,13:20:02.131758837
3,5043.25,65,5043.5,13:20:02.131758837
2,5043.25,65,5043.5,13:20:02.131758837
84,5043.0,65,5043.5,13:20:02.131788735
84,5043.0,65,5043.5,13:20:02.131788735
84,5043.0,66,5043.5,13:20:02.131805254
84,5043.0,66,5043.5,13:20:02.131805254
84,5043.0,66,5043.5,13:20:02.131805254
84,5043.0,67,5043.5,13:20:02.131805254
84,5043.0,2,5043.25,13:20:02.131880976
84,5043.0,2,5043.25,13:20:02.131889092
84,5043.0,2,5043.25,13:20:02.131899924
84,5043.0,7,5043.25,13:20:02.131918251
85,5043.0,7,5043.25,13:20:02.131927188
85,5043.0,12,5043.25,13:20:02.131935284
85,5043.0,12,5043.25,13:20:02.131984978
85,5043.0,13,5043.25,13:20:02.131996949
85,5043.0,14,5043.25,13:20:02.132006412
86,5043.0,14,5043.25,13:20:02.132017321
86,5043.0,9,5043.25,13:20:02.132027363
86,5043.0,10,5043.25,13:20:02.132043207
86,5043.0,10,5043.25,13:20:02.132052340
86,5043.0,10,5043.25,13:20:02.132178765
86,5043.0,10,5043.25,13:20:02.132193562
86,5043.0,13,5043.25,13:20:02.132286613
86,5043.0,15,5043.25,13:20:02.132293519
83,5043.0,15,5043.25,13:20:02.132331210
83,5043.0,15,5043.25,13:20:02.132331210
83,5043.0,15,5043.25,13:20:02.132450223
82,5043.0,15,5043.25,13:20:02.132779244
72,5043.0,15,5043.25,13:20:02.135793510
72,5043.0,16,5043.25,13:20:02.135887879
71,5043.0,16,5043.25,13:20:02.136054612
71,5043.0,18,5043.25,13:20:02.136167901
71,5043.0,19,5043.25,13:20:02.136267897
71,5043.0,19,5043.25,13:20:02.139841892
71,5043.0,19,5043.25,13:20:02.139885048
71,5043.0,19,5043.25,13:20:02.143336091
71,5043.0,19,5043.25,13:20:02.143336091
71,5043.0,19,5043.25,13:20:02.143841326
71,5043.0,19,5043.25,13:20:02.153742774
71,5043.0,19,5043.25,13:20:02.219916341
71,5043.0,19,5043.25,13:20:02.225177141
71,5043.0,19,5043.25,13:20:02.253455106
71,5043.0,19,5043.25,13:20:02.253501302
70,5043.0,19,5043.25,13:20:02.267611497
70,5043.0,19,5043.25,13:20:02.267611497
70,5043.0,17,5043.25,13:20:02.267718949
70,5043.0,16,5043.25,13:20:02.274985690
70,5043.0,13,5043.25,13:20:02.275051410
70,5043.0,11,5043.25,13:20:02.275056057
70,5043.0,12,5043.25,13:20:02.275089760
70,5043.0,11,5043.25,13:20:02.275158891
73,5043.0,11,5043.25,13:20:02.275605297
73,5043.0,11,5043.25,13:20:02.275605297
83,5043.0,11,5043.25,13:20:02.277552091
83,5043.0,10,5043.25,13:20:02.277670122
83,5043.0,5,5043.25,13:20:02.277680526
83,5043.0,4,5043.25,13:20:02.277685370
83,5043.0,3,5043.25,13:20:02.277837877
83,5043.0,2,5043.25,13:20:02.277837877
83,5043.0,1,5043.25,13:20:02.277905733
83,5043.0,68,5043.5,13:20:02.277937658
83,5043.0,68,5043.5,13:20:02.277937658
1,5043.25,68,5043.5,13:20:02.277988884
1,5043.25,68,5043.5,13:20:02.278031992
1,5043.25,69,5043.5,13:20:02.278053787
1,5043.25,69,5043.5,13:20:02.278089647
1,5043.25,68,5043.5,13:20:02.278098342
1,5043.25,67,5043.5,13:20:02.278142593
1,5043.25,67,5043.5,13:20:02.278142593
84,5043.0,67,5043.5,13:20:02.278265802
84,5043.0,67,5043.5,13:20:02.278265802
87,5043.0,67,5043.5,13:20:02.278284035
87,5043.0,2,5043.25,13:20:02.278328039
87,5043.0,9,5043.25,13:20:02.278416275
87,5043.0,10,5043.25,13:20:02.278433053
84,5043.0,10,5043.25,13:20:02.278459297
84,5043.0,11,5043.25,13:20:02.278519595
84,5043.0,11,5043.25,13:20:02.278551884
84,5043.0,11,5043.25,13:20:02.278551884
84,5043.0,11,5043.25,13:20:02.278584256
84,5043.0,11,5043.25,13:20:02.278618720
84,5043.0,11,5043.25,13:20:02.278829799
84,5043.0,11,5043.25,13:20:02.278829799
84,5043.0,12,5043.25,13:20:02.279100436
84,5043.0,13,5043.25,13:20:02.279196006
84,5043.0,14,5043.25,13:20:02.279278615
84,5043.0,14,5043.25,13:20:02.280031488
84,5043.0,14,5043.25,13:20:02.280031488
84,5043.0,17,5043.25,13:20:02.282784443
84,5043.0,19,5043.25,13:20:02.282790868
84,5043.0,16,5043.25,13:20:02.282912407
84,5043.0,14,5043.25,13:20:02.282918532
84,5043.0,7,5043.25,13:20:02.284925670
84,5043.0,6,5043.25,13:20:02.289310382
85,5043.0,6,5043.25,13:20:02.315280995
85,5043.0,4,5043.25,13:20:02.425224974
85,5043.0,67,5043.5,13:20:02.425464237
85,5043.0,67,5043.5,13:20:02.425464237
1,5043.25,67,5043.5,13:20:02.425464237
5,5043.25,67,5043.5,13:20:02.425464237
6,5043.25,67,5043.5,13:20:02.425464237
7,5043.25,67,5043.5,13:20:02.425477563
11,5043.25,67,5043.5,13:20:02.425498423
7,5043.25,67,5043.5,13:20:02.425504631
8,5043.25,67,5043.5,13:20:02.425538356
8,5043.25,67,5043.5,13:20:02.425551275
10,5043.25,67,5043.5,13:20:02.425579615
10,5043.25,66,5043.5,13:20:02.425592674
11,5043.25,66,5043.5,13:20:02.425604012
14,5043.25,66,5043.5,13:20:02.425615400
14,5043.25,67,5043.5,13:20:02.425625791
14,5043.25,67,5043.5,13:20:02.425625791
15,5043.25,67,5043.5,13:20:02.425640860
16,5043.25,67,5043.5,13:20:02.425648143
16,5043.25,67,5043.5,13:20:02.425722741
16,5043.25,66,5043.5,13:20:02.425764992
16,5043.25,66,5043.5,13:20:02.425764992
16,5043.25,66,5043.5,13:20:02.425776883
16,5043.25,66,5043.5,13:20:02.425776883
16,5043.25,66,5043.5,13:20:02.425957591
16,5043.25,66,5043.5,13:20:02.425957591
16,5043.25,66,5043.5,13:20:02.436496001
22,5043.25,66,5043.5,13:20:02.436604838
23,5043.25,66,5043.5,13:20:02.436694540
23,5043.25,65,5043.5,13:20:02.436705366
23,5043.25,65,5043.5,13:20:02.436713113
26,5043.25,65,5043.5,13:20:02.436810881
28,5043.25,65,5043.5,13:20:02.436818561
29,5043.25,65,5043.5,13:20:02.436900336
29,5043.25,63,5043.5,13:20:02.437953266
28,5043.25,63,5043.5,13:20:02.447010834
28,5043.25,62,5043.5,13:20:02.449297117
31,5043.25,62,5043.5,13:20:02.449385698
31,5043.25,56,5043.5,13:20:02.449479799
32,5043.25,56,5043.5,13:20:02.449579913
33,5043.25,56,5043.5,13:20:02.449584905
34,5043.25,56,5043.5,13:20:02.449663236
34,5043.25,55,5043.5,13:20:02.449673179
35,5043.25,55,5043.5,13:20:02.449707324
36,5043.25,55,5043.5,13:20:02.449712277
37,5043.25,55,5043.5,13:20:02.449718335
48,5043.25,55,5043.5,13:20:02.449723305
48,5043.25,44,5043.5,13:20:02.449734431
49,5043.25,44,5043.5,13:20:02.449758883
50,5043.25,44,5043.5,13:20:02.449776762
50,5043.25,44,5043.5,13:20:02.449808465
51,5043.25,44,5043.5,13:20:02.449817050
52,5043.25,44,5043.5,13:20:02.449827476
52,5043.25,43,5043.5,13:20:02.449837278
52,5043.25,42,5043.5,13:20:02.449975611
52,5043.25,41,5043.5,13:20:02.450071907
52,5043.25,40,5043.5,13:20:02.450077552
51,5043.25,40,5043.5,13:20:02.459936163
51,5043.25,40,5043.5,13:20:02.461204602
51,5043.25,46,5043.5,13:20:02.462357678
50,5043.25,46,5043.5,13:20:02.462461779
49,5043.25,46,5043.5,13:20:02.462545409
49,5043.25,46,5043.5,13:20:02.469915644
49,5043.25,46,5043.5,13:20:02.515781059
49,5043.25,46,5043.5,13:20:02.572128456
49,5043.25,47,5043.5,13:20:02.572482376
49,5043.25,47,5043.5,13:20:02.577932001
49,5043.25,47,5043.5,13:20:02.577984642
49,5043.25,47,5043.5,13:20:02.577991202
49,5043.25,47,5043.5,13:20:02.633447910
49,5043.25,47,5043.5,13:20:02.633447910
46,5043.25,47,5043.5,13:20:02.662475292
45,5043.25,47,5043.5,13:20:02.662569175
44,5043.25,47,5043.5,13:20:02.662575089
44,5043.25,47,5043.5,13:20:02.679838941
33,5043.25,47,5043.5,13:20:02.680277411
32,5043.25,47,5043.5,13:20:02.680360667
31,5043.25,47,5043.5,13:20:02.680390085
31,5043.25,48,5043.5,13:20:02.680623811
31,5043.25,48,5043.5,13:20:02.709532535
31,5043.25,48,5043.5,13:20:02.727854821
31,5043.25,48,5043.5,13:20:02.727854821
31,5043.25,48,5043.5,13:20:02.780249781
31,5043.25,48,5043.5,13:20:02.780249781
32,5043.25,48,5043.5,13:20:02.815402829
33,5043.25,48,5043.5,13:20:02.815499128
34,5043.25,48,5043.5,13:20:02.815507288
35,5043.25,48,5043.5,13:20:02.817994756
35,5043.25,47,5043.5,13:20:02.837865951
37,5043.25,47,5043.5,13:20:02.838006008
48,5043.25,47,5043.5,13:20:02.838076479
49,5043.25,47,5043.5,13:20:02.838093795
49,5043.25,46,5043.5,13:20:02.838113635
50,5043.25,46,5043.5,13:20:02.838163588
51,5043.25,46,5043.5,13:20:02.838169352
52,5043.25,46,5043.5,13:20:02.838182149
52,5043.25,40,5043.5,13:20:02.838275728
52,5043.25,39,5043.5,13:20:02.838381990
52,5043.25,39,5043.5,13:20:02.838712447
52,5043.25,45,5043.5,13:20:02.845806587
52,5043.25,45,5043.5,13:20:02.847026068
52,5043.25,45,5043.5,13:20:02.847026068
52,5043.25,45,5043.5,13:20:02.848606855
52,5043.25,39,5043.5,13:20:02.849322869
52,5043.25,38,5043.5,13:20:02.849426635
52,5043.25,37,5043.5,13:20:02.849452869
52,5043.25,36,5043.5,13:20:02.849487410
52,5043.25,42,5043.5,13:20:02.907730460
52,5043.25,36,5043.5,13:20:02.924130310
52,5043.25,36,5043.5,13:20:02.924177846
52,5043.25,33,5043.5,13:20:02.924256974
52,5043.25,31,5043.5,13:20:02.924262754
53,5043.25,31,5043.5,13:20:02.924351620
53,5043.25,30,5043.5,13:20:02.924371016
53,5043.25,27,5043.5,13:20:02.924377803
53,5043.25,26,5043.5,13:20:02.924852578
54,5043.25,26,5043.5,13:20:02.924852578
54,5043.25,22,5043.5,13:20:02.924852578
54,5043.25,16,5043.5,13:20:02.925093661
54,5043.25,11,5043.5,13:20:02.925093661
54,5043.25,10,5043.5,13:20:02.925093661
54,5043.25,9,5043.5,13:20:02.925093661
54,5043.25,8,5043.5,13:20:02.925131608
54,5043.25,6,5043.5,13:20:02.925131608
54,5043.25,6,5043.5,13:20:02.925131608
54,5043.25,6,5043.5,13:20:02.925176840
54,5043.25,6,5043.5,13:20:02.925182959
54,5043.25,5,5043.5,13:20:02.925669939
54,5043.25,1,5043.5,13:20:02.925669939
54,5043.25,75,5043.75,13:20:02.925669939
2,5043.5,75,5043.75,13:20:02.925669939
2,5043.5,75,5043.75,13:20:02.925669939
5,5043.5,75,5043.75,13:20:02.925669939
9,5043.5,75,5043.75,13:20:02.925669939
9,5043.5,75,5043.75,13:20:02.925698483
6,5043.5,75,5043.75,13:20:02.925698483
2,5043.5,75,5043.75,13:20:02.925698483
2,5043.5,75,5043.75,13:20:02.925728832
3,5043.5,75,5043.75,13:20:02.925728832
3,5043.5,75,5043.75,13:20:02.925728832
5,5043.5,75,5043.75,13:20:02.925728832
5,5043.5,74,5043.75,13:20:02.925728832
5,5043.5,74,5043.75,13:20:02.925728832
5,5043.5,74,5043.75,13:20:02.925728832
11,5043.5,74,5043.75,13:20:02.925728832
11,5043.5,74,5043.75,13:20:02.925728832
11,5043.5,74,5043.75,13:20:02.925728832
12,5043.5,74,5043.75,13:20:02.925728832
12,5043.5,74,5043.75,13:20:02.925728832
12,5043.5,74,5043.75,13:20:02.925740010
12,5043.5,74,5043.75,13:20:02.925740010
12,5043.5,74,5043.75,13:20:02.925740010
12,5043.5,74,5043.75,13:20:02.925740010
14,5043.5,74,5043.75,13:20:02.925743069
15,5043.5,74,5043.75,13:20:02.925763822
16,5043.5,74,5043.75,13:20:02.925792862
17,5043.5,74,5043.75,13:20:02.925798830
17,5043.5,74,5043.75,13:20:02.925810731
17,5043.5,74,5043.75,13:20:02.925829897
18,5043.5,74,5043.75,13:20:02.925853369
16,5043.5,74,5043.75,13:20:02.926407368
16,5043.5,75,5043.75,13:20:02.926407368
14,5043.5,75,5043.75,13:20:02.926407368
17,5043.5,75,5043.75,13:20:02.926407368
19,5043.5,75,5043.75,13:20:02.926407368
20,5043.5,75,5043.75,13:20:02.926407368
20,5043.5,74,5043.75,13:20:02.926407368
20,5043.5,74,5043.75,13:20:02.926407368
20,5043.5,74,5043.75,13:20:02.926407368
20,5043.5,74,5043.75,13:20:02.926407368
23,5043.5,74,5043.75,13:20:02.926412686
23,5043.5,74,5043.75,13:20:02.926412686
23,5043.5,74,5043.75,13:20:02.926412686
20,5043.5,74,5043.75,13:20:02.926423793
18,5043.5,74,5043.75,13:20:02.926436747
17,5043.5,74,5043.75,13:20:02.926455736
18,5043.5,74,5043.75,13:20:02.926472514
19,5043.5,74,5043.75,13:20:02.926477433
16,5043.5,74,5043.75,13:20:02.926487638
17,5043.5,74,5043.75,13:20:02.926520003
17,5043.5,74,5043.75,13:20:02.926529280
17,5043.5,74,5043.75,13:20:02.926584843
17,5043.5,74,5043.75,13:20:02.927005971
17,5043.5,68,5043.75,13:20:02.927470922
17,5043.5,68,5043.75,13:20:02.928125831
17,5043.5,68,5043.75,13:20:02.928125831
20,5043.5,68,5043.75,13:20:02.928876764
22,5043.5,68,5043.75,13:20:02.928882809
19,5043.5,68,5043.75,13:20:02.928994914
17,5043.5,68,5043.75,13:20:02.929003087
20,5043.5,68,5043.75,13:20:02.933066026
20,5043.5,68,5043.75,13:20:02.933071460
21,5043.5,68,5043.75,13:20:02.933699959
22,5043.5,68,5043.75,13:20:02.933815261
21,5043.5,68,5043.75,13:20:02.933868887
21,5043.5,68,5043.75,13:20:02.967917539
21,5043.5,68,5043.75,13:20:02.968004744
21,5043.5,68,5043.75,13:20:02.968548540
21,5043.5,68,5043.75,13:20:03.075948229
21,5043.5,68,5043.75,13:20:03.075954834
21,5043.5,68,5043.75,13:20:03.075976309
24,5043.5,68,5043.75,13:20:03.091817102
26,5043.5,68,5043.75,13:20:03.091822994
29,5043.5,68,5043.75,13:20:03.091904064
29,5043.5,68,5043.75,13:20:03.091925216
29,5043.5,67,5043.75,13:20:03.091993115
30,5043.5,67,5043.75,13:20:03.092005291
41,5043.5,67,5043.75,13:20:03.092095514
41,5043.5,56,5043.75,13:20:03.092104510
42,5043.5,56,5043.75,13:20:03.092109473
43,5043.5,56,5043.75,13:20:03.092115873
44,5043.5,56,5043.75,13:20:03.092189110
44,5043.5,56,5043.75,13:20:03.092208329
44,5043.5,55,5043.75,13:20:03.092213251
45,5043.5,55,5043.75,13:20:03.092274916
46,5043.5,55,5043.75,13:20:03.092311288
46,5043.5,54,5043.75,13:20:03.092360496
46,5043.5,54,5043.75,13:20:03.092360496
46,5043.5,54,5043.75,13:20:03.092398298
46,5043.5,54,5043.75,13:20:03.092398298
46,5043.5,53,5043.75,13:20:03.092506255
46,5043.5,54,5043.75,13:20:03.092925172
45,5043.5,54,5043.75,13:20:03.093024186
44,5043.5,54,5043.75,13:20:03.093121352
44,5043.5,54,5043.75,13:20:03.093181270
44,5043.5,56,5043.75,13:20:03.093238817
43,5043.5,56,5043.75,13:20:03.093321811
43,5043.5,57,5043.75,13:20:03.096270379
41,5043.5,57,5043.75,13:20:03.099905896
38,5043.5,57,5043.75,13:20:03.099987251
37,5043.5,57,5043.75,13:20:03.102306434
26,5043.5,57,5043.75,13:20:03.102403120
26,5043.5,57,5043.75,13:20:03.105020216
26,5043.5,57,5043.75,13:20:03.124426652
26,5043.5,57,5043.75,13:20:03.124464480
25,5043.5,57,5043.75,13:20:03.130731147
25,5043.5,57,5043.75,13:20:03.162838758
25,5043.5,57,5043.75,13:20:03.162838758
25,5043.5,57,5043.75,13:20:03.279880279
25,5043.5,57,5043.75,13:20:03.279915022
25,5043.5,57,5043.75,13:20:03.439552877
25,5043.5,57,5043.75,13:20:03.495137178
25,5043.5,57,5043.75,13:20:03.495137178
24,5043.5,57,5043.75,13:20:03.509565465
23,5043.5,57,5043.75,13:20:03.509570944
20,5043.5,57,5043.75,13:20:03.509581424
14,5043.5,57,5043.75,13:20:03.509594580
13,5043.5,57,5043.75,13:20:03.509683211
5,5043.5,57,5043.75,13:20:03.509997779
5,5043.5,58,5043.75,13:20:03.509997779
61,5043.25,58,5043.75,13:20:03.509997779
61,5043.25,58,5043.75,13:20:03.509997779
61,5043.25,58,5043.75,13:20:03.509997779
61,5043.25,58,5043.75,13:20:03.509997779
61,5043.25,3,5043.5,13:20:03.510011411
61,5043.25,4,5043.5,13:20:03.510011411
61,5043.25,6,5043.5,13:20:03.510011411
61,5043.25,7,5043.5,13:20:03.510027520
61,5043.25,7,5043.5,13:20:03.510027520
61,5043.25,11,5043.5,13:20:03.510038026
61,5043.25,13,5043.5,13:20:03.510038026
61,5043.25,14,5043.5,13:20:03.510061808
61,5043.25,14,5043.5,13:20:03.510092916
61,5043.25,14,5043.5,13:20:03.510098926
61,5043.25,14,5043.5,13:20:03.510151928
61,5043.25,14,5043.5,13:20:03.510161929
61,5043.25,15,5043.5,13:20:03.510170921
61,5043.25,17,5043.5,13:20:03.510195187
61,5043.25,19,5043.5,13:20:03.510200541
62,5043.25,19,5043.5,13:20:03.510209517
62,5043.25,20,5043.5,13:20:03.510220048
62,5043.25,21,5043.5,13:20:03.510225824
62,5043.25,21,5043.5,13:20:03.510236791
62,5043.25,17,5043.5,13:20:03.510249457
62,5043.25,15,5043.5,13:20:03.510257271
62,5043.25,15,5043.5,13:20:03.510270203
62,5043.25,15,5043.5,13:20:03.510273742
65,5043.25,15,5043.5,13:20:03.510557937
65,5043.25,15,5043.5,13:20:03.510557937
65,5043.25,15,5043.5,13:20:03.510564241
65,5043.25,15,5043.5,13:20:03.510564241
64,5043.25,15,5043.5,13:20:03.510591201
64,5043.25,15,5043.5,13:20:03.510618818
64,5043.25,14,5043.5,13:20:03.510840882
64,5043.25,14,5043.5,13:20:03.511260985
63,5043.25,14,5043.5,13:20:03.511292467
63,5043.25,15,5043.5,13:20:03.511369348
63,5043.25,21,5043.5,13:20:03.518286064
62,5043.25,21,5043.5,13:20:03.519036722
62,5043.25,21,5043.5,13:20:03.519036722
62,5043.25,21,5043.5,13:20:03.521873237
62,5043.25,21,5043.5,13:20:03.521873237
62,5043.25,21,5043.5,13:20:03.522524885
62,5043.25,24,5043.5,13:20:03.523173401
62,5043.25,26,5043.5,13:20:03.523178818
62,5043.25,27,5043.5,13:20:03.523301659
62,5043.25,27,5043.5,13:20:03.523301659
62,5043.25,28,5043.5,13:20:03.523398160
62,5043.25,29,5043.5,13:20:03.523404365
62,5043.25,27,5043.5,13:20:03.533424865
62,5043.25,26,5043.5,13:20:03.533509993
62,5043.25,23,5043.5,13:20:03.553806248
62,5043.25,17,5043.5,13:20:03.553904529
62,5043.25,16,5043.5,13:20:03.553995414
62,5043.25,16,5043.5,13:20:03.602306061
62,5043.25,22,5043.5,13:20:03.645629770
62,5043.25,25,5043.5,13:20:03.645736041
62,5043.25,26,5043.5,13:20:03.645742258
62,5043.25,28,5043.5,13:20:03.645747596
62,5043.25,29,5043.5,13:20:03.645843870
62,5043.25,30,5043.5,13:20:03.645941194
62,5043.25,29,5043.5,13:20:03.656059721
62,5043.25,29,5043.5,13:20:03.700179125
62,5043.25,27,5043.5,13:20:03.727269591
62,5043.25,30,5043.5,13:20:03.727612238
62,5043.25,31,5043.5,13:20:03.727627192
62,5043.25,32,5043.5,13:20:03.727634040
61,5043.25,32,5043.5,13:20:03.727639512
61,5043.25,33,5043.5,13:20:03.727716874
58,5043.25,33,5043.5,13:20:03.735801568
58,5043.25,34,5043.5,13:20:03.735815700
58,5043.25,34,5043.5,13:20:03.735872175
58,5043.25,34,5043.5,13:20:03.735872175
58,5043.25,34,5043.5,13:20:03.735880341
58,5043.25,35,5043.5,13:20:03.735894645
57,5043.25,35,5043.5,13:20:03.735916210
57,5043.25,36,5043.5,13:20:03.735919900
57,5043.25,37,5043.5,13:20:03.735992986
56,5043.25,37,5043.5,13:20:03.736008987
56,5043.25,38,5043.5,13:20:03.736120064
56,5043.25,39,5043.5,13:20:03.736162723
56,5043.25,40,5043.5,13:20:03.736203119
56,5043.25,43,5043.5,13:20:03.736245814
56,5043.25,44,5043.5,13:20:03.736267482
56,5043.25,55,5043.5,13:20:03.736365343
45,5043.25,55,5043.5,13:20:03.736372818
44,5043.25,55,5043.5,13:20:03.736474379
43,5043.25,55,5043.5,13:20:03.736479854
43,5043.25,56,5043.5,13:20:03.736494033
42,5043.25,56,5043.5,13:20:03.736563513
41,5043.25,56,5043.5,13:20:03.736593085
40,5043.25,56,5043.5,13:20:03.736690399
40,5043.25,57,5043.5,13:20:03.736936842
40,5043.25,56,5043.5,13:20:03.743404064
41,5043.25,56,5043.5,13:20:03.743510908
41,5043.25,55,5043.5,13:20:03.743708988
41,5043.25,54,5043.5,13:20:03.743716275
42,5043.25,54,5043.5,13:20:03.743722093
42,5043.25,55,5043.5,13:20:03.744709693
41,5043.25,55,5043.5,13:20:03.744804230
42,5043.25,55,5043.5,13:20:03.747577121
41,5043.25,55,5043.5,13:20:03.754255326
41,5043.25,45,5043.5,13:20:03.809225135
41,5043.25,44,5043.5,13:20:03.809237026
41,5043.25,43,5043.5,13:20:03.809246220
41,5043.25,42,5043.5,13:20:03.809257334
42,5043.25,42,5043.5,13:20:03.809270876
42,5043.25,41,5043.5,13:20:03.809288461
43,5043.25,41,5043.5,13:20:03.809311441
44,5043.25,41,5043.5,13:20:03.809323966
44,5043.25,38,5043.5,13:20:03.809328689
45,5043.25,38,5043.5,13:20:03.809344935
45,5043.25,37,5043.5,13:20:03.809349669
45,5043.25,36,5043.5,13:20:03.809356897
46,5043.25,36,5043.5,13:20:03.809370018
47,5043.25,36,5043.5,13:20:03.809381119
47,5043.25,25,5043.5,13:20:03.809386786
58,5043.25,25,5043.5,13:20:03.809393973
58,5043.25,24,5043.5,13:20:03.809405871
59,5043.25,24,5043.5,13:20:03.809495147
59,5043.25,23,5043.5,13:20:03.809503147
60,5043.25,23,5043.5,13:20:03.809508344
60,5043.25,22,5043.5,13:20:03.809531954
60,5043.25,19,5043.5,13:20:03.809536728
60,5043.25,22,5043.5,13:20:03.809562969
60,5043.25,23,5043.5,13:20:03.809572438
60,5043.25,25,5043.5,13:20:03.809577612
60,5043.25,25,5043.5,13:20:03.809589504
61,5043.25,25,5043.5,13:20:03.809608224
61,5043.25,24,5043.5,13:20:03.809620819
62,5043.25,24,5043.5,13:20:03.809693400
59,5043.25,24,5043.5,13:20:03.809744595
59,5043.25,24,5043.5,13:20:03.809744595
59,5043.25,21,5043.5,13:20:03.901113902
59,5043.25,20,5043.5,13:20:03.901120034
59,5043.25,18,5043.5,13:20:03.901126658
59,5043.25,12,5043.5,13:20:03.901209587
59,5043.25,12,5043.5,13:20:03.901302028
59,5043.25,9,5043.5,13:20:03.901403908
59,5043.25,10,5043.5,13:20:03.909407231
59,5043.25,13,5043.5,13:20:03.909413446
59,5043.25,15,5043.5,13:20:03.909419436
59,5043.25,12,5043.5,13:20:03.909751673
59,5043.25,12,5043.5,13:20:03.909861884
59,5043.25,10,5043.5,13:20:03.909909529
59,5043.25,9,5043.5,13:20:03.910000900
59,5043.25,8,5043.5,13:20:03.910198860
59,5043.25,9,5043.5,13:20:03.917496748
59,5043.25,12,5043.5,13:20:03.917502917
59,5043.25,14,5043.5,13:20:03.917507954
59,5043.25,13,5043.5,13:20:03.920644830
59,5043.25,10,5043.5,13:20:03.920651038
59,5043.25,8,5043.5,13:20:03.920658165
59,5043.25,9,5043.5,13:20:03.925813046
59,5043.25,12,5043.5,13:20:03.925819990
59,5043.25,14,5043.5,13:20:03.925828220
59,5043.25,14,5043.5,13:20:03.928742891
59,5043.25,14,5043.5,13:20:03.928773586
59,5043.25,20,5043.5,13:20:03.981904677
59,5043.25,23,5043.5,13:20:03.982022596
59,5043.25,25,5043.5,13:20:03.982030874
59,5043.25,26,5043.5,13:20:03.982112361
59,5043.25,24,5043.5,13:20:03.982276345
59,5043.25,25,5043.5,13:20:03.982440293
59,5043.25,26,5043.5,13:20:03.982447675
59,5043.25,23,5043.5,13:20:03.993930663
59,5043.25,22,5043.5,13:20:03.993937028
59,5043.25,21,5043.5,13:20:03.993942753
59,5043.25,20,5043.5,13:20:03.994026726
59,5043.25,20,5043.5,13:20:04.127740122
60,5043.25,20,5043.5,13:20:04.127762603
60,5043.25,14,5043.5,13:20:04.127988486
60,5043.25,11,5043.5,13:20:04.136781914
60,5043.25,9,5043.5,13:20:04.136787831
60,5043.25,8,5043.5,13:20:04.136802865
60,5043.25,7,5043.5,13:20:04.136898144
61,5043.25,7,5043.5,13:20:04.137211859
61,5043.25,7,5043.5,13:20:04.137211859
61,5043.25,7,5043.5,13:20:04.137239383
62,5043.25,7,5043.5,13:20:04.137249469
62,5043.25,6,5043.5,13:20:04.142366065
65,5043.25,6,5043.5,13:20:04.142869778
65,5043.25,6,5043.5,13:20:04.142869778
65,5043.25,6,5043.5,13:20:04.143364732
65,5043.25,6,5043.5,13:20:04.149491069
65,5043.25,6,5043.5,13:20:04.149513966
65,5043.25,5,5043.5,13:20:04.151374932
65,5043.25,8,5043.5,13:20:04.151559345
65,5043.25,11,5043.5,13:20:04.151564910
65,5043.25,12,5043.5,13:20:04.151915032
65,5043.25,12,5043.5,13:20:04.228592895
65,5043.25,12,5043.5,13:20:04.228592895
65,5043.25,12,5043.5,13:20:04.237626863
65,5043.25,12,5043.5,13:20:04.237626863
65,5043.25,12,5043.5,13:20:04.281199286
65,5043.25,12,5043.5,13:20:04.281228765
65,5043.25,12,5043.5,13:20:04.281300520
65,5043.25,9,5043.5,13:20:04.385195395
65,5043.25,6,5043.5,13:20:04.385310236
65,5043.25,5,5043.5,13:20:04.385545313
65,5043.25,8,5043.5,13:20:04.392207553
65,5043.25,11,5043.5,13:20:04.392213329
65,5043.25,8,5043.5,13:20:04.398441716
65,5043.25,5,5043.5,13:20:04.398447752
66,5043.25,5,5043.5,13:20:04.426309574
66,5043.25,1,5043.5,13:20:04.432154499
66,5043.25,78,5043.75,13:20:04.432154499
66,5043.25,78,5043.75,13:20:04.432154499
3,5043.5,78,5043.75,13:20:04.432154499
5,5043.5,78,5043.75,13:20:04.432154499
9,5043.5,78,5043.75,13:20:04.432154499
10,5043.5,78,5043.75,13:20:04.432154499
11,5043.5,78,5043.75,13:20:04.435305013
13,5043.5,78,5043.75,13:20:04.435341459
14,5043.5,78,5043.75,13:20:04.435369222
15,5043.5,78,5043.75,13:20:04.435375149
15,5043.5,78,5043.75,13:20:04.435380583
17,5043.5,78,5043.75,13:20:04.435388068
18,5043.5,78,5043.75,13:20:04.435409114
19,5043.5,78,5043.75,13:20:04.435415662
20,5043.5,78,5043.75,13:20:04.435420302
26,5043.5,78,5043.75,13:20:04.435458363
22,5043.5,78,5043.75,13:20:04.435466508
21,5043.5,78,5043.75,13:20:04.435473769
22,5043.5,78,5043.75,13:20:04.435490489
23,5043.5,78,5043.75,13:20:04.435497731
24,5043.5,78,5043.75,13:20:04.435505337
24,5043.5,78,5043.75,13:20:04.435533290
24,5043.5,78,5043.75,13:20:04.435538714
24,5043.5,79,5043.75,13:20:04.435545524
24,5043.5,79,5043.75,13:20:04.435545524
24,5043.5,77,5043.75,13:20:04.435571739
24,5043.5,77,5043.75,13:20:04.435577505
23,5043.5,77,5043.75,13:20:04.435583800
22,5043.5,77,5043.75,13:20:04.435728478
22,5043.5,77,5043.75,13:20:04.435728478
21,5043.5,77,5043.75,13:20:04.436098581
20,5043.5,77,5043.75,13:20:04.436104124
20,5043.5,77,5043.75,13:20:04.436125414
20,5043.5,77,5043.75,13:20:04.436145581
20,5043.5,77,5043.75,13:20:04.436151203
20,5043.5,77,5043.75,13:20:04.436151203
12,5043.5,77,5043.75,13:20:04.436573445
10,5043.5,77,5043.75,13:20:04.436573445
72,5043.25,77,5043.75,13:20:04.436573445
72,5043.25,77,5043.75,13:20:04.436573445
72,5043.25,77,5043.75,13:20:04.436695720
72,5043.25,77,5043.75,13:20:04.436695720
72,5043.25,3,5043.5,13:20:04.436695720
72,5043.25,2,5043.5,13:20:04.436695720
72,5043.25,1,5043.5,13:20:04.436695720
72,5043.25,1,5043.5,13:20:04.436695720
71,5043.25,1,5043.5,13:20:04.436768387
71,5043.25,1,5043.5,13:20:04.436768387
71,5043.25,1,5043.5,13:20:04.436768387
71,5043.25,73,5043.75,13:20:04.436768387
71,5043.25,73,5043.75,13:20:04.436768387
1,5043.5,73,5043.75,13:20:04.436768387
71,5043.25,73,5043.75,13:20:04.436775030
71,5043.25,73,5043.75,13:20:04.436775030
71,5043.25,3,5043.5,13:20:04.436803869
71,5043.25,4,5043.5,13:20:04.436803869
71,5043.25,6,5043.5,13:20:04.436803869
71,5043.25,10,5043.5,13:20:04.436803869
71,5043.25,12,5043.5,13:20:04.436803869
71,5043.25,12,5043.5,13:20:04.436803869
71,5043.25,13,5043.5,13:20:04.436807818
71,5043.25,12,5043.5,13:20:04.436812656
71,5043.25,8,5043.5,13:20:04.436832513
71,5043.25,6,5043.5,13:20:04.436840164
71,5043.25,5,5043.5,13:20:04.437050531
71,5043.25,72,5043.75,13:20:04.437050531
71,5043.25,72,5043.75,13:20:04.437050531
1,5043.5,72,5043.75,13:20:04.437066063
2,5043.5,72,5043.75,13:20:04.437066063
3,5043.5,72,5043.75,13:20:04.437066063
3,5043.5,73,5043.75,13:20:04.437066063
3,5043.5,73,5043.75,13:20:04.437066063
6,5043.5,73,5043.75,13:20:04.437066063
5,5043.5,73,5043.75,13:20:04.437229228
8,5043.5,73,5043.75,13:20:04.437229228
7,5043.5,73,5043.75,13:20:04.437229228
10,5043.5,73,5043.75,13:20:04.437229228
13,5043.5,73,5043.75,13:20:04.437244016
15,5043.5,73,5043.75,13:20:04.437244016
16,5043.5,73,5043.75,13:20:04.437255508
16,5043.5,73,5043.75,13:20:04.437255508
10,5043.5,73,5043.75,13:20:04.437388748
11,5043.5,73,5043.75,13:20:04.437388748
11,5043.5,72,5043.75,13:20:04.437400416
11,5043.5,72,5043.75,13:20:04.437400416
8,5043.5,72,5043.75,13:20:04.437400416
6,5043.5,72,5043.75,13:20:04.437400416
6,5043.5,73,5043.75,13:20:04.437504290
6,5043.5,72,5043.75,13:20:04.437725830
6,5043.5,72,5043.75,13:20:04.443608921
5,5043.5,72,5043.75,13:20:04.443846996
6,5043.5,72,5043.75,13:20:04.443846996
9,5043.5,72,5043.75,13:20:04.443846996
11,5043.5,72,5043.75,13:20:04.443846996
10,5043.5,72,5043.75,13:20:04.443920022
7,5043.5,72,5043.75,13:20:04.443930547
5,5043.5,72,5043.75,13:20:04.443939046
4,5043.5,72,5043.75,13:20:04.444062694
5,5043.5,72,5043.75,13:20:04.444062694
6,5043.5,72,5043.75,13:20:04.446085985
9,5043.5,72,5043.75,13:20:04.446092938
11,5043.5,72,5043.75,13:20:04.446101198
17,5043.5,72,5043.75,13:20:04.446183418
17,5043.5,71,5043.75,13:20:04.446196365
18,5043.5,71,5043.75,13:20:04.446213463
19,5043.5,71,5043.75,13:20:04.446270610
20,5043.5,71,5043.75,13:20:04.446299001
20,5043.5,71,5043.75,13:20:04.461916156
22,5043.5,71,5043.75,13:20:04.493910456
24,5043.5,71,5043.75,13:20:04.493916591
25,5043.5,71,5043.75,13:20:04.493986307
26,5043.5,71,5043.75,13:20:04.493999536
27,5043.5,71,5043.75,13:20:04.494022215
27,5043.5,71,5043.75,13:20:04.494028017
30,5043.5,71,5043.75,13:20:04.494070079
31,5043.5,71,5043.75,13:20:04.494156695
32,5043.5,71,5043.75,13:20:04.494332987
32,5043.5,71,5043.75,13:20:04.571062276
32,5043.5,71,5043.75,13:20:04.571068097
32,5043.5,71,5043.75,13:20:04.571074414
30,5043.5,71,5043.75,13:20:04.585011953
28,5043.5,71,5043.75,13:20:04.585018010
27,5043.5,71,5043.75,13:20:04.585124579
24,5043.5,71,5043.75,13:20:04.585131293
23,5043.5,71,5043.75,13:20:04.585240776
23,5043.5,71,5043.75,13:20:04.609774573
23,5043.5,71,5043.75,13:20:04.609774573
22,5043.5,71,5043.75,13:20:04.625765314
16,5043.5,71,5043.75,13:20:04.625772585
16,5043.5,71,5043.75,13:20:04.625874648
16,5043.5,71,5043.75,13:20:04.626506799
16,5043.5,71,5043.75,13:20:04.626506799
16,5043.5,71,5043.75,13:20:04.639042728
16,5043.5,71,5043.75,13:20:04.639042728
16,5043.5,74,5043.75,13:20:04.760309801
15,5043.5,74,5043.75,13:20:04.760412703
14,5043.5,74,5043.75,13:20:04.760922482
14,5043.5,75,5043.75,13:20:04.760931487
12,5043.5,75,5043.75,13:20:04.760937276
9,5043.5,75,5043.75,13:20:04.761006375
8,5043.5,75,5043.75,13:20:04.761017377
7,5043.5,75,5043.75,13:20:04.761024561
6,5043.5,75,5043.75,13:20:04.761101776
6,5043.5,75,5043.75,13:20:04.769023142
6,5043.5,75,5043.75,13:20:04.769386826
6,5043.5,75,5043.75,13:20:04.769386826
9,5043.5,75,5043.75,13:20:04.812701308
12,5043.5,75,5043.75,13:20:04.812708044
12,5043.5,74,5043.75,13:20:04.812862428
9,5043.5,74,5043.75,13:20:04.824289494
6,5043.5,74,5043.75,13:20:04.824296278
6,5043.5,78,5043.75,13:20:04.826293380
3,5043.5,78,5043.75,13:20:04.832409705
72,5043.25,78,5043.75,13:20:04.832409705
72,5043.25,78,5043.75,13:20:04.832409705
72,5043.25,3,5043.5,13:20:04.832409705
72,5043.25,4,5043.5,13:20:04.832447172
72,5043.25,5,5043.5,13:20:04.832938903
72,5043.25,6,5043.5,13:20:04.832978289
72,5043.25,7,5043.5,13:20:04.832987755
72,5043.25,9,5043.5,13:20:04.833093104
72,5043.25,10,5043.5,13:20:04.833098189
72,5043.25,11,5043.5,13:20:04.833567661
71,5043.25,11,5043.5,13:20:04.833575354
71,5043.25,12,5043.5,13:20:04.833605316
71,5043.25,13,5043.5,13:20:04.833610040
71,5043.25,11,5043.5,13:20:04.833616789
71,5043.25,10,5043.5,13:20:04.833624658
71,5043.25,7,5043.5,13:20:04.833632143
65,5043.25,7,5043.5,13:20:04.833649871
65,5043.25,7,5043.5,13:20:04.834130917
65,5043.25,6,5043.5,13:20:04.834138943
69,5043.25,6,5043.5,13:20:04.834151053
69,5043.25,6,5043.5,13:20:04.834151053
69,5043.25,7,5043.5,13:20:04.834159907
69,5043.25,7,5043.5,13:20:04.834182093
69,5043.25,7,5043.5,13:20:04.834182093
69,5043.25,10,5043.5,13:20:04.834194660
69,5043.25,11,5043.5,13:20:04.834205978
69,5043.25,13,5043.5,13:20:04.834215326
69,5043.25,14,5043.5,13:20:04.834402618
69,5043.25,15,5043.5,13:20:04.834496835
69,5043.25,13,5043.5,13:20:04.840954296
69,5043.25,12,5043.5,13:20:04.841040272
69,5043.25,9,5043.5,13:20:04.841413163
69,5043.25,8,5043.5,13:20:04.841419576
69,5043.25,7,5043.5,13:20:04.841522330
69,5043.25,6,5043.5,13:20:04.841630096
69,5043.25,1,5043.5,13:20:04.842066172
69,5043.25,80,5043.75,13:20:04.842212703
2,5043.5,80,5043.75,13:20:04.842212703
2,5043.5,80,5043.75,13:20:04.842212703
3,5043.5,80,5043.75,13:20:04.842212703
4,5043.5,80,5043.75,13:20:04.842226582
5,5043.5,80,5043.75,13:20:04.842226582
5,5043.5,80,5043.75,13:20:04.842306452
8,5043.5,80,5043.75,13:20:04.842313418
9,5043.5,80,5043.75,13:20:04.842326718
11,5043.5,80,5043.75,13:20:04.842336385
14,5043.5,80,5043.75,13:20:04.842354997
17,5043.5,80,5043.75,13:20:04.842361755
18,5043.5,80,5043.75,13:20:04.842446666
19,5043.5,80,5043.75,13:20:04.842498667
20,5043.5,80,5043.75,13:20:04.842514462
21,5043.5,80,5043.75,13:20:04.842532165
20,5043.5,80,5043.75,13:20:04.842539797
17,5043.5,80,5043.75,13:20:04.842650823
14,5043.5,80,5043.75,13:20:04.842650823
11,5043.5,80,5043.75,13:20:04.842650823
11,5043.5,78,5043.75,13:20:04.842650823
12,5043.5,78,5043.75,13:20:04.842650823
12,5043.5,79,5043.75,13:20:04.842650823
5,5043.5,79,5043.75,13:20:04.842923165
3,5043.5,79,5043.75,13:20:04.842929613
1,5043.5,79,5043.75,13:20:04.843079687
70,5043.25,79,5043.75,13:20:04.843079687
70,5043.25,79,5043.75,13:20:04.843079687
70,5043.25,3,5043.5,13:20:04.843092436
70,5043.25,6,5043.5,13:20:04.843092436
70,5043.25,7,5043.5,13:20:04.843092436
70,5043.25,9,5043.5,13:20:04.843092436
70,5043.25,13,5043.5,13:20:04.843092436
70,5043.25,15,5043.5,13:20:04.843092436
70,5043.25,15,5043.5,13:20:04.843187042
70,5043.25,16,5043.5,13:20:04.843209496
70,5043.25,17,5043.5,13:20:04.843218959
70,5043.25,18,5043.5,13:20:04.843229311
76,5043.25,18,5043.5,13:20:04.843265367
76,5043.25,18,5043.5,13:20:04.843312661
76,5043.25,17,5043.5,13:20:04.843369020
76,5043.25,13,5043.5,13:20:04.843573169
76,5043.25,11,5043.5,13:20:04.843580452
76,5043.25,11,5043.5,13:20:04.843607742
70,5043.25,11,5043.5,13:20:04.843825980
70,5043.25,11,5043.5,13:20:04.843840016
70,5043.25,12,5043.5,13:20:04.843975151
70,5043.25,18,5043.5,13:20:04.844696522
70,5043.25,19,5043.5,13:20:04.844792204
70,5043.25,20,5043.5,13:20:04.844803907
70,5043.25,21,5043.5,13:20:04.844813229
70,5043.25,22,5043.5,13:20:04.844911141
70,5043.25,16,5043.5,13:20:04.850767528
70,5043.25,15,5043.5,13:20:04.850774098
70,5043.25,14,5043.5,13:20:04.855033380
70,5043.25,20,5043.5,13:20:04.868791139
69,5043.25,20,5043.5,13:20:04.869452298
69,5043.25,23,5043.5,13:20:04.869520507
69,5043.25,24,5043.5,13:20:04.869529448
69,5043.25,25,5043.5,13:20:04.869544825
69,5043.25,26,5043.5,13:20:04.869550316
69,5043.25,27,5043.5,13:20:04.869558499
69,5043.25,28,5043.5,13:20:04.869574009
69,5043.25,27,5043.5,13:20:04.869581644
69,5043.25,24,5043.5,13:20:04.869622935
69,5043.25,23,5043.5,13:20:04.869633185
69,5043.25,24,5043.5,13:20:04.869651739
69,5043.25,25,5043.5,13:20:04.869658801
69,5043.25,24,5043.5,13:20:04.869677869
69,5043.25,25,5043.5,13:20:04.869919747
69,5043.25,28,5043.5,13:20:04.870006482
69,5043.25,29,5043.5,13:20:04.870017913
68,5043.25,29,5043.5,13:20:04.878107147
67,5043.25,29,5043.5,13:20:04.886114563
67,5043.25,30,5043.5,13:20:04.886164116
66,5043.25,30,5043.5,13:20:04.886332244
66,5043.25,31,5043.5,13:20:04.891644121
66,5043.25,32,5043.5,13:20:04.891654915
66,5043.25,33,5043.5,13:20:04.891663942
66,5043.25,36,5043.5,13:20:04.891674919
66,5043.25,37,5043.5,13:20:04.891749121
66,5043.25,38,5043.5,13:20:04.891788936
66,5043.25,39,5043.5,13:20:04.891835232
66,5043.25,40,5043.5,13:20:04.891895505
66,5043.25,44,5043.5,13:20:04.891930143
65,5043.25,44,5043.5,13:20:04.892035444
65,5043.25,44,5043.5,13:20:04.892046408
54,5043.25,44,5043.5,13:20:04.892058881
53,5043.25,44,5043.5,13:20:04.892070472
52,5043.25,44,5043.5,13:20:04.892127417
51,5043.25,44,5043.5,13:20:04.892167562
51,5043.25,44,5043.5,13:20:04.892271980
50,5043.25,44,5043.5,13:20:04.892370552
50,5043.25,43,5043.5,13:20:04.956828580
50,5043.25,42,5043.5,13:20:04.956912661
50,5043.25,38,5043.5,13:20:04.957296458
50,5043.25,38,5043.5,13:20:05.020180435
50,5043.25,37,5043.5,13:20:05.116089158
50,5043.25,34,5043.5,13:20:05.116199784
50,5043.25,33,5043.5,13:20:05.116293373
50,5043.25,32,5043.5,13:20:05.116302231
61,5043.25,32,5043.5,13:20:05.116393356
62,5043.25,32,5043.5,13:20:05.116485707
62,5043.25,31,5043.5,13:20:05.116493400
62,5043.25,31,5043.5,13:20:05.116508891
61,5043.25,31,5043.5,13:20:05.126605184
61,5043.25,31,5043.5,13:20:05.144641922
61,5043.25,31,5043.5,13:20:05.152860574
61,5043.25,31,5043.5,13:20:05.152891701
61,5043.25,32,5043.5,13:20:05.284286380
61,5043.25,35,5043.5,13:20:05.284562319
61,5043.25,36,5043.5,13:20:05.284568309
61,5043.25,37,5043.5,13:20:05.284573986
61,5043.25,38,5043.5,13:20:05.284580178
61,5043.25,39,5043.5,13:20:05.284587596
61,5043.25,40,5043.5,13:20:05.284648918
50,5043.25,40,5043.5,13:20:05.284695565
50,5043.25,39,5043.5,13:20:05.284701675
50,5043.25,40,5043.5,13:20:05.284706616
50,5043.25,40,5043.5,13:20:05.284955162
50,5043.25,41,5043.5,13:20:05.284970615
50,5043.25,43,5043.5,13:20:05.285058918
50,5043.25,42,5043.5,13:20:05.285155179
50,5043.25,43,5043.5,13:20:05.293026237
50,5043.25,44,5043.5,13:20:05.293113845
50,5043.25,55,5043.5,13:20:05.293207517
49,5043.25,55,5043.5,13:20:05.293215402
48,5043.25,55,5043.5,13:20:05.293292120
48,5043.25,56,5043.5,13:20:05.293315794
47,5043.25,56,5043.5,13:20:05.293377290
46,5043.25,56,5043.5,13:20:05.293385130
45,5043.25,56,5043.5,13:20:05.293453500
45,5043.25,56,5043.5,13:20:05.293453500
44,5043.25,56,5043.5,13:20:05.293472457
43,5043.25,56,5043.5,13:20:05.293481855
44,5043.25,56,5043.5,13:20:05.301197057
44,5043.25,55,5043.5,13:20:05.301247727
43,5043.25,55,5043.5,13:20:05.301557413
44,5043.25,55,5043.5,13:20:05.379308317
43,5043.25,55,5043.5,13:20:05.432476819
44,5043.25,55,5043.5,13:20:05.521783446
45,5043.25,55,5043.5,13:20:05.522077663
45,5043.25,55,5043.5,13:20:05.522951988
45,5043.25,55,5043.5,13:20:05.522991678
45,5043.25,55,5043.5,13:20:05.523058905
46,5043.25,55,5043.5,13:20:05.557680911
47,5043.25,55,5043.5,13:20:05.557784139
47,5043.25,44,5043.5,13:20:05.557883219
47,5043.25,43,5043.5,13:20:05.557978504
47,5043.25,42,5043.5,13:20:05.558075149
47,5043.25,40,5043.5,13:20:05.558081124
47,5043.25,39,5043.5,13:20:05.558182195
47,5043.25,38,5043.5,13:20:05.558188406
47,5043.25,37,5043.5,13:20:05.558194118
47,5043.25,36,5043.5,13:20:05.558205930
47,5043.25,36,5043.5,13:20:05.558252788
47,5043.25,35,5043.5,13:20:05.558281739
48,5043.25,35,5043.5,13:20:05.558290142
59,5043.25,35,5043.5,13:20:05.558297423
60,5043.25,35,5043.5,13:20:05.558382246
60,5043.25,34,5043.5,13:20:05.558388079
60,5043.25,31,5043.5,13:20:05.558404893
60,5043.25,31,5043.5,13:20:05.558435166
60,5043.25,31,5043.5,13:20:05.558456760
61,5043.25,31,5043.5,13:20:05.558486066
61,5043.25,32,5043.5,13:20:05.560812372
61,5043.25,33,5043.5,13:20:05.560833035
61,5043.25,36,5043.5,13:20:05.560900317
60,5043.25,36,5043.5,13:20:05.568497906
60,5043.25,37,5043.5,13:20:05.568583246
60,5043.25,36,5043.5,13:20:05.598180674
60,5043.25,37,5043.5,13:20:05.640912603
60,5043.25,36,5043.5,13:20:05.649681534
60,5043.25,39,5043.5,13:20:05.687615831
60,5043.25,40,5043.5,13:20:05.687712518
60,5043.25,40,5043.5,13:20:05.688575319
60,5043.25,40,5043.5,13:20:05.834614653
60,5043.25,40,5043.5,13:20:05.834614653
61,5043.25,40,5043.5,13:20:06.018025298
61,5043.25,39,5043.5,13:20:06.018128344
61,5043.25,38,5043.5,13:20:06.018143055
61,5043.25,37,5043.5,13:20:06.018239089
61,5043.25,34,5043.5,13:20:06.018247115
61,5043.25,33,5043.5,13:20:06.018347753
61,5043.25,34,5043.5,13:20:06.139686241
61,5043.25,37,5043.5,13:20:06.139773251
61,5043.25,36,5043.5,13:20:06.283042471
61,5043.25,33,5043.5,13:20:06.283048951
61,5043.25,33,5043.5,13:20:06.283158826
61,5043.25,34,5043.5,13:20:06.283579669
61,5043.25,37,5043.5,13:20:06.283664407
61,5043.25,36,5043.5,13:20:06.291288385
61,5043.25,33,5043.5,13:20:06.291404582
61,5043.25,32,5043.5,13:20:06.425383590
61,5043.25,29,5043.5,13:20:06.425462206
61,5043.25,28,5043.5,13:20:06.425472155
61,5043.25,22,5043.5,13:20:06.425668604
62,5043.25,22,5043.5,13:20:06.425755527
62,5043.25,22,5043.5,13:20:06.433957654
62,5043.25,22,5043.5,13:20:06.433957654
63,5043.25,22,5043.5,13:20:06.440938348
63,5043.25,19,5043.5,13:20:06.441056664
63,5043.25,18,5043.5,13:20:06.441063362
63,5043.25,16,5043.5,13:20:06.441071458
64,5043.25,16,5043.5,13:20:06.441170263
64,5043.25,15,5043.5,13:20:06.441178250
64,5043.25,15,5043.5,13:20:06.441216309
64,5043.25,15,5043.5,13:20:06.441503289
63,5043.25,15,5043.5,13:20:06.441619738
62,5043.25,15,5043.5,13:20:06.441657735
62,5043.25,21,5043.5,13:20:06.441733145
62,5043.25,22,5043.5,13:20:06.441828430
62,5043.25,25,5043.5,13:20:06.441834583
62,5043.25,27,5043.5,13:20:06.441839444
62,5043.25,26,5043.5,13:20:06.449636869
62,5043.25,23,5043.5,13:20:06.449642917
62,5043.25,21,5043.5,13:20:06.449649109
62,5043.25,15,5043.5,13:20:06.449740925
63,5043.25,15,5043.5,13:20:06.449841958
62,5043.25,15,5043.5,13:20:06.452371330
62,5043.25,21,5043.5,13:20:06.452573868
62,5043.25,22,5043.5,13:20:06.452579485
62,5043.25,25,5043.5,13:20:06.452589222
62,5043.25,27,5043.5,13:20:06.452595920
62,5043.25,29,5043.5,13:20:06.464262837
62,5043.25,31,5043.5,13:20:06.464271781
62,5043.25,32,5043.5,13:20:06.464358563
62,5043.25,30,5043.5,13:20:06.464850064
62,5043.25,28,5043.5,13:20:06.464859450
62,5043.25,27,5043.5,13:20:06.474474085
62,5043.25,29,5043.5,13:20:06.616498845
62,5043.25,31,5043.5,13:20:06.616506240
62,5043.25,32,5043.5,13:20:06.626712711
62,5043.25,32,5043.5,13:20:06.627003530
62,5043.25,31,5043.5,13:20:06.645567488
62,5043.25,29,5043.5,13:20:06.645789374
62,5043.25,27,5043.5,13:20:06.645798379
62,5043.25,29,5043.5,13:20:06.646416225
62,5043.25,31,5043.5,13:20:06.646422004
62,5043.25,29,5043.5,13:20:06.728060750
62,5043.25,27,5043.5,13:20:06.728067374
62,5043.25,27,5043.5,13:20:06.728397861
62,5043.25,29,5043.5,13:20:06.932971813
62,5043.25,31,5043.5,13:20:06.932978239
62,5043.25,32,5043.5,13:20:06.933432338
62,5043.25,33,5043.5,13:20:06.933533373
62,5043.25,36,5043.5,13:20:06.933626377
62,5043.25,36,5043.5,13:20:06.933724107
62,5043.25,37,5043.5,13:20:06.933731426
62,5043.25,37,5043.5,13:20:06.943365060
62,5043.25,36,5043.5,13:20:06.943846055
62,5043.25,37,5043.5,13:20:06.968857615
62,5043.25,38,5043.5,13:20:06.968951393
62,5043.25,39,5043.5,13:20:06.969174796
62,5043.25,39,5043.5,13:20:06.969327103
62,5043.25,38,5043.5,13:20:06.975745680
62,5043.25,37,5043.5,13:20:06.976009247
62,5043.25,38,5043.5,13:20:06.978855653
62,5043.25,39,5043.5,13:20:06.979017704
62,5043.25,38,5043.5,13:20:06.979457057
62,5043.25,52,5043.5,13:20:07.019027076
62,5043.25,53,5043.5,13:20:07.019121188
51,5043.25,53,5043.5,13:20:07.019131038
51,5043.25,54,5043.5,13:20:07.019143851
50,5043.25,54,5043.5,13:20:07.019148692
49,5043.25,54,5043.5,13:20:07.019249110
48,5043.25,54,5043.5,13:20:07.019254150
47,5043.25,54,5043.5,13:20:07.019265437
46,5043.25,54,5043.5,13:20:07.019371599
45,5043.25,54,5043.5,13:20:07.019379267
45,5043.25,54,5043.5,13:20:07.019419357
44,5043.25,54,5043.5,13:20:07.019494846
43,5043.25,54,5043.5,13:20:07.019605668
42,5043.25,54,5043.5,13:20:07.019614202
42,5043.25,55,5043.5,13:20:07.019719504
42,5043.25,56,5043.5,13:20:07.019817912
41,5043.25,56,5043.5,13:20:07.031783792
41,5043.25,56,5043.5,13:20:07.031799373
41,5043.25,56,5043.5,13:20:07.040135832
41,5043.25,56,5043.5,13:20:07.040135832
41,5043.25,55,5043.5,13:20:07.178526125
42,5043.25,55,5043.5,13:20:07.178579016
43,5043.25,55,5043.5,13:20:07.178588225
42,5043.25,55,5043.5,13:20:07.178743797
38,5043.25,55,5043.5,13:20:07.179015646
38,5043.25,55,5043.5,13:20:07.179015646
37,5043.25,55,5043.5,13:20:07.179097701
37,5043.25,55,5043.5,13:20:07.180295681
37,5043.25,55,5043.5,13:20:07.180330757
37,5043.25,55,5043.5,13:20:07.180361964
38,5043.25,55,5043.5,13:20:07.186628938
37,5043.25,55,5043.5,13:20:07.192491728
37,5043.25,55,5043.5,13:20:07.383006358
37,5043.25,66,5043.5,13:20:07.430128341
37,5043.25,67,5043.5,13:20:07.430213562
37,5043.25,68,5043.5,13:20:07.430224679
34,5043.25,68,5043.5,13:20:07.430335017
34,5043.25,68,5043.5,13:20:07.430493168
34,5043.25,68,5043.5,13:20:07.430532260
34,5043.25,67,5043.5,13:20:07.440341078
28,5043.25,67,5043.5,13:20:07.505567681
27,5043.25,67,5043.5,13:20:07.505674206
26,5043.25,67,5043.5,13:20:07.506581174
26,5043.25,67,5043.5,13:20:07.506675828
27,5043.25,67,5043.5,13:20:07.523550904
28,5043.25,67,5043.5,13:20:07.523556156
31,5043.25,67,5043.5,13:20:07.523562044
37,5043.25,67,5043.5,13:20:07.523574441
38,5043.25,67,5043.5,13:20:07.523667128
39,5043.25,67,5043.5,13:20:07.523674504
40,5043.25,67,5043.5,13:20:07.523753693
40,5043.25,56,5043.5,13:20:07.523851740
40,5043.25,56,5043.5,13:20:07.523934945
40,5043.25,56,5043.5,13:20:07.523959934
40,5043.25,56,5043.5,13:20:07.524099976
40,5043.25,56,5043.5,13:20:07.524134280
40,5043.25,56,5043.5,13:20:07.524143551
41,5043.25,56,5043.5,13:20:07.532108895
52,5043.25,56,5043.5,13:20:07.532197780
53,5043.25,56,5043.5,13:20:07.532291526
54,5043.25,56,5043.5,13:20:07.532297577
54,5043.25,56,5043.5,13:20:07.532523240
54,5043.25,55,5043.5,13:20:07.540620587
54,5043.25,54,5043.5,13:20:07.540730080
54,5043.25,54,5043.5,13:20:07.541840535
54,5043.25,54,5043.5,13:20:07.541840535
53,5043.25,54,5043.5,13:20:07.542399291
53,5043.25,55,5043.5,13:20:07.543674860
53,5043.25,56,5043.5,13:20:07.894287742
53,5043.25,56,5043.5,13:20:08.034975835
54,5043.25,56,5043.5,13:20:08.034996629
54,5043.25,55,5043.5,13:20:08.082261991
54,5043.25,55,5043.5,13:20:08.171817440
54,5043.25,55,5043.5,13:20:08.171863016
54,5043.25,55,5043.5,13:20:08.171934243
54,5043.25,54,5043.5,13:20:08.235434220
55,5043.25,54,5043.5,13:20:08.235531748
55,5043.25,53,5043.5,13:20:08.235565192
55,5043.25,52,5043.5,13:20:08.246968424
55,5043.25,51,5043.5,13:20:08.247065516
55,5043.25,48,5043.5,13:20:08.247169426
55,5043.25,49,5043.5,13:20:08.350782295
55,5043.25,48,5043.5,13:20:08.358995587
55,5043.25,46,5043.5,13:20:08.656227071
55,5043.25,44,5043.5,13:20:08.656252736
55,5043.25,43,5043.5,13:20:08.656330968
56,5043.25,43,5043.5,13:20:08.656364556
56,5043.25,42,5043.5,13:20:08.656435696
56,5043.25,36,5043.5,13:20:08.656470644
58,5043.25,36,5043.5,13:20:08.656576134
58,5043.25,35,5043.5,13:20:08.656582535
59,5043.25,35,5043.5,13:20:08.656946046
59,5043.25,35,5043.5,13:20:08.657075466
59,5043.25,32,5043.5,13:20:08.664791945
59,5043.25,30,5043.5,13:20:08.664798527
59,5043.25,29,5043.5,13:20:08.664805891
59,5043.25,29,5043.5,13:20:08.665379266
59,5043.25,29,5043.5,13:20:08.668860117
59,5043.25,29,5043.5,13:20:08.668887519
59,5043.25,29,5043.5,13:20:08.669326254
59,5043.25,29,5043.5,13:20:08.669326254
60,5043.25,29,5043.5,13:20:08.705484337
60,5043.25,41,5043.5,13:20:08.841851935
60,5043.25,42,5043.5,13:20:08.841963320
60,5043.25,45,5043.5,13:20:08.841969224
60,5043.25,48,5043.5,13:20:08.841974977
58,5043.25,48,5043.5,13:20:08.841983979
58,5043.25,51,5043.5,13:20:08.842001525
58,5043.25,52,5043.5,13:20:08.842012508
58,5043.25,49,5043.5,13:20:08.842020380
58,5043.25,48,5043.5,13:20:08.842074438
57,5043.25,48,5043.5,13:20:08.842136498
57,5043.25,50,5043.5,13:20:08.842161509
57,5043.25,51,5043.5,13:20:08.842175356
57,5043.25,52,5043.5,13:20:08.842218851
57,5043.25,53,5043.5,13:20:08.842696816
57,5043.25,54,5043.5,13:20:08.842808431
57,5043.25,53,5043.5,13:20:08.843074945
57,5043.25,59,5043.5,13:20:08.850655604
57,5043.25,60,5043.5,13:20:08.850765817
57,5043.25,61,5043.5,13:20:08.850771552
57,5043.25,60,5043.5,13:20:08.950264314
57,5043.25,54,5043.5,13:20:08.950270627
57,5043.25,55,5043.5,13:20:08.950386783
57,5043.25,54,5043.5,13:20:08.950392387
57,5043.25,53,5043.5,13:20:08.950399264
57,5043.25,54,5043.5,13:20:08.950582829
57,5043.25,53,5043.5,13:20:08.958540385
57,5043.25,52,5043.5,13:20:08.958639145
57,5043.25,53,5043.5,13:20:08.959297961
57,5043.25,54,5043.5,13:20:08.959305834
57,5043.25,53,5043.5,13:20:08.970710873
57,5043.25,52,5043.5,13:20:08.970716713
57,5043.25,53,5043.5,13:20:08.973779639
57,5043.25,54,5043.5,13:20:08.973875560
57,5043.25,55,5043.5,13:20:08.973884280
57,5043.25,56,5043.5,13:20:08.973972229
57,5043.25,62,5043.5,13:20:08.973978165
57,5043.25,63,5043.5,13:20:08.974087389
57,5043.25,64,5043.5,13:20:08.974105044
57,5043.25,65,5043.5,13:20:08.974109937
46,5043.25,65,5043.5,13:20:08.974203964
46,5043.25,59,5043.5,13:20:08.980845813
46,5043.25,58,5043.5,13:20:08.980856859
46,5043.25,57,5043.5,13:20:08.980953211
46,5043.25,56,5043.5,13:20:08.981120366
46,5043.25,55,5043.5,13:20:08.981133938
46,5043.25,53,5043.5,13:20:08.981139003
46,5043.25,52,5043.5,13:20:08.981231165
46,5043.25,52,5043.5,13:20:08.982945017
47,5043.25,52,5043.5,13:20:08.982952647
47,5043.25,52,5043.5,13:20:08.982952647
47,5043.25,51,5043.5,13:20:08.984205913
58,5043.25,51,5043.5,13:20:09.000787620
58,5043.25,48,5043.5,13:20:09.000875619
59,5043.25,48,5043.5,13:20:09.000892125
59,5043.25,47,5043.5,13:20:09.000897987
59,5043.25,44,5043.5,13:20:09.000904698
60,5043.25,44,5043.5,13:20:09.000923012
62,5043.25,44,5043.5,13:20:09.000938488
60,5043.25,44,5043.5,13:20:09.001077415
59,5043.25,44,5043.5,13:20:09.011008003
61,5043.25,44,5043.5,13:20:09.172632654
61,5043.25,44,5043.5,13:20:09.173621177
62,5043.25,44,5043.5,13:20:09.173663129
60,5043.25,44,5043.5,13:20:09.174474698
60,5043.25,42,5043.5,13:20:09.181768387
62,5043.25,42,5043.5,13:20:09.181806010
62,5043.25,26,5043.5,13:20:09.182312943
62,5043.25,23,5043.5,13:20:09.182312943
62,5043.25,20,5043.5,13:20:09.182312943
62,5043.25,17,5043.5,13:20:09.182312943
62,5043.25,14,5043.5,13:20:09.182401879
62,5043.25,10,5043.5,13:20:09.182401879
62,5043.25,8,5043.5,13:20:09.182401879
62,5043.25,5,5043.5,13:20:09.182401879
62,5043.25,4,5043.5,13:20:09.182857856
62,5043.25,3,5043.5,13:20:09.182857856
62,5043.25,3,5043.5,13:20:09.182857856
62,5043.25,80,5043.75,13:20:09.182857856
62,5043.25,80,5043.75,13:20:09.182857856
60,5043.25,80,5043.75,13:20:09.182857856
1,5043.5,80,5043.75,13:20:09.182872273
2,5043.5,80,5043.75,13:20:09.182872273
3,5043.5,80,5043.75,13:20:09.182885050
3,5043.5,80,5043.75,13:20:09.182893994
4,5043.5,80,5043.75,13:20:09.182901793
5,5043.5,80,5043.75,13:20:09.182921915
6,5043.5,80,5043.75,13:20:09.182921915
8,5043.5,80,5043.75,13:20:09.182936488
9,5043.5,80,5043.75,13:20:09.182951176
10,5043.5,80,5043.75,13:20:09.182951176
11,5043.5,80,5043.75,13:20:09.182951176
11,5043.5,80,5043.75,13:20:09.182963781
12,5043.5,80,5043.75,13:20:09.182985763
15,5043.5,80,5043.75,13:20:09.182985763
19,5043.5,80,5043.75,13:20:09.182985763
19,5043.5,80,5043.75,13:20:09.182985763
21,5043.5,80,5043.75,13:20:09.182985763
23,5043.5,80,5043.75,13:20:09.182985763
24,5043.5,80,5043.75,13:20:09.182985763
26,5043.5,80,5043.75,13:20:09.182985763
27,5043.5,80,5043.75,13:20:09.182985763
28,5043.5,80,5043.75,13:20:09.182999749
29,5043.5,80,5043.75,13:20:09.182999749
30,5043.5,80,5043.75,13:20:09.182999749
30,5043.5,79,5043.75,13:20:09.183011267
31,5043.5,79,5043.75,13:20:09.183011267
33,5043.5,79,5043.75,13:20:09.183011267
33,5043.5,79,5043.75,13:20:09.183024183
34,5043.5,79,5043.75,13:20:09.183024183
35,5043.5,79,5043.75,13:20:09.183024183
36,5043.5,79,5043.75,13:20:09.183024183
36,5043.5,79,5043.75,13:20:09.183036349
36,5043.5,79,5043.75,13:20:09.183036349
37,5043.5,79,5043.75,13:20:09.183036349
38,5043.5,79,5043.75,13:20:09.183036349
38,5043.5,79,5043.75,13:20:09.183048580
39,5043.5,79,5043.75,13:20:09.183048580
39,5043.5,79,5043.75,13:20:09.183068330
39,5043.5,79,5043.75,13:20:09.183092862
40,5043.5,79,5043.75,13:20:09.183092862
38,5043.5,79,5043.75,13:20:09.183092862
37,5043.5,79,5043.75,13:20:09.183092862
33,5043.5,79,5043.75,13:20:09.183092862
31,5043.5,79,5043.75,13:20:09.183092862
32,5043.5,79,5043.75,13:20:09.183092862
32,5043.5,79,5043.75,13:20:09.183092862
33,5043.5,79,5043.75,13:20:09.183092862
33,5043.5,79,5043.75,13:20:09.183092862
33,5043.5,79,5043.75,13:20:09.183095745
39,5043.5,79,5043.75,13:20:09.183137093
39,5043.5,79,5043.75,13:20:09.183141964
40,5043.5,79,5043.75,13:20:09.183153420
40,5043.5,78,5043.75,13:20:09.183179843
39,5043.5,78,5043.75,13:20:09.183188317
39,5043.5,78,5043.75,13:20:09.183196557
39,5043.5,78,5043.75,13:20:09.183243003
39,5043.5,78,5043.75,13:20:09.183249009
39,5043.5,78,5043.75,13:20:09.183269800
39,5043.5,78,5043.75,13:20:09.183344653
39,5043.5,78,5043.75,13:20:09.183344653
39,5043.5,78,5043.75,13:20:09.183365511
39,5043.5,78,5043.75,13:20:09.183378842
40,5043.5,78,5043.75,13:20:09.183413323
40,5043.5,77,5043.75,13:20:09.183450741
40,5043.5,77,5043.75,13:20:09.183594411
40,5043.5,77,5043.75,13:20:09.183606121
40,5043.5,77,5043.75,13:20:09.183606121
40,5043.5,77,5043.75,13:20:09.183725313
38,5043.5,77,5043.75,13:20:09.184010209
41,5043.5,77,5043.75,13:20:09.184010209
42,5043.5,77,5043.75,13:20:09.184010209
42,5043.5,77,5043.75,13:20:09.184010209
42,5043.5,77,5043.75,13:20:09.184010209
39,5043.5,77,5043.75,13:20:09.184076581
38,5043.5,77,5043.75,13:20:09.184094345
32,5043.5,77,5043.75,13:20:09.184115519
31,5043.5,77,5043.75,13:20:09.184122310
30,5043.5,77,5043.75,13:20:09.184128873
30,5043.5,78,5043.75,13:20:09.184135328
36,5043.5,78,5043.75,13:20:09.184939302
39,5043.5,78,5043.75,13:20:09.185024994
40,5043.5,78,5043.75,13:20:09.185035317
37,5043.5,78,5043.75,13:20:09.185055986
36,5043.5,78,5043.75,13:20:09.185062060
30,5043.5,78,5043.75,13:20:09.185765178
31,5043.5,78,5043.75,13:20:09.185980997
30,5043.5,78,5043.75,13:20:09.185988885
31,5043.5,78,5043.75,13:20:09.190664906
30,5043.5,78,5043.75,13:20:09.190769590
29,5043.5,78,5043.75,13:20:09.190819133
29,5043.5,78,5043.75,13:20:09.190976307
29,5043.5,78,5043.75,13:20:09.192913793
31,5043.5,78,5043.75,13:20:09.195192159
31,5043.5,78,5043.75,13:20:09.195911220
31,5043.5,78,5043.75,13:20:09.195911220
33,5043.5,78,5043.75,13:20:09.215413578
35,5043.5,78,5043.75,13:20:09.215419991
36,5043.5,78,5043.75,13:20:09.215510751
42,5043.5,78,5043.75,13:20:09.222938168
40,5043.5,78,5043.75,13:20:09.223025565
38,5043.5,78,5043.75,13:20:09.223034077
39,5043.5,78,5043.75,13:20:09.223040762
41,5043.5,78,5043.75,13:20:09.223500202
43,5043.5,78,5043.75,13:20:09.223506307
41,5043.5,78,5043.75,13:20:09.223581803
39,5043.5,78,5043.75,13:20:09.223594277
45,5043.5,78,5043.75,13:20:09.223610629
45,5043.5,78,5043.75,13:20:09.223818365
46,5043.5,78,5043.75,13:20:09.234047742
46,5043.5,67,5043.75,13:20:09.252412385
48,5043.5,67,5043.75,13:20:09.252499273
50,5043.5,67,5043.75,13:20:09.252508467
51,5043.5,67,5043.75,13:20:09.252520438
52,5043.5,67,5043.75,13:20:09.252585236
53,5043.5,67,5043.75,13:20:09.252614654
54,5043.5,67,5043.75,13:20:09.252621115
55,5043.5,67,5043.75,13:20:09.252665359
55,5043.5,66,5043.75,13:20:09.252969670
55,5043.5,62,5043.75,13:20:09.253043591
49,5043.5,62,5043.75,13:20:09.263778368
48,5043.5,62,5043.75,13:20:09.263867928
47,5043.5,62,5043.75,13:20:09.263875397
47,5043.5,62,5043.75,13:20:09.264522568
47,5043.5,62,5043.75,13:20:09.265228941
47,5043.5,62,5043.75,13:20:09.266318483
47,5043.5,62,5043.75,13:20:09.300949447
47,5043.5,62,5043.75,13:20:09.300954621
47,5043.5,62,5043.75,13:20:09.300966852
47,5043.5,56,5043.75,13:20:09.321891344
47,5043.5,56,5043.75,13:20:09.321918561
47,5043.5,56,5043.75,13:20:09.321924856
47,5043.5,56,5043.75,13:20:09.321931281
48,5043.5,56,5043.75,13:20:09.321942542
49,5043.5,56,5043.75,13:20:09.321950680
50,5043.5,56,5043.75,13:20:09.321961263
50,5043.5,57,5043.75,13:20:09.321998006
61,5043.5,57,5043.75,13:20:09.322022105
61,5043.5,56,5043.75,13:20:09.322065844
62,5043.5,56,5043.75,13:20:09.322109803
61,5043.5,56,5043.75,13:20:09.332221793
61,5043.5,57,5043.75,13:20:09.345174480
59,5043.5,57,5043.75,13:20:09.345312796
57,5043.5,57,5043.75,13:20:09.345417675
56,5043.5,57,5043.75,13:20:09.350903898
56,5043.5,58,5043.75,13:20:09.358334367
55,5043.5,58,5043.75,13:20:09.358416241
44,5043.5,58,5043.75,13:20:09.358505042
38,5043.5,58,5043.75,13:20:09.358610555
37,5043.5,58,5043.75,13:20:09.437521065
36,5043.5,58,5043.75,13:20:09.444240042
42,5043.5,58,5043.75,13:20:09.470544067
53,5043.5,58,5043.75,13:20:09.473293396
56,5043.5,58,5043.75,13:20:09.473382259
58,5043.5,58,5043.75,13:20:09.473401030
59,5043.5,58,5043.75,13:20:09.473406726
60,5043.5,58,5043.75,13:20:09.473411901
57,5043.5,58,5043.75,13:20:09.473444375
55,5043.5,58,5043.75,13:20:09.473453323
54,5043.5,58,5043.75,13:20:09.473489371
57,5043.5,58,5043.75,13:20:09.474769263
59,5043.5,58,5043.75,13:20:09.474776859
60,5043.5,58,5043.75,13:20:09.474790383
60,5043.5,57,5043.75,13:20:09.474814323
61,5043.5,57,5043.75,13:20:09.475320589
59,5043.5,57,5043.75,13:20:09.475326183
59,5043.5,56,5043.75,13:20:09.475434348
60,5043.5,56,5043.75,13:20:09.475548132
60,5043.5,56,5043.75,13:20:09.475805629
60,5043.5,57,5043.75,13:20:09.508165690
58,5043.5,57,5043.75,13:20:09.508380404
57,5043.5,57,5043.75,13:20:09.508916162
54,5043.5,57,5043.75,13:20:09.509024078
53,5043.5,57,5043.75,13:20:09.509653425
52,5043.5,57,5043.75,13:20:09.509742937
52,5043.5,61,5043.75,13:20:09.509840175
41,5043.5,61,5043.75,13:20:09.509937549
35,5043.5,61,5043.75,13:20:09.510026278
35,5043.5,61,5043.75,13:20:09.519075078
32,5043.5,61,5043.75,13:20:09.524183334
31,5043.5,61,5043.75,13:20:09.524291823
30,5043.5,61,5043.75,13:20:09.524406670
30,5043.5,61,5043.75,13:20:09.602289325
36,5043.5,61,5043.75,13:20:09.613077639
39,5043.5,61,5043.75,13:20:09.613175906
41,5043.5,61,5043.75,13:20:09.613183279
42,5043.5,61,5043.75,13:20:09.613282366
39,5043.5,61,5043.75,13:20:09.613287219
37,5043.5,61,5043.75,13:20:09.613352953
38,5043.5,61,5043.75,13:20:09.613404736
37,5043.5,61,5043.75,13:20:09.613437255
37,5043.5,57,5043.75,13:20:09.613541152
40,5043.5,57,5043.75,13:20:09.621636982
42,5043.5,57,5043.75,13:20:09.621643331
53,5043.5,57,5043.75,13:20:09.621661514
54,5043.5,57,5043.75,13:20:09.621719592
55,5043.5,57,5043.75,13:20:09.621755382
54,5043.5,57,5043.75,13:20:09.631873861
54,5043.5,57,5043.75,13:20:09.683501855
54,5043.5,58,5043.75,13:20:09.683599256
53,5043.5,58,5043.75,13:20:09.683683331
51,5043.5,58,5043.75,13:20:09.693821491
48,5043.5,58,5043.75,13:20:09.693994832
49,5043.5,58,5043.75,13:20:09.717490979
52,5043.5,58,5043.75,13:20:09.717579045
54,5043.5,58,5043.75,13:20:09.717594680
54,5043.5,57,5043.75,13:20:09.717689178
52,5043.5,57,5043.75,13:20:09.830566283
53,5043.5,57,5043.75,13:20:09.830805219
54,5043.5,57,5043.75,13:20:09.830816819
55,5043.5,57,5043.75,13:20:09.830929477
56,5043.5,57,5043.75,13:20:09.916191026
57,5043.5,57,5043.75,13:20:09.916277636
58,5043.5,57,5043.75,13:20:09.916370029
58,5043.5,51,5043.75,13:20:09.916549120
58,5043.5,49,5043.75,13:20:09.916655337
58,5043.5,48,5043.75,13:20:09.916763012
58,5043.5,45,5043.75,13:20:09.916778274
58,5043.5,44,5043.75,13:20:09.917846579
58,5043.5,43,5043.75,13:20:09.917999962
58,5043.5,44,5043.75,13:20:09.918111760
58,5043.5,44,5043.75,13:20:09.918950278
58,5043.5,43,5043.75,13:20:09.925557350
58,5043.5,42,5043.75,13:20:09.925604029
59,5043.5,42,5043.75,13:20:09.925963172
60,5043.5,42,5043.75,13:20:09.926071178
60,5043.5,41,5043.75,13:20:09.926581102
60,5043.5,41,5043.75,13:20:09.926587086
60,5043.5,40,5043.75,13:20:09.926599208
60,5043.5,39,5043.75,13:20:09.926610334
60,5043.5,38,5043.75,13:20:09.926616885
60,5043.5,37,5043.75,13:20:09.926622862
63,5043.5,37,5043.75,13:20:09.926644649
63,5043.5,36,5043.75,13:20:09.926695011
63,5043.5,34,5043.75,13:20:09.926708615
63,5043.5,32,5043.75,13:20:09.926730663
63,5043.5,31,5043.75,13:20:09.926799647
63,5043.5,30,5043.75,13:20:09.926805471
63,5043.5,29,5043.75,13:20:09.926812133
63,5043.5,27,5043.75,13:20:09.926842380
63,5043.5,26,5043.75,13:20:09.926906992
63,5043.5,26,5043.75,13:20:09.926969400
63,5043.5,26,5043.75,13:20:09.926969400
63,5043.5,26,5043.75,13:20:09.926976994
65,5043.5,26,5043.75,13:20:09.927095182
65,5043.5,25,5043.75,13:20:09.927263314
66,5043.5,25,5043.75,13:20:09.927297552
66,5043.5,25,5043.75,13:20:09.927297552
66,5043.5,24,5043.75,13:20:09.927485702
66,5043.5,24,5043.75,13:20:09.927485702
66,5043.5,24,5043.75,13:20:09.927485702
66,5043.5,23,5043.75,13:20:09.927485702
67,5043.5,23,5043.75,13:20:09.927485702
68,5043.5,23,5043.75,13:20:09.927485702
69,5043.5,23,5043.75,13:20:09.927489942
69,5043.5,22,5043.75,13:20:09.927514564
70,5043.5,22,5043.75,13:20:09.927542555
71,5043.5,22,5043.75,13:20:09.927616697
75,5043.5,22,5043.75,13:20:09.927805315
75,5043.5,22,5043.75,13:20:09.927805315
76,5043.5,22,5043.75,13:20:09.927811895
76,5043.5,22,5043.75,13:20:09.927811895
76,5043.5,22,5043.75,13:20:09.928119178
76,5043.5,22,5043.75,13:20:09.928119178
86,5043.5,22,5043.75,13:20:09.929987910
87,5043.5,22,5043.75,13:20:09.930070762
87,5043.5,21,5043.75,13:20:09.930096164
87,5043.5,21,5043.75,13:20:09.932950047
87,5043.5,18,5043.75,13:20:09.939275677
87,5043.5,65,5044.0,13:20:09.939674512
87,5043.5,65,5044.0,13:20:09.939674512
2,5043.75,65,5044.0,13:20:09.939674512
3,5043.75,65,5044.0,13:20:09.939674512
4,5043.75,65,5044.0,13:20:09.939674512
4,5043.75,65,5044.0,13:20:09.939674512
6,5043.75,65,5044.0,13:20:09.939674512
6,5043.75,65,5044.0,13:20:09.939674512
6,5043.75,65,5044.0,13:20:09.939674512
8,5043.75,65,5044.0,13:20:09.939684185
9,5043.75,65,5044.0,13:20:09.939684185
10,5043.75,65,5044.0,13:20:09.939690182
13,5043.75,65,5044.0,13:20:09.939825055
17,5043.75,65,5044.0,13:20:09.939834969
18,5043.75,65,5044.0,13:20:09.939840143
20,5043.75,65,5044.0,13:20:09.939848959
22,5043.75,65,5044.0,13:20:09.939870374
23,5043.75,65,5044.0,13:20:09.939875610
23,5043.75,65,5044.0,13:20:09.939896112
23,5043.75,65,5044.0,13:20:09.939903821
23,5043.75,65,5044.0,13:20:09.939909060
25,5043.75,65,5044.0,13:20:09.939929147
26,5043.75,65,5044.0,13:20:09.939935630
26,5043.75,65,5044.0,13:20:09.939946296
27,5043.75,65,5044.0,13:20:09.939951144
27,5043.75,65,5044.0,13:20:09.939963707
27,5043.75,65,5044.0,13:20:09.939968751
28,5043.75,65,5044.0,13:20:09.939981580
28,5043.75,65,5044.0,13:20:09.939991116
28,5043.75,65,5044.0,13:20:09.939997810
28,5043.75,67,5044.0,13:20:09.940010147
29,5043.75,67,5044.0,13:20:09.941016100
29,5043.75,67,5044.0,13:20:09.941038849
30,5043.75,67,5044.0,13:20:09.941059243
31,5043.75,67,5044.0,13:20:09.941073122
32,5043.75,67,5044.0,13:20:09.941080683
32,5043.75,67,5044.0,13:20:09.941087660
32,5043.75,68,5044.0,13:20:09.941105148
32,5043.75,68,5044.0,13:20:09.941117142
32,5043.75,67,5044.0,13:20:09.941123549
32,5043.75,67,5044.0,13:20:09.941123549
32,5043.75,67,5044.0,13:20:09.941143718
32,5043.75,67,5044.0,13:20:09.941158819
31,5043.75,67,5044.0,13:20:09.941162253
30,5043.75,67,5044.0,13:20:09.941167674
30,5043.75,67,5044.0,13:20:09.941191640
30,5043.75,67,5044.0,13:20:09.941191640
30,5043.75,67,5044.0,13:20:09.941200136
30,5043.75,67,5044.0,13:20:09.941217512
30,5043.75,67,5044.0,13:20:09.941231627
26,5043.75,67,5044.0,13:20:09.941236962
24,5043.75,67,5044.0,13:20:09.941243020
24,5043.75,67,5044.0,13:20:09.941256127
24,5043.75,67,5044.0,13:20:09.941256127
21,5043.75,67,5044.0,13:20:09.941261452
20,5043.75,67,5044.0,13:20:09.941275097
18,5043.75,67,5044.0,13:20:09.941281072
18,5043.75,67,5044.0,13:20:09.941287017
18,5043.75,67,5044.0,13:20:09.941297149
18,5043.75,67,5044.0,13:20:09.941297149
18,5043.75,61,5044.0,13:20:09.941309760
18,5043.75,61,5044.0,13:20:09.941367419
16,5043.75,61,5044.0,13:20:09.941398472
14,5043.75,61,5044.0,13:20:09.941473770
13,5043.75,61,5044.0,13:20:09.941480388
12,5043.75,61,5044.0,13:20:09.941690138
11,5043.75,61,5044.0,13:20:09.942003679
7,5043.75,61,5044.0,13:20:09.942003679
4,5043.75,61,5044.0,13:20:09.942003679
81,5043.5,61,5044.0,13:20:09.942072723
81,5043.5,61,5044.0,13:20:09.942072723
81,5043.5,62,5044.0,13:20:09.942072723
81,5043.5,1,5043.75,13:20:09.942124119
81,5043.5,2,5043.75,13:20:09.942130141
81,5043.5,2,5043.75,13:20:09.942184770
81,5043.5,2,5043.75,13:20:09.942201327
81,5043.5,8,5043.75,13:20:09.942211148
81,5043.5,10,5043.75,13:20:09.942235139
81,5043.5,9,5043.75,13:20:09.942394199
81,5043.5,10,5043.75,13:20:09.942394199
79,5043.5,10,5043.75,13:20:09.942394199
79,5043.5,10,5043.75,13:20:09.942394199
80,5043.5,10,5043.75,13:20:09.942458212
80,5043.5,8,5043.75,13:20:09.942621525
80,5043.5,7,5043.75,13:20:09.942621525
80,5043.5,6,5043.75,13:20:09.942838347
81,5043.5,6,5043.75,13:20:09.942838347
81,5043.5,3,5043.75,13:20:09.942838347
81,5043.5,3,5043.75,13:20:09.942838347
81,5043.5,69,5044.0,13:20:09.942838347
81,5043.5,69,5044.0,13:20:09.942838347
1,5043.75,69,5044.0,13:20:09.942943019
1,5043.75,70,5044.0,13:20:09.942948270
1,5043.75,71,5044.0,13:20:09.942954978
1,5043.75,71,5044.0,13:20:09.942954978
1,5043.75,70,5044.0,13:20:09.943050976
1,5043.75,69,5044.0,13:20:09.943057690
81,5043.5,69,5044.0,13:20:09.943177379
81,5043.5,69,5044.0,13:20:09.943177379
81,5043.5,68,5044.0,13:20:09.943184998
81,5043.5,68,5044.0,13:20:09.943184998
81,5043.5,69,5044.0,13:20:09.943297419
81,5043.5,63,5044.0,13:20:09.943303170
81,5043.5,64,5044.0,13:20:09.943381658
81,5043.5,64,5044.0,13:20:09.943381658
71,5043.5,64,5044.0,13:20:09.946975932
72,5043.5,64,5044.0,13:20:09.947078206
5,5043.75,64,5044.0,13:20:09.948066629
5,5043.75,64,5044.0,13:20:09.948141811
5,5043.75,66,5044.0,13:20:09.948180852
6,5043.75,66,5044.0,13:20:09.948186241
7,5043.75,66,5044.0,13:20:09.948199857
8,5043.75,66,5044.0,13:20:09.948207115
11,5043.75,66,5044.0,13:20:09.948224335
13,5043.75,66,5044.0,13:20:09.948229759
13,5043.75,65,5044.0,13:20:09.948237123
13,5043.75,65,5044.0,13:20:09.948237123
8,5043.75,65,5044.0,13:20:09.948241977
9,5043.75,65,5044.0,13:20:09.948266313
9,5043.75,65,5044.0,13:20:09.948322074
9,5043.75,65,5044.0,13:20:09.948329889
10,5043.75,65,5044.0,13:20:09.948340932
11,5043.75,65,5044.0,13:20:09.948357121
10,5043.75,65,5044.0,13:20:09.948417724
16,5043.75,65,5044.0,13:20:09.948430349
16,5043.75,65,5044.0,13:20:09.949254157
16,5043.75,64,5044.0,13:20:09.949466357
16,5043.75,64,5044.0,13:20:09.949596164
16,5043.75,64,5044.0,13:20:09.949596164
16,5043.75,64,5044.0,13:20:09.949799375
16,5043.75,64,5044.0,13:20:09.951249413
16,5043.75,64,5044.0,13:20:09.952016552
16,5043.75,64,5044.0,13:20:09.952016552
10,5043.75,64,5044.0,13:20:09.955204770
8,5043.75,64,5044.0,13:20:09.955286589
5,5043.75,64,5044.0,13:20:09.955310611
4,5043.75,64,5044.0,13:20:09.955317725
4,5043.75,64,5044.0,13:20:09.956928414
7,5043.75,64,5044.0,13:20:09.957583476
10,5043.75,64,5044.0,13:20:09.957589236
16,5043.75,64,5044.0,13:20:09.957594583
16,5043.75,63,5044.0,13:20:09.957789520
13,5043.75,63,5044.0,13:20:09.958085068
10,5043.75,63,5044.0,13:20:09.958266774
13,5043.75,63,5044.0,13:20:09.988631325
16,5043.75,63,5044.0,13:20:09.988637140
19,5043.75,63,5044.0,13:20:09.988892310
20,5043.75,63,5044.0,13:20:09.988904159
21,5043.75,63,5044.0,13:20:09.988909462
22,5043.75,63,5044.0,13:20:09.989017624
21,5043.75,63,5044.0,13:20:09.989030786
22,5043.75,63,5044.0,13:20:09.989036069
19,5043.75,63,5044.0,13:20:09.989699593
16,5043.75,63,5044.0,13:20:09.989826744
17,5043.75,63,5044.0,13:20:09.989846131
14,5043.75,63,5044.0,13:20:09.989926471
13,5043.75,63,5044.0,13:20:09.990009391
12,5043.75,63,5044.0,13:20:09.990101262
15,5043.75,63,5044.0,13:20:09.997452319
18,5043.75,63,5044.0,13:20:09.997458543
19,5043.75,63,5044.0,13:20:09.997465094
22,5043.75,63,5044.0,13:20:09.997477228
23,5043.75,63,5044.0,13:20:09.997565813
34,5043.75,63,5044.0,13:20:09.997576424
33,5043.75,63,5044.0,13:20:09.997586568
34,5043.75,63,5044.0,13:20:09.997652454
35,5043.75,63,5044.0,13:20:09.997999344
35,5043.75,62,5044.0,13:20:09.998241353
35,5043.75,62,5044.0,13:20:09.998241353
36,5043.75,62,5044.0,13:20:10.006581396
39,5043.75,62,5044.0,13:20:10.006587265
41,5043.75,62,5044.0,13:20:10.006599358
41,5043.75,49,5044.0,13:20:10.006609038
42,5043.75,49,5044.0,13:20:10.006666431
39,5043.75,49,5044.0,13:20:10.006689676
37,5043.75,49,5044.0,13:20:10.006695481
38,5043.75,49,5044.0,13:20:10.006705434
39,5043.75,49,5044.0,13:20:10.006726170
39,5043.75,48,5044.0,13:20:10.006735492
40,5043.75,48,5044.0,13:20:10.006740778
40,5043.75,47,5044.0,13:20:10.006745575
40,5043.75,46,5044.0,13:20:10.006758910
40,5043.75,45,5044.0,13:20:10.006775169
40,5043.75,44,5044.0,13:20:10.006831881
43,5043.75,44,5044.0,13:20:10.006841350
45,5043.75,44,5044.0,13:20:10.006848649
46,5043.75,44,5044.0,13:20:10.006915166
47,5043.75,44,5044.0,13:20:10.006927876
46,5043.75,44,5044.0,13:20:10.006949061
45,5043.75,44,5044.0,13:20:10.007035315
44,5043.75,44,5044.0,13:20:10.007048404
44,5043.75,44,5044.0,13:20:10.009246596
44,5043.75,44,5044.0,13:20:10.009246596
44,5043.75,44,5044.0,13:20:10.016771224
44,5043.75,44,5044.0,13:20:10.017774665
44,5043.75,44,5044.0,13:20:10.017872595
44,5043.75,44,5044.0,13:20:10.018531522
44,5043.75,44,5044.0,13:20:10.018540626
45,5043.75,44,5044.0,13:20:10.019445806
45,5043.75,44,5044.0,13:20:10.020638537
45,5043.75,44,5044.0,13:20:10.020638537
45,5043.75,44,5044.0,13:20:10.020671450
45,5043.75,44,5044.0,13:20:10.020676317
45,5043.75,44,5044.0,13:20:10.020987690
45,5043.75,44,5044.0,13:20:10.022838447
45,5043.75,44,5044.0,13:20:10.022838447
45,5043.75,44,5044.0,13:20:10.022956030
45,5043.75,38,5044.0,13:20:10.023584507
45,5043.75,38,5044.0,13:20:10.023863556
47,5043.75,38,5044.0,13:20:10.024069131
47,5043.75,37,5044.0,13:20:10.024219704
45,5043.75,37,5044.0,13:20:10.034405778
45,5043.75,43,5044.0,13:20:10.043045344
45,5043.75,44,5044.0,13:20:10.043182822
45,5043.75,45,5044.0,13:20:10.043261521
43,5043.75,45,5044.0,13:20:10.043334399
40,5043.75,45,5044.0,13:20:10.043374707
43,5043.75,45,5044.0,13:20:10.045434490
45,5043.75,45,5044.0,13:20:10.045443645
45,5043.75,44,5044.0,13:20:10.045535429
45,5043.75,44,5044.0,13:20:10.047903592
45,5043.75,44,5044.0,13:20:10.047975667
45,5043.75,44,5044.0,13:20:10.048015082
43,5043.75,44,5044.0,13:20:10.052951428
40,5043.75,44,5044.0,13:20:10.052980655
40,5043.75,45,5044.0,13:20:10.053046719
40,5043.75,45,5044.0,13:20:10.120218487
40,5043.75,49,5044.0,13:20:10.146608459
39,5043.75,49,5044.0,13:20:10.146703856
38,5043.75,49,5044.0,13:20:10.146815308
38,5043.75,50,5044.0,13:20:10.146854544
37,5043.75,50,5044.0,13:20:10.146862185
26,5043.75,50,5044.0,13:20:10.147045556
27,5043.75,50,5044.0,13:20:10.149397075
30,5043.75,50,5044.0,13:20:10.149482648
32,5043.75,50,5044.0,13:20:10.149497064
29,5043.75,50,5044.0,13:20:10.149670453
27,5043.75,50,5044.0,13:20:10.149678694
28,5043.75,50,5044.0,13:20:10.149981413
31,5043.75,50,5044.0,13:20:10.168452936
33,5043.75,50,5044.0,13:20:10.168459119
34,5043.75,50,5044.0,13:20:10.168554440
35,5043.75,50,5044.0,13:20:10.168563113
35,5043.75,49,5044.0,13:20:10.168568044
34,5043.75,49,5044.0,13:20:10.168649588
35,5043.75,49,5044.0,13:20:10.168656903
35,5043.75,45,5044.0,13:20:10.168884322
46,5043.75,45,5044.0,13:20:10.175192689
47,5043.75,45,5044.0,13:20:10.175283709
47,5043.75,44,5044.0,13:20:10.175294733
48,5043.75,44,5044.0,13:20:10.175301175
49,5043.75,44,5044.0,13:20:10.180102785
49,5043.75,44,5044.0,13:20:10.184519412
49,5043.75,44,5044.0,13:20:10.185006190
49,5043.75,44,5044.0,13:20:10.185041531
49,5043.75,44,5044.0,13:20:10.185115552
49,5043.75,44,5044.0,13:20:10.185121913
48,5043.75,44,5044.0,13:20:10.185405471
48,5043.75,45,5044.0,13:20:10.185493787
47,5043.75,45,5044.0,13:20:10.185522059
47,5043.75,45,5044.0,13:20:10.186154437
47,5043.75,45,5044.0,13:20:10.186194002
47,5043.75,45,5044.0,13:20:10.188920422
47,5043.75,46,5044.0,13:20:10.267920994
44,5043.75,46,5044.0,13:20:10.268372501
42,5043.75,46,5044.0,13:20:10.268378722
41,5043.75,46,5044.0,13:20:10.268882340
30,5043.75,46,5044.0,13:20:10.268888548
30,5043.75,47,5044.0,13:20:10.268997486
29,5043.75,47,5044.0,13:20:10.269003176
28,5043.75,47,5044.0,13:20:10.269076179
28,5043.75,46,5044.0,13:20:10.269087808
28,5043.75,47,5044.0,13:20:10.273203040
28,5043.75,48,5044.0,13:20:10.273213117
25,5043.75,48,5044.0,13:20:10.273220813
22,5043.75,48,5044.0,13:20:10.273226624
22,5043.75,51,5044.0,13:20:10.273274071
21,5043.75,51,5044.0,13:20:10.273306754
18,5043.75,51,5044.0,13:20:10.273336022
17,5043.75,51,5044.0,13:20:10.273555879
13,5043.75,51,5044.0,13:20:10.273555879
10,5043.75,51,5044.0,13:20:10.273646428
7,5043.75,51,5044.0,13:20:10.273646428
3,5043.75,51,5044.0,13:20:10.273760024
1,5043.75,51,5044.0,13:20:10.273760024
1,5043.75,52,5044.0,13:20:10.273760024
1,5043.75,63,5044.0,13:20:10.273821728
1,5043.75,63,5044.0,13:20:10.273821728
73,5043.5,63,5044.0,13:20:10.273821728
73,5043.5,63,5044.0,13:20:10.273821728
73,5043.5,64,5044.0,13:20:10.273821728
73,5043.5,65,5044.0,13:20:10.273854468
73,5043.5,2,5043.75,13:20:10.273854468
73,5043.5,3,5043.75,13:20:10.273854468
73,5043.5,5,5043.75,13:20:10.273854468
73,5043.5,6,5043.75,13:20:10.273854468
73,5043.5,9,5043.75,13:20:10.273854468
73,5043.5,10,5043.75,13:20:10.273854468
73,5043.5,12,5043.75,13:20:10.273861085
73,5043.5,13,5043.75,13:20:10.273866778
73,5043.5,13,5043.75,13:20:10.273881380
73,5043.5,13,5043.75,13:20:10.273934270
73,5043.5,14,5043.75,13:20:10.273949282
73,5043.5,15,5043.75,13:20:10.273972786
72,5043.5,15,5043.75,13:20:10.274030103
76,5043.5,15,5043.75,13:20:10.274040391
76,5043.5,15,5043.75,13:20:10.274040391
76,5043.5,15,5043.75,13:20:10.274053972
77,5043.5,15,5043.75,13:20:10.274092719
77,5043.5,15,5043.75,13:20:10.274092719
77,5043.5,12,5043.75,13:20:10.274197476
