price,volume,timestamp
2324.2,1,14:30:00.023355006
2324.1,2,14:30:00.258222820
2324.0,4,14:30:00.258222820
2323.9,3,14:30:00.258222820
2324.2,2,14:30:00.360356280
2324.3,1,14:30:00.360356280
2324.3,1,14:30:00.719028342
2324.2,4,14:30:00.837928339
2324.2,3,14:30:01.279022003
2324.3,1,14:30:01.289416187
2324.3,1,14:30:01.345488629
2324.0,5,14:30:01.920267649
2324.2,2,14:30:02.041824083
2324.2,1,14:30:02.043988044
2324.2,2,14:30:02.734647858
2324.1,1,14:30:02.735449931
2324.2,1,14:30:02.735848679
2324.1,2,14:30:02.736053861
2324.2,1,14:30:02.736589331
2324.3,2,14:30:02.763090470
2324.4,1,14:30:02.763090470
2324.1,2,14:30:02.798939655
2324.2,1,14:30:02.943822752
2323.8,2,14:30:03.386997347
2323.9,5,14:30:03.386997347
2324.1,2,14:30:03.386997347
2324.0,5,14:30:03.386997347
2324.2,2,14:30:03.811821966
2324.1,3,14:30:03.811821966
2324.2,1,14:30:03.910477235
2324.1,3,14:30:03.910477235
2324.0,2,14:30:04.296276074
2324.0,1,14:30:04.296611796
2323.8,5,14:30:05.661672770
2323.8,1,14:30:05.662248760
2323.8,1,14:30:05.662301942
2323.6,1,14:30:06.393481495
2323.7,2,14:30:06.393481495
2323.6,1,14:30:06.395918341
2323.6,1,14:30:06.505034448
2323.5,1,14:30:06.505235860
2323.6,1,14:30:06.692882563
2323.5,1,14:30:06.974993171
2323.5,1,14:30:06.975707717
2323.5,1,14:30:07.617334974
2323.7,2,14:30:07.619519902
2323.7,2,14:30:07.816249019
2323.3,2,14:30:08.423644426
2323.2,1,14:30:08.425220732
2323.3,2,14:30:08.480032296
2323.3,1,14:30:08.480252921
2323.3,1,14:30:08.549925526
2323.1,1,14:30:08.585718687
2323.2,3,14:30:08.585718687
2323.1,2,14:30:08.588494042
2323.1,1,14:30:08.590699411
2323.1,1,14:30:08.591001936
2323.1,1,14:30:08.597250359
2323.1,1,14:30:08.597426648
2323.1,1,14:30:08.597608239
2323.2,1,14:30:08.617114280
2323.1,1,14:30:08.617807225
2322.9,1,14:30:08.727867769
2322.9,1,14:30:08.727882537
2322.8,1,14:30:08.727882537
2322.8,4,14:30:08.753339063
2322.8,1,14:30:08.754693491
2322.8,1,14:30:08.880765894
2322.8,1,14:30:08.884581782
2322.9,1,14:30:09.082472885
2323.0,1,14:30:09.128227389
2323.1,1,14:30:09.138488069
2323.1,1,14:30:09.139041959
2323.1,1,14:30:09.251151587
2322.9,3,14:30:09.675794483
2323.0,1,14:30:09.675794483
2322.9,1,14:30:09.827961114
2322.9,1,14:30:09.945127779
2323.1,2,14:30:09.962863110
2323.2,1,14:30:10.002236345
2323.1,1,14:30:10.049580084
2323.1,1,14:30:10.311721315
2323.1,1,14:30:10.311953461
2322.9,1,14:30:10.411297058
2323.1,1,14:30:10.491675576
2323.1,1,14:30:10.990477161
2322.9,4,14:30:11.137333084
2323.0,2,14:30:11.138891484
2322.9,1,14:30:11.138963476
2322.9,1,14:30:11.349088572
2322.9,1,14:30:11.442319728
2322.9,1,14:30:11.976994769
2323.0,1,14:30:11.990377669
2323.1,1,14:30:12.000861807
2323.0,2,14:30:12.497935258
2323.1,1,14:30:12.929349360
2323.1,1,14:30:13.034520547
2323.2,1,14:30:13.449837879
2323.1,1,14:30:13.500468631
2323.0,3,14:30:13.621210823
2323.0,2,14:30:13.621815693
2323.0,1,14:30:13.622411731
2323.0,1,14:30:13.814208353
2322.9,1,14:30:14.054404875
2322.9,10,14:30:14.094908243
2322.9,1,14:30:14.095240954
2322.9,1,14:30:14.096043840
2323.0,1,14:30:14.114004203
2322.8,2,14:30:14.226828155
2322.8,2,14:30:14.317342711
2322.9,1,14:30:14.317342711
2322.8,1,14:30:14.317852667
2322.7,1,14:30:14.370501285
2322.6,1,14:30:14.779224353
2322.6,1,14:30:14.779713447
2322.6,1,14:30:14.780120675
2322.8,3,14:30:15.055087089
2322.7,1,14:30:15.056822068
2322.5,4,14:30:15.389009914
2322.3,7,14:30:15.389009914
2322.4,5,14:30:15.389009914
2322.2,4,14:30:15.389009914
2322.4,1,14:30:15.391767628
2322.4,1,14:30:15.391855437
2322.4,1,14:30:15.401074033
2322.4,1,14:30:15.606367098
2322.3,2,14:30:15.616886142
2322.4,1,14:30:15.616886142
2322.3,1,14:30:15.618305182
2322.3,1,14:30:15.618450605
2322.4,1,14:30:15.618530421
2322.4,1,14:30:15.618802289
2322.5,3,14:30:16.213745885
2322.5,1,14:30:16.214720721
2322.5,1,14:30:16.214801357
2322.4,1,14:30:16.400075554
2322.6,3,14:30:16.446255784
2322.7,7,14:30:16.446255784
2322.7,1,14:30:16.475860054
2322.7,1,14:30:16.476905211
2322.7,1,14:30:16.631477736
2322.8,1,14:30:16.741879710
2322.8,3,14:30:17.086675489
2322.7,1,14:30:18.172263436
2322.7,1,14:30:18.282442848
2322.8,2,14:30:18.370648790
2322.8,1,14:30:18.371573758
2322.8,2,14:30:18.371886040
2322.7,1,14:30:19.027828639
2322.8,1,14:30:19.038654182
2322.9,2,14:30:19.186246529
2322.8,1,14:30:19.335609663
2322.9,1,14:30:20.129856295
2322.9,1,14:30:20.138517778
2322.8,1,14:30:20.279773335
2323.0,1,14:30:20.629174296
2323.0,4,14:30:21.725659629
2323.1,5,14:30:21.725659629
2322.9,1,14:30:21.725659629
2323.0,1,14:30:21.727026768
2323.0,1,14:30:21.727758808
2323.1,3,14:30:21.778345371
2323.1,1,14:30:21.781397502
2323.1,1,14:30:21.781866066
2323.0,1,14:30:22.587063372
2323.0,1,14:30:22.588980662
2323.0,3,14:30:22.589449494
2323.0,1,14:30:22.589816122
2323.2,1,14:30:23.272573270
2323.0,1,14:30:24.011685276
2323.1,2,14:30:24.106083091
2323.1,1,14:30:24.106725087
2323.0,1,14:30:24.144409118
2323.2,1,14:30:24.331718455
2323.1,1,14:30:26.048379798
2323.2,1,14:30:28.125302795
2323.4,5,14:30:28.125302795
2323.6,7,14:30:28.125302795
2323.7,4,14:30:28.125302795
2323.3,6,14:30:28.125302795
2323.5,7,14:30:28.125302795
2323.4,1,14:30:28.129002240
2323.5,1,14:30:28.129709710
2323.4,1,14:30:28.129764556
2323.4,1,14:30:28.129960720
2323.4,1,14:30:28.130013256
2323.3,2,14:30:28.132608790
2323.3,2,14:30:28.132805754
2323.3,1,14:30:28.133004196
2323.3,1,14:30:28.133871506
2323.3,1,14:30:28.134422128
2323.3,1,14:30:28.144052198
2323.1,7,14:30:28.262601472
2323.2,1,14:30:28.262601472
2323.1,2,14:30:28.263495295
2323.1,2,14:30:28.263531065
2323.1,2,14:30:28.263554611
2323.1,2,14:30:28.263610266
2323.1,2,14:30:28.263700271
2323.1,2,14:30:28.263878828
2323.1,2,14:30:28.263992268
2323.1,1,14:30:28.264037462
2323.1,2,14:30:28.264078631
2323.1,1,14:30:28.264873292
2323.0,2,14:30:28.264873292
2323.0,2,14:30:28.264965324
2323.1,1,14:30:28.265804311
2323.1,2,14:30:28.266188491
2323.0,1,14:30:28.267096800
2323.2,1,14:30:28.267726151
2323.3,2,14:30:28.423205299
2323.2,2,14:30:28.423205299
2323.1,1,14:30:28.987048911
2323.2,4,14:30:29.108187885
2323.2,3,14:30:29.511954551
2323.1,2,14:30:29.512384937
2323.1,2,14:30:29.512417315
2323.1,2,14:30:29.512525077
2323.1,2,14:30:29.512709206
2323.1,2,14:30:29.512777252
2323.1,3,14:30:29.512837937
2323.1,1,14:30:29.512872767
2323.1,1,14:30:29.512901968
2323.1,1,14:30:29.512925991
2323.1,1,14:30:29.513115012
2323.1,2,14:30:29.513149807
2323.1,1,14:30:29.513260651
2323.1,1,14:30:29.513368947
2323.1,1,14:30:29.513394788
2323.0,4,14:30:29.513609076
2323.1,1,14:30:29.513776799
2323.1,1,14:30:29.514643587
2323.1,1,14:30:29.515017828
2323.1,1,14:30:29.515238082
2323.2,2,14:30:29.516051168
2323.1,1,14:30:29.516178322
2323.1,1,14:30:29.608482535
2323.2,1,14:30:29.682621121
2323.4,1,14:30:30.129602553
2323.2,2,14:30:30.364217791
2323.1,1,14:30:30.581433590
2323.0,2,14:30:30.675540533
2323.0,1,14:30:30.892315363
2323.0,1,14:30:30.892552718
2322.9,1,14:30:31.067333951
2323.0,2,14:30:31.067637270
2323.1,2,14:30:31.437980723
2323.1,1,14:30:31.438825127
2323.2,1,14:30:32.194812558
2323.0,2,14:30:33.274664767
2322.9,2,14:30:33.637003568
2322.6,4,14:30:34.217240822
2322.7,5,14:30:34.217240822
2322.8,4,14:30:34.217240822
2322.5,2,14:30:34.217240822
2322.7,1,14:30:34.219947485
2322.6,1,14:30:34.221428219
2322.7,1,14:30:34.367688575
2322.8,1,14:30:34.844312480
2322.8,1,14:30:34.844618634
2322.8,1,14:30:34.845302993
2322.7,1,14:30:35.022857709
2322.8,1,14:30:35.149456663
2322.7,1,14:30:35.630104306
2322.9,1,14:30:35.904866266
2322.9,3,14:30:35.905136703
2323.0,4,14:30:35.907113981
2323.1,1,14:30:35.909617750
2323.1,1,14:30:35.909783958
2323.1,1,14:30:35.914769480
2323.0,1,14:30:36.064321903
2323.1,2,14:30:36.936320585
2323.1,2,14:30:36.936512198
2323.1,1,14:30:36.937488359
2323.0,1,14:30:36.937930505
2323.1,1,14:30:37.149577530
2323.2,2,14:30:37.714055001
2323.1,1,14:30:40.118262471
2323.2,1,14:30:40.364906261
2323.1,1,14:30:40.626080940
2323.0,6,14:30:41.210727702
2323.1,1,14:30:41.210844268
2323.0,1,14:30:41.552525363
2323.0,1,14:30:42.671514142
2323.0,1,14:30:42.671562789
2323.0,2,14:30:43.992092318
2323.1,2,14:30:44.192183507
2323.1,3,14:30:44.192557188
2323.1,1,14:30:44.264602235
2323.1,2,14:30:44.265762323
2323.1,1,14:30:44.265836074
2323.1,5,14:30:44.266245705
2323.0,2,14:30:44.849630858
2323.1,1,14:30:44.933021751
2323.1,1,14:30:44.976106319
2323.0,1,14:30:44.976666071
2323.5,1,14:30:46.006457395
2323.5,2,14:30:46.006883624
2323.5,2,14:30:46.006900927
2323.4,2,14:30:46.065296788
2323.4,1,14:30:46.065683663
2323.5,1,14:30:47.379944849
2323.3,1,14:30:47.540579952
2323.3,1,14:30:47.540856797
2323.3,1,14:30:47.682759209
2323.3,1,14:30:47.936995340
2323.2,1,14:30:48.737068886
2323.3,1,14:30:48.892111425
2323.2,3,14:30:50.862173937
2323.1,1,14:30:50.870842137
2323.0,3,14:30:50.912489529
2323.0,2,14:30:51.060446605
2323.1,5,14:30:51.437269509
2323.2,1,14:30:51.438689016
2323.0,1,14:30:51.509953532
2322.9,2,14:30:51.813341601
2322.9,1,14:30:51.952264994
2323.0,1,14:30:51.956185256
2322.9,1,14:30:52.527035697
2323.1,2,14:30:52.548567191
2323.1,2,14:30:52.548730813
2323.1,1,14:30:52.548793541
2323.1,1,14:30:53.164839196
2323.1,1,14:30:53.165309935
2323.0,1,14:30:54.085342368
2322.9,4,14:30:54.984904012
2322.4,1,14:30:54.984904012
2323.0,3,14:30:54.984904012
2322.8,3,14:30:54.984904012
2322.6,6,14:30:54.984904012
2322.5,6,14:30:54.984904012
2322.7,7,14:30:54.984904012
2322.4,2,14:30:54.984919713
2322.9,1,14:30:54.986003290
2322.9,1,14:30:54.987544018
2322.9,1,14:30:54.987597421
2322.8,1,14:30:54.994589353
2322.9,1,14:30:55.077879916
2323.0,1,14:30:55.078772783
2322.9,1,14:30:55.079868498
2322.9,1,14:30:55.135359023
2323.0,1,14:30:55.656230163
2322.8,3,14:30:55.897049360
2322.8,1,14:30:55.898061400
2322.9,2,14:30:56.707686763
2322.9,1,14:30:56.708363554
2322.7,1,14:30:56.875610444
2322.5,1,14:30:57.128814816
2322.5,1,14:30:57.129067992
2322.4,1,14:30:57.314020317
2322.5,1,14:30:57.314408056
2322.4,6,14:30:57.626054255
2322.5,1,14:30:57.843141720
2322.3,3,14:30:57.891749307
2322.3,1,14:30:57.892349339
2322.3,1,14:30:57.892504299
2322.2,5,14:30:57.892933866
2322.3,2,14:30:57.893483445
2322.3,1,14:30:57.893712525
2322.3,1,14:30:57.893765342
2322.3,1,14:30:57.894073449
2322.3,1,14:30:57.894127829
2322.2,65,14:30:57.894494329
2322.2,1,14:30:57.895189009
2322.1,2,14:30:57.895277157
2322.0,4,14:30:57.896043099
2322.0,1,14:30:57.897941576
2321.9,2,14:30:57.898166442
2322.0,1,14:30:57.899594016
2321.9,1,14:30:57.900103876
2322.0,1,14:30:57.900934709
2322.1,1,14:30:57.903415190
2322.2,2,14:30:57.926774868
2322.2,1,14:30:58.013795958
2322.1,1,14:30:58.026207748
2322.1,1,14:30:58.077108357
2322.3,1,14:30:58.090413934
2322.3,1,14:30:58.090602590
2322.3,1,14:30:58.114449637
2322.2,1,14:30:58.175756927
2322.1,1,14:30:58.491259423
2322.3,2,14:30:58.589361088
2322.3,2,14:30:58.828047496
2322.4,2,14:30:58.944503726
2322.5,3,14:30:59.262526533
2322.6,2,14:30:59.262526533
2322.4,1,14:30:59.263868740
2322.4,1,14:31:00.108253299
2322.5,1,14:31:00.220170221
2322.4,1,14:31:00.476578874
2322.4,1,14:31:00.588490282
2322.5,1,14:31:00.865226102
2322.6,3,14:31:00.874029984
2322.6,1,14:31:00.917352691
2322.8,1,14:31:01.081201474
2322.9,2,14:31:01.081214658
2323.0,2,14:31:01.333065850
2323.0,1,14:31:01.358928201
2323.1,1,14:31:01.525143240
2323.0,1,14:31:01.610059667
2323.0,1,14:31:01.685637146
2323.0,1,14:31:01.686222764
2323.0,1,14:31:01.691508874
2322.9,1,14:31:02.055220540
2323.1,2,14:31:02.204771090
2322.8,1,14:31:02.398789176
2322.7,1,14:31:02.475064022
2322.6,6,14:31:02.691830542
2322.6,1,14:31:02.808475020
2322.8,1,14:31:03.372117810
2322.7,2,14:31:03.479498044
2322.6,1,14:31:03.671491524
2322.6,2,14:31:04.142813060
2322.9,1,14:31:04.310466082
2322.7,1,14:31:04.742740729
2322.5,1,14:31:04.766082144
2322.4,1,14:31:05.640094321
2322.4,1,14:31:05.641601888
2322.3,1,14:31:06.154506598
2322.4,1,14:31:06.154578177
2322.3,2,14:31:06.397760771
2322.2,1,14:31:06.402340714
2322.2,1,14:31:06.978152316
2322.1,1,14:31:06.987644053
2322.1,1,14:31:06.988520938
2322.0,3,14:31:07.264235107
2321.9,2,14:31:07.351645362
2321.8,2,14:31:08.300410818
2321.8,1,14:31:08.315942750
2321.9,1,14:31:08.544214560
2321.8,1,14:31:08.634628475
2321.7,2,14:31:08.635231697
2321.7,1,14:31:08.640144952
2321.7,1,14:31:08.671089700
2321.6,1,14:31:08.797107114
2321.6,1,14:31:08.906379969
2321.7,2,14:31:08.979852091
2321.7,1,14:31:09.084837202
2321.7,2,14:31:09.085036717
2321.8,1,14:31:09.118644424
2321.7,2,14:31:09.118644424
2321.6,1,14:31:09.228455755
2321.5,1,14:31:09.431019890
2321.4,1,14:31:09.561503306
2321.2,2,14:31:09.654146929
2321.3,2,14:31:09.672685732
2321.3,1,14:31:09.673214058
2321.2,1,14:31:09.715230263
2321.3,1,14:31:09.715668182
2321.3,1,14:31:09.716428399
2321.2,1,14:31:09.759218346
2321.2,1,14:31:09.759700650
2321.2,1,14:31:09.821022606
2321.1,2,14:31:09.833875524
2321.1,1,14:31:09.837379195
2321.0,1,14:31:09.877726583
2321.2,1,14:31:09.957392234
2321.0,2,14:31:10.035728001
2321.0,1,14:31:10.036130179
2320.9,1,14:31:10.037020282
2321.0,1,14:31:10.044049612
2321.0,2,14:31:10.203392930
2321.0,4,14:31:10.203486716
2321.1,1,14:31:10.237676957
2321.0,1,14:31:10.430394098
2320.9,2,14:31:10.603960725
2320.9,1,14:31:10.656664111
2321.0,1,14:31:11.352915689
2321.0,1,14:31:11.420161378
2321.2,1,14:31:11.747882145
2321.2,1,14:31:11.758309611
2321.2,1,14:31:11.758671783
2321.4,2,14:31:11.936049080
2321.3,1,14:31:12.234061129
2321.0,1,14:31:12.303129821
2320.9,1,14:31:12.715099464
2321.2,1,14:31:13.292739742
2321.4,1,14:31:13.725908275
2321.4,1,14:31:13.725965412
2321.4,1,14:31:13.726016219
2321.4,1,14:31:13.933708007
2321.5,1,14:31:14.028858203
2321.5,1,14:31:14.029259363
2321.6,4,14:31:14.084934036
2321.7,2,14:31:14.084947051
2321.6,1,14:31:14.085881093
2321.6,1,14:31:14.085999594
2321.7,1,14:31:14.085999594
2321.7,1,14:31:14.086309968
2321.6,1,14:31:14.086807959
2321.6,1,14:31:14.227445798
2321.5,1,14:31:14.763295067
2321.5,1,14:31:14.764709670
2321.5,1,14:31:14.771961645
2321.4,1,14:31:14.956119393
2321.3,1,14:31:15.282283861
2321.4,1,14:31:15.575641680
2321.5,1,14:31:16.259627769
2321.4,1,14:31:16.528430003
2321.3,1,14:31:16.536017644
2321.1,1,14:31:16.604602451
2321.2,1,14:31:16.801320031
2321.6,1,14:31:17.195159497
2321.6,1,14:31:17.195692832
2321.5,1,14:31:17.235154773
2321.4,1,14:31:17.385242950
2321.4,1,14:31:18.073976354
2321.2,2,14:31:18.566929432
2321.4,1,14:31:19.010033298
2321.3,2,14:31:19.098528341
2321.2,1,14:31:19.215979422
2321.2,1,14:31:19.216267761
2321.3,1,14:31:19.439895069
2321.2,1,14:31:19.726677140
2321.2,1,14:31:20.223518765
2321.2,1,14:31:20.232974447
2321.2,1,14:31:20.585458737
2321.3,1,14:31:21.260903381
2321.7,1,14:31:22.350224541
2321.8,1,14:31:22.350235876
2321.8,2,14:31:22.515618823
2321.8,1,14:31:22.526843615
2321.8,1,14:31:22.976398947
2321.8,1,14:31:23.966589876
2321.5,1,14:31:24.451120721
2321.4,1,14:31:24.614930201
2321.4,1,14:31:25.079302021
2321.4,2,14:31:25.079698925
2321.4,1,14:31:25.210529289
2321.4,1,14:31:25.210744781
2321.4,3,14:31:25.210879421
2321.4,1,14:31:25.210961342
2321.4,1,14:31:25.211079536
2321.3,2,14:31:25.211314057
2321.3,1,14:31:25.213332989
2321.3,1,14:31:25.558046785
2321.4,3,14:31:25.559503960
2321.4,2,14:31:25.559881919
2321.5,2,14:31:25.561515376
2321.4,1,14:31:25.561515376
2321.3,1,14:31:25.762084422
2321.3,2,14:31:25.993791950
2321.4,5,14:31:25.993791950
2321.5,3,14:31:25.993791950
2321.5,1,14:31:26.175317483
2321.5,1,14:31:26.460216325
2321.5,1,14:31:26.559773374
2321.5,1,14:31:26.720880018
2321.6,1,14:31:26.842204235
2321.7,1,14:31:27.134886980
2321.8,1,14:31:27.305681323
2321.9,1,14:31:27.307813245
2322.0,1,14:31:27.377280004
2322.0,1,14:31:27.377943646
2322.2,1,14:31:27.507995853
2322.0,1,14:31:27.507995853
2322.1,3,14:31:27.507995853
2322.0,1,14:31:27.510203258
2322.0,2,14:31:27.748525127
2322.0,1,14:31:27.748790131
2321.9,1,14:31:28.008068817
2322.2,1,14:31:28.916414018
2322.3,2,14:31:28.925668230
2322.4,1,14:31:28.945998589
2322.5,1,14:31:28.977493486
2322.6,1,14:31:28.999402008
2322.5,1,14:31:29.070375797
2322.4,1,14:31:29.126097062
2322.3,1,14:31:29.915827388
2322.2,1,14:31:29.977464945
2322.3,1,14:31:29.977806485
2322.3,1,14:31:30.124840618
2322.2,1,14:31:30.125605027
2322.1,1,14:31:30.569755438
2321.9,1,14:31:30.763604014
2321.9,2,14:31:30.763655960
2321.9,1,14:31:30.764599307
2321.9,1,14:31:30.772147318
2322.0,1,14:31:31.852416898
2322.2,1,14:31:32.194823861
2322.3,1,14:31:32.208083840
2322.4,1,14:31:32.216930508
2322.4,1,14:31:32.217101139
2322.3,1,14:31:32.217101139
2322.3,1,14:31:32.228976927
2322.2,1,14:31:32.915917514
2322.1,1,14:31:33.307866356
2322.1,1,14:31:33.312172110
2322.3,1,14:31:33.840989320
2322.0,1,14:31:34.361013443
2321.8,2,14:31:35.258572573
2321.9,1,14:31:35.530390045
2321.9,1,14:31:35.532474640
2321.8,1,14:31:35.618321438
2321.7,2,14:31:35.695302108
2321.5,3,14:31:35.772352825
2321.6,1,14:31:35.773673160
2321.6,1,14:31:35.773763424
2321.7,1,14:31:35.778045481
2321.5,1,14:31:35.806205406
2321.5,1,14:31:35.813512628
2321.4,1,14:31:36.066519587
2321.3,14,14:31:36.102976062
2321.3,1,14:31:36.103200089
2321.3,6,14:31:36.103308711
2321.3,2,14:31:36.103394391
2321.3,1,14:31:36.103424164
2321.3,1,14:31:36.103509267
2321.3,1,14:31:36.104865604
2321.4,1,14:31:36.552126234
2321.4,1,14:31:36.606007565
2321.3,1,14:31:36.607307476
2321.5,2,14:31:36.891691672
2321.5,1,14:31:36.893001099
2321.6,1,14:31:37.449205756
2321.6,2,14:31:38.335986164
2321.7,3,14:31:38.435730964
2321.6,1,14:31:38.631490964
2321.7,1,14:31:39.804840571
2321.8,1,14:31:40.050103721
2321.6,1,14:31:41.078693760
2321.6,2,14:31:41.120128502
2321.4,7,14:31:42.680410222
2321.5,3,14:31:42.680410222
2321.5,1,14:31:42.810312638
2321.6,2,14:31:43.028846531
2321.8,1,14:31:43.512754273
2321.8,1,14:31:43.522637234
2321.7,1,14:31:44.332759484
2321.8,2,14:31:44.503229905
2321.4,1,14:31:45.245225448
2321.4,1,14:31:45.246183976
2321.6,1,14:31:45.605765481
2321.7,1,14:31:47.525966119
2321.6,1,14:31:47.525966119
2321.7,1,14:31:47.936691421
2321.5,1,14:31:48.203024073
2321.5,1,14:31:48.281275773
2321.4,1,14:31:48.546575100
2321.3,1,14:31:48.690527328
2321.1,1,14:31:48.962056542
2321.1,1,14:31:49.073521596
2321.1,1,14:31:49.073760362
2321.0,2,14:31:49.106781585
2320.9,1,14:31:49.106792589
2320.9,1,14:31:49.357913341
2320.8,1,14:31:49.358457202
2320.8,1,14:31:49.363831204
2320.7,3,14:31:49.408553015
2320.7,1,14:31:49.408636812
2320.7,1,14:31:49.408679193
2320.6,1,14:31:49.424826152
2320.5,1,14:31:49.424826152
2320.6,1,14:31:49.443008113
2320.7,1,14:31:49.568485711
2320.5,1,14:31:49.954353405
2320.4,1,14:31:49.985730386
2320.5,1,14:31:50.127380234
2320.6,1,14:31:50.128292489
2320.5,1,14:31:50.485853735
2320.4,2,14:31:50.646850219
2320.5,1,14:31:50.710138656
2320.5,1,14:31:50.786922091
2320.5,2,14:31:50.787307801
2320.5,1,14:31:50.788045423
2320.5,1,14:31:50.788702773
2320.5,1,14:31:51.015062033
2320.3,1,14:31:51.279229200
2320.5,2,14:31:51.432413955
2320.6,1,14:31:52.078106605
2320.4,1,14:31:52.127968092
2320.2,1,14:31:52.473349031
2320.4,2,14:31:52.874087266
2320.5,3,14:31:52.874087266
2320.5,1,14:31:52.949529123
2320.6,1,14:31:52.958960554
2320.6,2,14:31:52.959346479
2320.6,1,14:31:52.959496280
2320.6,1,14:31:52.959668447
2320.6,1,14:31:52.974731611
2320.6,3,14:31:53.229511437
2320.5,1,14:31:53.230981822
2320.6,1,14:31:53.655274629
2320.5,1,14:31:54.644008020
2320.7,2,14:31:55.321244933
2320.6,4,14:31:55.920161212
2320.5,11,14:31:55.920161212
2320.4,3,14:31:55.920161212
2320.4,2,14:31:55.921366679
2320.6,1,14:31:56.283772370
2320.6,1,14:31:56.627852290
2320.5,1,14:31:56.796911563
2320.3,1,14:31:56.893873916
2320.2,1,14:31:57.434265213
2320.3,1,14:31:57.681860009
2320.2,1,14:31:57.788507857
2320.5,5,14:31:58.474430484
2320.5,2,14:31:58.521174282
2320.5,2,14:31:58.610341854
2320.5,1,14:31:59.493387076
2320.6,1,14:32:00.301355366
2320.7,1,14:32:00.369716317
2320.6,1,14:32:00.561774930
2320.6,1,14:32:01.218174982
2320.6,1,14:32:01.801443937
2320.4,1,14:32:02.001500934
2320.3,5,14:32:02.067540534
2320.2,4,14:32:02.067971428
2320.1,10,14:32:02.069534286
2320.0,1,14:32:02.070100713
2320.0,5,14:32:02.070997722
2319.9,1,14:32:02.120689405
2319.8,1,14:32:02.125628069
2319.7,1,14:32:02.136095742
2319.6,2,14:32:02.146025693
2319.6,4,14:32:02.146038790
2319.5,1,14:32:02.146038790
2319.6,1,14:32:02.151588003
2319.5,2,14:32:02.164225431
2319.5,1,14:32:02.164960919
2319.5,1,14:32:02.165366757
2319.5,1,14:32:02.177886971
2319.5,1,14:32:02.337187153
2319.6,1,14:32:02.353144169
2319.7,1,14:32:02.646619093
2319.9,2,14:32:02.783762170
2319.8,1,14:32:02.784588724
2319.6,1,14:32:02.964246219
2319.8,1,14:32:03.027381872
2319.8,3,14:32:03.028031280
2319.9,1,14:32:03.035885585
2319.8,1,14:32:03.038687600
2319.8,2,14:32:03.120956528
2319.8,1,14:32:03.221458979
2319.8,1,14:32:03.278937305
2319.7,1,14:32:03.279015915
2319.6,3,14:32:03.313687327
2319.5,2,14:32:03.659528326
2319.5,1,14:32:03.659624334
2319.6,1,14:32:03.659703997
2319.6,1,14:32:03.660471654
2319.5,1,14:32:03.660825363
2319.6,1,14:32:03.661144730
2319.6,1,14:32:03.661280131
2319.5,1,14:32:03.742629361
2319.7,1,14:32:04.152448560
2319.8,1,14:32:04.363487742
2319.7,2,14:32:04.478057634
2319.6,2,14:32:04.478057634
2319.4,3,14:32:04.478057634
2319.5,3,14:32:04.478057634
2319.8,1,14:32:04.622402229
2319.8,1,14:32:04.713767273
2319.6,1,14:32:04.716872235
2319.5,1,14:32:04.998582471
2319.5,1,14:32:04.999012162
2319.5,1,14:32:04.999220186
2319.4,1,14:32:05.014398022
2319.3,1,14:32:05.020041000
2319.3,1,14:32:05.034379503
2319.3,1,14:32:05.034559187
2319.3,1,14:32:05.062370508
2319.2,2,14:32:05.062516601
2319.2,1,14:32:05.062579415
2319.2,1,14:32:05.240576979
2319.3,1,14:32:05.356611883
2319.5,1,14:32:05.881191822
2319.5,3,14:32:05.881558081
2319.5,1,14:32:05.882486568
2319.4,1,14:32:05.882929508
2319.3,3,14:32:06.008061826
2319.3,1,14:32:06.086270461
2319.3,1,14:32:06.086662257
2319.1,2,14:32:06.276500292
2319.2,1,14:32:06.310003475
2319.3,1,14:32:06.310860344
2319.3,2,14:32:06.311652638
2319.1,1,14:32:06.476846989
2319.3,2,14:32:06.610962325
2319.2,3,14:32:06.610962325
2319.2,1,14:32:06.829040036
2319.3,2,14:32:07.004400959
2319.4,1,14:32:07.018548668
2319.4,1,14:32:07.051903680
2319.0,1,14:32:08.190444452
2319.0,1,14:32:08.190458942
2319.0,1,14:32:08.190574098
2319.0,1,14:32:08.191243999
2319.0,1,14:32:08.195711062
2318.9,1,14:32:08.199412471
2318.8,1,14:32:08.271584167
2318.9,1,14:32:08.273562056
2318.8,1,14:32:08.611906352
2318.7,1,14:32:08.786188058
2318.7,1,14:32:08.786492944
2318.7,1,14:32:08.810001924
2318.6,1,14:32:08.823278460
2318.5,1,14:32:08.823285641
2318.6,1,14:32:08.824649380
2318.7,1,14:32:08.824977035
2318.5,1,14:32:08.839222205
2318.5,1,14:32:08.839309240
2318.5,1,14:32:08.840056600
2318.6,1,14:32:08.970722566
2318.6,1,14:32:09.011726234
2318.8,1,14:32:09.106811521
2318.8,1,14:32:09.108097733
2318.8,1,14:32:09.108700241
2318.8,1,14:32:09.130568074
2318.7,1,14:32:09.139593203
2318.8,1,14:32:09.241310916
2318.8,1,14:32:09.241885504
2318.7,1,14:32:09.523281092
2318.8,2,14:32:09.619229872
2318.7,2,14:32:09.619870237
2318.6,1,14:32:09.686542770
2318.6,1,14:32:09.696994216
2318.8,1,14:32:09.751549103
2318.8,1,14:32:09.751933753
2318.8,1,14:32:09.852692096
2318.1,3,14:32:09.852692096
2318.7,2,14:32:09.852692096
2318.3,9,14:32:09.852692096
2318.2,5,14:32:09.852692096
2318.4,6,14:32:09.852692096
2318.5,3,14:32:09.852692096
2318.6,4,14:32:09.852692096
2318.7,1,14:32:09.854824968
2318.7,1,14:32:09.855001903
2318.4,1,14:32:09.857715170
2318.4,1,14:32:09.857758794
2318.5,1,14:32:09.858244131
2318.4,1,14:32:09.859065146
2318.2,7,14:32:09.859065146
2318.5,1,14:32:09.860185409
2318.4,1,14:32:09.860507761
2318.5,1,14:32:09.862324550
2318.1,4,14:32:09.862551568
2318.3,2,14:32:09.862551568
2318.4,1,14:32:09.862551568
2318.2,6,14:32:09.862551568
2318.3,1,14:32:09.863211732
2318.4,1,14:32:09.863577736
2318.4,2,14:32:09.863616953
2318.3,1,14:32:09.864896249
2318.1,8,14:32:09.865934984
2318.1,1,14:32:09.866151660
2318.1,1,14:32:09.866393483
2318.1,1,14:32:09.866845802
2318.1,1,14:32:09.867046049
2318.1,1,14:32:09.867104278
2318.3,1,14:32:09.867157703
2318.1,3,14:32:09.868926411
2318.0,6,14:32:09.872313932
2317.9,5,14:32:09.872440200
2318.1,2,14:32:09.872561072
2317.9,4,14:32:09.873059271
2318.0,1,14:32:09.873260943
2318.0,1,14:32:09.874103583
2318.1,1,14:32:09.878942641
2317.9,2,14:32:09.880455830
2318.0,1,14:32:09.892099293
2318.1,2,14:32:10.043884026
2318.1,1,14:32:10.044376250
2318.1,1,14:32:10.044567105
2318.1,2,14:32:10.044609564
2318.1,2,14:32:10.044763717
2318.1,2,14:32:10.044794069
2318.1,1,14:32:10.167188505
2317.9,1,14:32:10.180880963
2318.0,1,14:32:10.180880963
2318.1,1,14:32:10.237927728
2318.1,3,14:32:10.237961905
2318.1,2,14:32:10.238110141
2318.0,1,14:32:10.243360346
2318.1,6,14:32:10.251738598
2318.1,5,14:32:10.251953614
2318.1,1,14:32:10.252401309
2318.1,1,14:32:10.264395173
2318.2,2,14:32:10.381609633
2318.3,2,14:32:10.390361866
2318.6,1,14:32:10.568064125
2318.7,1,14:32:10.632774677
2318.6,1,14:32:10.706749376
2318.4,1,14:32:10.924068057
2318.5,1,14:32:10.925285672
2318.7,1,14:32:11.040190883
2318.8,1,14:32:11.207584952
2318.8,1,14:32:11.563430998
2318.9,1,14:32:11.764967944
2318.8,1,14:32:11.792467132
2318.7,2,14:32:12.050996126
2318.8,1,14:32:12.454128385
2319.0,4,14:32:12.710890599
2319.2,1,14:32:12.853954853
2319.1,3,14:32:12.853954853
2318.9,1,14:32:12.981344223
2318.8,1,14:32:13.213990743
2318.7,2,14:32:13.373855027
2318.6,1,14:32:13.374421026
2318.6,1,14:32:13.374643321
2318.5,1,14:32:13.375186945
2318.5,1,14:32:13.441386836
2318.6,2,14:32:13.444031839
2318.5,1,14:32:13.763469596
2318.6,1,14:32:14.025593201
2318.7,2,14:32:14.036986251
2318.7,1,14:32:14.037275876
2318.8,1,14:32:14.238303560
2318.9,1,14:32:14.426906396
2318.8,1,14:32:14.884988470
2318.9,1,14:32:15.007329144
2318.9,1,14:32:15.758206538
2318.9,1,14:32:15.828986075
2319.0,2,14:32:15.960064141
2319.1,1,14:32:16.434171533
2319.3,1,14:32:16.642833130
2319.2,1,14:32:16.868453329
2319.3,5,14:32:16.878843230
2319.4,4,14:32:16.879605633
2319.4,1,14:32:17.131303198
2319.3,1,14:32:17.160369777
2319.2,1,14:32:17.173245123
2319.2,1,14:32:17.287231372
2319.1,1,14:32:17.374728954
2319.2,1,14:32:17.388581736
2319.3,1,14:32:17.435041158
2319.2,1,14:32:17.511043095
2319.1,3,14:32:17.622055506
2318.9,1,14:32:17.622055506
2319.0,4,14:32:17.622055506
2319.2,2,14:32:17.622055506
2319.0,1,14:32:17.624207304
2318.9,1,14:32:17.624446534
2319.1,1,14:32:17.631450160
2319.0,1,14:32:18.243877799
2318.8,3,14:32:18.394199444
2318.9,1,14:32:18.449440858
2319.1,1,14:32:18.469254614
2319.2,1,14:32:18.495244046
2319.1,1,14:32:18.515394100
2319.3,3,14:32:18.793805919
2319.4,3,14:32:19.135671872
2319.3,1,14:32:19.528704524
2319.4,1,14:32:19.530014985
2319.6,2,14:32:19.887011348
2319.7,1,14:32:19.899547165
2319.7,1,14:32:19.899712550
2319.6,1,14:32:20.190845226
2319.6,1,14:32:20.191861918
2319.8,1,14:32:20.774108790
2320.0,2,14:32:20.890150542
2320.0,1,14:32:20.890257040
2320.0,3,14:32:20.890316785
2320.0,1,14:32:20.890395638
2320.0,1,14:32:21.007674624
2319.9,1,14:32:21.143965767
2319.8,1,14:32:21.145116007
2320.0,1,14:32:21.278208980
2320.4,10,14:32:21.672333449
2320.5,1,14:32:21.675757818
2320.5,1,14:32:21.675927755
2320.6,1,14:32:21.676509482
2320.7,1,14:32:21.676521289
2320.8,1,14:32:21.694605373
2320.8,1,14:32:21.694659230
2320.8,1,14:32:21.696460617
2320.8,1,14:32:21.696685105
2320.7,1,14:32:21.705633685
2320.7,1,14:32:21.787467358
2320.7,1,14:32:21.973555351
2320.6,1,14:32:22.118244493
2320.8,1,14:32:22.291685588
2320.8,1,14:32:22.350304095
2320.8,1,14:32:22.350552752
2320.8,1,14:32:22.972625091
2320.7,1,14:32:23.132264364
2320.8,1,14:32:23.191522422
2320.9,2,14:32:23.551150684
2321.0,1,14:32:23.551150684
2320.7,1,14:32:23.599850427
2320.6,1,14:32:23.728515784
2320.6,1,14:32:23.734589736
2320.6,2,14:32:24.007710599
2320.3,1,14:32:24.604829853
2320.5,1,14:32:24.715511236
2320.4,1,14:32:24.827863009
2320.4,1,14:32:24.828176782
2320.5,1,14:32:24.887918113
2320.4,2,14:32:24.889476644
2320.4,1,14:32:24.950788871
2320.4,1,14:32:24.951066963
2320.3,7,14:32:24.999001246
2320.2,1,14:32:24.999818872
2320.3,1,14:32:25.098416429
2320.2,1,14:32:25.318627526
2320.2,1,14:32:25.382568612
2320.1,1,14:32:25.749445330
2320.3,1,14:32:26.479031929
2320.4,1,14:32:26.487620102
2320.5,2,14:32:26.880907697
2320.4,1,14:32:27.008816739
2320.5,1,14:32:27.501196472
2320.5,1,14:32:27.787236473
2320.5,1,14:32:27.856519198
2320.4,1,14:32:27.856651479
2320.6,1,14:32:28.007701366
2320.8,3,14:32:28.788957347
2320.8,1,14:32:28.790247380
2320.7,1,14:32:28.868503116
2320.6,1,14:32:29.191981044
2320.6,1,14:32:29.192718541
2320.3,1,14:32:29.937004352
2320.3,1,14:32:29.937183081
2320.4,1,14:32:30.341774780
2320.1,1,14:32:31.506912160
2320.2,1,14:32:31.934726912
2320.1,1,14:32:32.083980201
2320.0,1,14:32:32.091419490
2319.9,1,14:32:32.091626934
2319.8,1,14:32:32.122812483
2319.8,1,14:32:32.123270144
2320.0,1,14:32:32.175465633
2320.1,1,14:32:32.188613036
2320.2,1,14:32:32.586395198
2320.2,3,14:32:32.586946933
2320.2,2,14:32:32.587003041
2320.2,1,14:32:32.594586415
2320.2,1,14:32:32.594927190
2320.2,1,14:32:32.595556517
2320.1,1,14:32:33.217288266
2320.3,1,14:32:33.294544373
2320.4,1,14:32:33.308123780
2320.5,1,14:32:33.316639564
2320.4,1,14:32:33.329393785
2320.3,1,14:32:33.849428896
2319.9,1,14:32:35.083531948
2319.9,1,14:32:35.204664575
2320.0,1,14:32:35.505172528
2319.8,1,14:32:35.518190192
2319.9,1,14:32:35.780696276
2320.1,1,14:32:36.507277399
2320.1,1,14:32:36.507520168
2320.3,1,14:32:36.669674847
2320.2,1,14:32:36.669742663
2320.2,1,14:32:36.674123324
2320.3,2,14:32:36.945096487
2320.0,1,14:32:37.994785988
2320.0,1,14:32:38.013848238
2319.9,1,14:32:39.959373976
2320.1,1,14:32:40.425568420
2320.0,1,14:32:40.448206457
2320.0,1,14:32:40.448286683
2320.3,1,14:32:41.503381260
2320.3,2,14:32:41.503394567
2320.1,1,14:32:41.803536753
2320.2,1,14:32:42.074054373
2320.4,1,14:32:43.922071635
2320.5,1,14:32:44.281854739
2320.5,1,14:32:44.974060312
2320.5,1,14:32:44.974329937
2320.5,1,14:32:44.975039714
2320.3,1,14:32:45.036087677
2320.2,1,14:32:45.245212903
2320.1,2,14:32:45.272099106
2320.1,1,14:32:45.272175744
2319.9,1,14:32:45.315970013
2319.8,1,14:32:45.324967752
2319.8,1,14:32:45.663947641
2319.7,2,14:32:45.882998018
2319.6,1,14:32:46.456090368
2319.6,1,14:32:46.456799259
2319.6,1,14:32:46.466234152
2319.6,1,14:32:46.482855051
2319.6,1,14:32:46.785979951
2319.7,1,14:32:46.858988539
2319.6,1,14:32:47.711179113
2319.6,1,14:32:47.711212528
2319.9,3,14:32:48.199656219
2319.9,1,14:32:48.199708880
2319.9,1,14:32:48.199809202
2320.0,1,14:32:48.209104819
2320.1,1,14:32:48.596916011
2320.1,1,14:32:48.714098965
2320.1,1,14:32:48.714925289
2320.1,1,14:32:48.715263667
2319.7,2,14:32:48.882174640
2320.0,1,14:32:51.159919192
2319.9,2,14:32:51.493871872
2320.0,1,14:32:51.664999090
2320.1,1,14:32:51.703611515
2320.2,1,14:32:51.704265278
2320.2,1,14:32:52.047628277
2320.0,1,14:32:52.325013542
2320.0,1,14:32:53.022173663
2319.9,2,14:32:53.094475205
2320.0,1,14:32:53.110002769
2320.0,3,14:32:53.186619474
2320.0,1,14:32:53.186818428
2320.3,1,14:32:53.937114915
2320.4,1,14:32:54.678475079
2320.4,1,14:32:54.679010063
2320.3,1,14:32:54.739641650
2320.4,1,14:32:55.419602064
2320.6,1,14:32:55.998187974
2320.7,1,14:32:56.012251621
2320.7,1,14:32:56.012981380
2320.6,1,14:32:56.088712338
2320.7,1,14:32:56.701871294
2320.8,1,14:32:57.552270369
2320.8,1,14:32:57.560694862
2320.9,1,14:32:57.622875115
2320.8,1,14:32:58.456922155
2320.6,1,14:32:58.563694166
2320.7,1,14:32:58.635386611
2320.5,1,14:32:58.832602795
2320.6,1,14:32:59.002971690
2320.7,2,14:32:59.431553471
2320.6,1,14:33:00.147987406
2320.6,1,14:33:00.368377631
2320.7,1,14:33:00.701891323
2320.9,1,14:33:00.710638888
2320.8,1,14:33:00.716911984
2320.5,2,14:33:01.078043168
2320.4,1,14:33:01.289918745
2320.4,1,14:33:01.290056687
2320.5,1,14:33:01.791984707
2320.4,1,14:33:02.514960453
2320.3,1,14:33:02.569955297
2320.4,1,14:33:02.575997863
2320.2,2,14:33:03.280443305
2320.2,1,14:33:03.280523086
2320.2,1,14:33:03.280557426
2320.2,2,14:33:03.354804558
2319.9,1,14:33:04.527892398
2319.8,1,14:33:04.536500367
2319.9,1,14:33:04.618648479
2319.7,1,14:33:04.721823911
2319.6,1,14:33:04.723234298
2319.7,1,14:33:04.723308242
2319.5,1,14:33:04.951074096
2319.5,3,14:33:04.951888269
2319.4,1,14:33:04.953077929
2319.4,2,14:33:04.957740791
2319.5,3,14:33:05.083372713
2319.4,1,14:33:05.211973710
2319.5,1,14:33:05.216342166
2319.6,1,14:33:05.245518037
2319.6,1,14:33:05.672672626
2319.6,1,14:33:05.672944279
2319.7,1,14:33:05.814091750
2319.9,2,14:33:06.744365919
2320.0,1,14:33:07.197294369
2320.0,1,14:33:07.199804074
2319.9,1,14:33:07.280722946
2319.8,1,14:33:08.401250880
2319.7,1,14:33:08.409665955
2319.8,3,14:33:08.863871592
2319.7,1,14:33:09.568432024
2319.6,2,14:33:09.568661242
2319.6,1,14:33:09.577157045
2319.6,3,14:33:09.930502946
2319.5,2,14:33:11.638503632
2319.4,1,14:33:11.640773580
2319.4,1,14:33:11.647096483
2319.5,1,14:33:11.735992920
2319.6,1,14:33:11.768088091
2319.7,1,14:33:11.781917717
2319.7,1,14:33:12.602702494
2319.7,1,14:33:13.691908646
2319.9,5,14:33:14.216940093
2319.9,1,14:33:14.541157169
2319.9,1,14:33:14.541718548
2320.0,1,14:33:14.542465548
2320.0,1,14:33:14.554326379
2320.0,1,14:33:14.554798673
2320.0,2,14:33:14.554922957
2320.0,1,14:33:14.555488783
2319.9,1,14:33:14.649502856
2319.9,1,14:33:14.649891114
2319.9,1,14:33:14.656961794
2320.0,1,14:33:15.596413095
2320.0,1,14:33:15.707021621
2320.2,1,14:33:16.547659732
2320.2,1,14:33:16.547967892
2320.5,1,14:33:17.104076857
2320.3,1,14:33:18.779235614
2320.2,1,14:33:19.865214733
2320.1,1,14:33:20.050512069
2320.1,2,14:33:20.144316464
2320.3,1,14:33:20.721798174
2320.4,1,14:33:20.730473811
2320.2,1,14:33:21.315785469
2320.1,1,14:33:21.323221411
2320.2,1,14:33:21.611337274
2320.1,1,14:33:21.768850666
2320.2,1,14:33:24.419485266
2320.1,1,14:33:24.420490491
2320.0,2,14:33:25.536168936
2320.0,1,14:33:25.537365904
2320.2,1,14:33:26.490646922
2320.4,1,14:33:26.594101292
2320.4,1,14:33:26.601821876
2320.5,1,14:33:26.626057250
2320.5,2,14:33:26.727248443
2320.6,1,14:33:26.830643837
2320.8,1,14:33:27.213577710
2320.9,1,14:33:27.465979143
2320.7,1,14:33:27.617698603
2320.9,2,14:33:27.871731104
2320.8,2,14:33:27.871809400
2320.8,1,14:33:27.871913465
2320.9,1,14:33:27.873589883
2321.0,2,14:33:27.898449738
2321.0,1,14:33:27.902777092
2321.2,2,14:33:28.387115904
2321.1,1,14:33:28.561644759
2321.1,1,14:33:28.561809262
2320.9,1,14:33:28.777610826
2320.9,1,14:33:28.974327117
2321.0,1,14:33:29.135898914
2321.0,1,14:33:30.207675915
2321.0,1,14:33:30.619675256
2320.7,1,14:33:30.965306545
2320.8,1,14:33:30.965386915
2320.7,1,14:33:30.965898887
2320.7,1,14:33:31.079747593
2320.8,1,14:33:31.079803466
2320.7,1,14:33:31.313477142
2320.7,1,14:33:31.320497063
2320.6,1,14:33:32.086630661
2320.6,1,14:33:32.087418984
2320.7,1,14:33:32.604782540
2320.6,1,14:33:33.066076843
2320.9,1,14:33:34.776795517
2320.9,3,14:33:37.200402308
2320.9,3,14:33:37.200866347
2320.8,1,14:33:38.380591720
2320.8,1,14:33:38.748629948
2320.9,1,14:33:39.187816605
2320.9,1,14:33:39.673229071
2321.0,1,14:33:40.136618764
2320.7,1,14:33:41.266958150
2320.8,2,14:33:41.448574104
2320.8,1,14:33:41.449392613
2320.9,1,14:33:41.790500748
2320.9,1,14:33:42.439549490
2320.8,1,14:33:42.451087764
2321.0,1,14:33:42.904699989
2321.0,1,14:33:42.989039172
2321.0,4,14:33:43.355918656
2320.9,1,14:33:43.355918656
2321.2,1,14:33:43.367007861
2321.3,1,14:33:43.372774966
2321.3,2,14:33:43.373265136
2321.5,1,14:33:43.388997519
2321.8,2,14:33:43.389010383
2321.6,5,14:33:43.389010383
2321.7,7,14:33:43.389010383
2321.5,2,14:33:43.391882177
2321.6,1,14:33:43.392402478
2321.6,1,14:33:43.397589834
2321.6,1,14:33:43.430441155
2321.6,1,14:33:43.497228772
2321.6,1,14:33:43.720382317
2321.6,2,14:33:43.720915294
2321.6,1,14:33:43.894056170
2321.6,1,14:33:44.262938893
2321.6,1,14:33:44.263920078
2321.7,1,14:33:44.409216467
2321.6,1,14:33:44.410351853
2321.5,1,14:33:44.411077241
2321.5,1,14:33:44.418439507
2321.4,1,14:33:44.467151154
2321.5,1,14:33:44.467151154
2321.7,1,14:33:44.529143926
2321.6,1,14:33:44.529143926
2321.7,1,14:33:44.958747315
2321.5,1,14:33:45.359809692
2321.5,1,14:33:45.360039098
2321.4,1,14:33:46.203267809
2321.6,2,14:33:46.451667066
2321.4,2,14:33:47.074211758
2321.4,1,14:33:47.074454500
2321.3,2,14:33:47.101949300
2321.4,3,14:33:47.269640218
2321.4,1,14:33:47.270228700
2321.5,1,14:33:47.727813648
2321.5,1,14:33:47.758191059
2321.3,1,14:33:47.758223795
2321.3,1,14:33:47.911850752
2321.3,1,14:33:47.936820035
2321.3,1,14:33:47.937316886
2321.7,1,14:33:49.851023515
2321.6,1,14:33:49.971774463
2321.7,1,14:33:49.990926883
2321.7,1,14:33:50.598031015
2321.6,1,14:33:50.894090570
2321.6,1,14:33:51.220859760
2321.7,1,14:33:52.366851821
2321.8,1,14:33:52.854513617
2321.8,1,14:33:53.080322219
2321.9,1,14:33:53.158565815
2321.8,1,14:33:53.630024003
2321.8,1,14:33:53.914335915
2321.7,1,14:33:54.050017618
2321.9,1,14:33:54.585107013
2321.9,1,14:33:55.183176524
2322.2,2,14:33:55.339481080
2322.0,3,14:33:55.339481080
2321.9,2,14:33:55.339481080
2322.1,3,14:33:55.339481080
2321.9,1,14:33:55.342223814
2321.9,1,14:33:55.347860350
2322.0,1,14:33:56.907450081
2322.1,2,14:33:56.909275894
2322.2,1,14:33:56.920026223
2322.3,1,14:33:56.991364827
2322.4,1,14:33:57.499389090
2322.5,2,14:33:57.575318005
2322.6,1,14:33:57.583466034
2322.8,1,14:33:57.648862350
2322.8,1,14:33:57.652635098
2322.8,1,14:33:57.664900670
2323.0,1,14:33:57.728981679
2323.0,1,14:33:57.729002597
2323.0,7,14:33:57.729234663
2323.0,2,14:33:57.729318979
2323.0,1,14:33:57.730194839
2323.0,1,14:33:57.730284316
2323.1,1,14:33:57.730341959
2323.0,1,14:33:57.730391365
2323.1,1,14:33:57.730941059
2323.0,1,14:33:57.760445119
2323.2,3,14:33:57.814583940
2323.2,1,14:33:57.830394342
2323.2,1,14:33:57.830942113
2323.3,2,14:33:57.839998340
2323.3,1,14:33:57.840801227
2323.3,1,14:33:57.841176745
2323.4,1,14:33:57.882868260
2323.4,1,14:33:57.892948184
2323.5,1,14:33:57.928337460
2323.5,1,14:33:57.928348625
2323.5,1,14:33:57.931242335
2323.5,1,14:33:57.931777683
2323.4,2,14:33:57.938890006
2323.4,1,14:33:57.941765148
2323.5,2,14:33:57.942532354
2323.6,2,14:33:57.943417012
2323.5,1,14:33:57.943641743
2323.4,2,14:33:57.949168219
2323.5,1,14:33:57.953874093
2323.4,1,14:33:58.040159670
2323.4,1,14:33:58.040604780
2323.4,1,14:33:58.050562862
2323.5,1,14:33:58.052922311
2323.6,1,14:33:58.100041180
2323.6,1,14:33:58.108896485
2323.5,1,14:33:58.124922171
2323.5,1,14:33:58.125380286
2323.5,1,14:33:58.273240831
2323.6,1,14:33:58.273240831
2323.5,2,14:33:58.273280256
2323.5,1,14:33:58.273313550
2323.5,1,14:33:58.285544052
2323.5,1,14:33:58.324122432
2323.5,1,14:33:58.325374099
2323.5,1,14:33:58.349478706
2323.5,1,14:33:58.355785383
2323.4,2,14:33:58.371878076
2323.5,1,14:33:58.401147532
2323.6,1,14:33:58.626760501
2323.7,1,14:33:58.628115332
2323.8,2,14:33:58.631855714
2323.6,1,14:33:58.638171886
2323.6,1,14:33:58.638615671
2323.7,4,14:33:58.639289748
2323.7,1,14:33:58.640067032
2323.6,1,14:33:58.655156829
2323.6,1,14:33:58.665513694
2323.6,1,14:33:58.687964056
2323.6,2,14:33:58.740841482
2323.7,1,14:33:58.843975285
2323.7,2,14:33:58.844165174
2323.6,1,14:33:58.903930178
2323.7,1,14:33:58.919400508
2323.5,2,14:33:58.968537968
2323.6,1,14:33:58.968738311
2323.6,1,14:33:58.968846377
2323.6,1,14:33:58.970128937
2323.6,1,14:33:58.970247422
2323.7,2,14:33:58.970247422
2323.7,1,14:33:58.970344058
2323.7,2,14:33:58.996823000
2323.6,1,14:33:59.124974468
2323.5,2,14:33:59.124974468
2323.6,1,14:33:59.125368374
2323.6,1,14:33:59.139303881
2323.6,1,14:33:59.269992977
2323.5,1,14:33:59.270064013
2323.6,1,14:33:59.270291662
2323.5,1,14:33:59.271841053
2323.4,2,14:33:59.289176570
2323.4,1,14:33:59.290720508
2323.5,1,14:33:59.295916517
2323.6,1,14:33:59.310552814
2323.6,1,14:33:59.310829607
2323.4,1,14:33:59.706295555
2323.3,1,14:33:59.706405717
2323.3,1,14:33:59.734306902
2323.2,2,14:33:59.771738141
2323.3,1,14:33:59.774339960
2323.1,2,14:33:59.952689991
2323.1,1,14:33:59.953057701
2323.2,1,14:33:59.968227865
2323.2,1,14:33:59.968925255
2325.8,1,14:34:43.273229833
2325.8,1,14:34:43.273305491
2325.8,1,14:34:43.273935597
2325.9,1,14:34:43.293681688
2326.0,8,14:34:43.490166675
2326.0,3,14:34:43.490223655
2326.0,2,14:34:43.490323350
2326.0,12,14:34:43.490454463
2325.9,1,14:34:43.494785334
2326.0,1,14:34:43.607235169
2326.1,2,14:34:43.609720397
2326.4,9,14:34:43.609764407
2326.6,4,14:34:43.609764407
2326.7,6,14:34:43.609764407
2326.5,6,14:34:43.609764407
2326.8,6,14:34:43.609764407
2326.9,5,14:34:43.609764407
2326.3,6,14:34:43.609764407
2327.0,11,14:34:43.609764407
2326.2,1,14:34:43.609764407
2326.2,4,14:34:43.609764407
2327.0,1,14:34:43.609767687
2326.5,1,14:34:43.610913458
2326.5,2,14:34:43.611975661
2326.5,1,14:34:43.612717606
2326.5,1,14:34:43.612921674
2326.5,1,14:34:43.614490784
2326.4,3,14:34:43.615145703
2326.8,1,14:34:43.615145703
2326.5,2,14:34:43.616574558
2326.5,1,14:34:43.617489421
2326.4,1,14:34:43.617911402
2326.3,3,14:34:43.617985542
2326.5,1,14:34:43.618040145
2326.5,1,14:34:43.618130381
2326.4,1,14:34:43.618198840
2326.4,1,14:34:43.618643518
2326.4,1,14:34:43.618984190
2326.4,1,14:34:43.620729527
2326.4,1,14:34:43.621224926
2326.4,1,14:34:43.621362630
2326.4,1,14:34:43.621717026
2326.4,1,14:34:43.621973946
2326.4,1,14:34:43.622156148
2326.2,1,14:34:43.623060493
2326.4,1,14:34:43.623306031
2326.2,1,14:34:43.624570795
2326.3,1,14:34:43.624570795
2326.2,1,14:34:43.625816648
2326.3,1,14:34:43.626225926
2326.4,1,14:34:43.626264945
2326.3,1,14:34:43.626402957
2326.2,1,14:34:43.634583141
2326.2,1,14:34:43.634845344
2326.3,1,14:34:43.635811348
2326.4,1,14:34:43.640222972
2326.4,1,14:34:43.640418823
2326.7,1,14:34:43.670195864
2326.8,2,14:34:43.670195864
2326.5,3,14:34:43.670195864
2326.6,1,14:34:43.670195864
2326.5,1,14:34:43.671573204
2326.5,1,14:34:43.713177399
2326.4,1,14:34:43.740205792
2326.4,1,14:34:43.740832317
2326.4,1,14:34:43.741398824
2326.5,1,14:34:43.867627292
2326.5,1,14:34:44.013302377
2326.4,1,14:34:44.152760796
2326.4,1,14:34:44.153007692
2326.4,1,14:34:44.153452991
2326.4,1,14:34:44.153583620
2326.6,1,14:34:44.155759597
2326.4,2,14:34:44.295058018
2326.5,1,14:34:44.627312681
2326.5,2,14:34:44.658490418
2326.4,1,14:34:44.753387597
2326.4,1,14:34:44.754029459
2326.4,1,14:34:44.754098942
2326.6,2,14:34:44.882489110
2326.5,1,14:34:44.885023311
2326.5,2,14:34:45.058161747
2326.3,2,14:34:45.153538897
2326.5,1,14:34:45.192652114
2326.3,2,14:34:45.386176240
2326.2,3,14:34:45.386176240
2326.3,2,14:34:45.680851410
2326.2,2,14:34:45.680980680
2326.2,1,14:34:45.690565382
2326.2,1,14:34:45.690835396
2326.2,1,14:34:45.691025065
2326.1,1,14:34:45.759638320
2326.1,1,14:34:45.759831873
2326.1,16,14:34:45.759924127
2326.1,1,14:34:45.762542673
2326.2,1,14:34:45.763574034
2326.2,1,14:34:45.763639545
2326.3,3,14:34:45.763761299
2326.3,3,14:34:46.946756596
2326.3,1,14:34:46.948025837
2326.5,1,14:34:46.956852943
2326.4,1,14:34:46.959614003
2326.6,1,14:34:47.283806396
2326.4,1,14:34:47.315903510
2326.5,1,14:34:47.482791803
2326.5,1,14:34:47.483171465
2326.3,1,14:34:47.850849186
2326.2,1,14:34:47.853908646
2326.1,11,14:34:48.797103367
2326.1,3,14:34:48.797343014
2326.1,1,14:34:48.798404837
2326.1,1,14:34:48.799120810
2326.2,1,14:34:48.800414282
2326.3,4,14:34:48.800695404
2326.2,1,14:34:48.801909506
2326.3,1,14:34:48.809039019
2326.2,4,14:34:49.149153366
2326.2,1,14:34:49.373693278
2326.2,4,14:34:49.374214300
2326.2,1,14:34:49.579578616
2326.2,1,14:34:49.579761567
2326.3,1,14:34:49.727948059
2326.3,1,14:34:50.841456227
2326.3,1,14:34:50.841766038
2326.3,1,14:34:50.842254816
2326.4,2,14:34:51.228436789
2326.4,3,14:34:51.248621164
2326.3,1,14:34:51.469097685
2326.4,1,14:34:51.575365602
2326.3,2,14:34:51.902615728
2326.4,1,14:34:51.932320278
2326.2,1,14:34:52.053064058
2326.3,3,14:34:52.053064058
2326.4,1,14:34:52.505817501
2326.3,2,14:34:53.044453238
2326.2,2,14:34:53.349539731
2326.1,2,14:34:53.366100903
2326.1,1,14:34:53.366320005
2326.1,5,14:34:53.366376218
2326.1,8,14:34:53.366424664
2326.2,2,14:34:53.371945658
2326.3,1,14:34:53.372857923
2326.2,1,14:34:53.404183146
2326.2,5,14:34:53.646099601
2326.2,1,14:34:53.871490367
2326.3,3,14:34:53.981212379
2326.4,2,14:34:53.981212379
2326.2,2,14:34:54.137731912
2326.1,8,14:34:54.137731912
2326.0,3,14:34:54.471426622
2326.1,7,14:34:54.471426622
2326.1,2,14:34:54.474745809
2326.2,2,14:34:54.475218984
2326.2,1,14:34:54.672337854
2326.2,1,14:34:54.672549257
2326.2,1,14:34:54.831920692
2326.1,7,14:34:54.831920692
2326.3,1,14:34:55.345206751
2326.3,3,14:34:55.415334711
2326.4,2,14:34:55.616773097
2326.5,3,14:34:55.617297223
2326.6,2,14:34:55.659346016
2326.7,1,14:34:55.660827150
2326.7,3,14:34:55.661357215
2326.7,1,14:34:55.661403891
2326.7,3,14:34:56.242720645
2326.7,2,14:34:56.460949169
2326.7,2,14:34:56.479320762
2326.7,2,14:34:56.479553531
2326.3,1,14:34:56.807030038
2326.5,4,14:34:56.973853980
2326.4,3,14:34:56.973853980
2326.3,1,14:34:56.973853980
2326.7,1,14:34:56.973853980
2326.6,1,14:34:56.973853980
2326.3,2,14:34:57.080625767
2326.3,1,14:34:57.081407200
2326.3,1,14:34:57.103346481
2326.1,4,14:34:57.434486622
2326.1,7,14:34:57.437836288
2326.2,2,14:34:57.438412133
2326.1,3,14:34:57.648933227
2326.2,2,14:34:57.652597394
2326.2,1,14:34:57.934914825
2326.3,2,14:34:58.405316169
2326.5,1,14:34:58.570754157
2326.6,3,14:34:58.856558038
2326.7,2,14:34:58.856558038
2326.5,3,14:34:58.856558038
2326.5,1,14:34:58.858192987
2326.6,1,14:34:59.120925205
2326.7,2,14:34:59.144140179
2326.8,3,14:34:59.144140179
2326.6,1,14:34:59.176071276
2326.5,1,14:34:59.640694539
2326.3,2,14:34:59.796422961
2326.3,1,14:34:59.805203855
2326.4,1,14:34:59.985854325
2326.3,1,14:35:00.026905297
2326.3,1,14:35:00.126593262
2326.3,1,14:35:00.185712821
2326.4,1,14:35:00.205815207
2326.4,1,14:35:00.206595700
2326.3,1,14:35:00.284475127
2326.3,1,14:35:00.348315016
2326.4,2,14:35:00.775460629
2326.5,1,14:35:00.775831481
2326.4,1,14:35:00.786454281
2326.5,1,14:35:00.890367167
2326.7,3,14:35:00.907108416
2326.6,1,14:35:00.949321521
2326.6,1,14:35:00.950303544
2326.7,3,14:35:00.951002924
2326.7,1,14:35:00.951031072
2326.6,2,14:35:00.981500627
2326.3,5,14:35:00.981500627
2326.4,4,14:35:00.981500627
2326.5,5,14:35:00.981500627
2326.3,2,14:35:00.982398373
2326.3,3,14:35:00.982566975
2326.3,11,14:35:00.982732614
2326.3,8,14:35:00.982800414
2326.2,6,14:35:00.982929779
2326.5,1,14:35:00.983071376
2326.2,1,14:35:00.983638571
2326.3,2,14:35:00.983638571
2326.3,2,14:35:00.985675217
2326.1,1,14:35:01.162536848
2326.0,1,14:35:01.162552185
2325.9,10,14:35:01.291527971
2325.9,1,14:35:01.293353256
2326.1,4,14:35:01.296375896
2326.1,1,14:35:01.599756611
2326.0,1,14:35:02.013340928
2326.1,2,14:35:02.016505524
2326.0,1,14:35:02.057055404
2326.1,1,14:35:02.298024170
2326.2,1,14:35:02.322176935
2326.2,1,14:35:02.976472269
2325.9,4,14:35:03.493675407
2325.9,2,14:35:03.493912740
2325.9,3,14:35:03.493989542
2325.9,2,14:35:03.494070667
2325.8,1,14:35:03.759092132
2325.8,1,14:35:03.830975821
2325.7,1,14:35:03.839995602
2325.6,1,14:35:03.841059275
2325.5,1,14:35:03.854458179
2325.4,1,14:35:03.854469101
2325.6,2,14:35:03.952398336
2325.6,1,14:35:03.952549808
2325.6,1,14:35:03.953863072
2325.5,1,14:35:03.959643951
2325.4,4,14:35:04.123164542
2325.3,4,14:35:04.123164542
2325.5,3,14:35:04.169755156
2325.4,2,14:35:04.169755156
2325.6,4,14:35:04.169755156
2325.6,1,14:35:04.170794806
2325.6,1,14:35:04.171213141
2325.4,2,14:35:04.196207739
2325.3,3,14:35:04.303359482
2325.3,2,14:35:04.303823351
2325.3,1,14:35:04.313882802
2325.3,1,14:35:04.314245581
2325.7,1,14:35:04.679842750
2325.7,1,14:35:04.682284925
2325.6,1,14:35:04.714288761
2325.6,1,14:35:04.792091315
2325.4,2,14:35:04.835786244
2325.5,1,14:35:05.239762674
2325.5,1,14:35:05.310517816
2325.3,1,14:35:05.602624861
2325.2,4,14:35:05.602624861
2325.3,1,14:35:05.603902201
2325.2,4,14:35:05.956961864
2325.2,1,14:35:05.958703211
2325.3,1,14:35:06.007759591
2325.3,1,14:35:06.376032230
2325.4,1,14:35:06.788229254
2325.4,1,14:35:06.788466475
2325.5,1,14:35:06.804428249
2325.3,1,14:35:07.165084830
2325.2,2,14:35:07.305386376
2325.3,1,14:35:07.306984837
2325.3,1,14:35:07.365169853
2325.3,2,14:35:07.365718984
2325.4,2,14:35:07.854171225
2325.5,3,14:35:07.854171225
2325.2,2,14:35:07.868047868
2325.5,2,14:35:07.921022251
2325.4,3,14:35:07.921022251
2325.3,1,14:35:07.962219748
2325.2,1,14:35:08.119844874
2325.2,1,14:35:08.120093237
2325.2,1,14:35:08.120366523
2325.3,1,14:35:08.121722307
2325.6,2,14:35:08.492837568
2325.6,1,14:35:08.497133088
2325.5,1,14:35:08.566225865
2325.9,6,14:35:09.404322772
2326.4,8,14:35:09.404322772
2326.0,5,14:35:09.404322772
2326.3,5,14:35:09.404322772
2326.1,8,14:35:09.404322772
2326.2,8,14:35:09.404322772
2325.8,4,14:35:09.404322772
2325.7,2,14:35:09.404322772
2326.5,1,14:35:09.404322772
2325.6,3,14:35:09.404322772
2325.9,1,14:35:09.407819370
2325.9,1,14:35:09.409912977
2326.0,1,14:35:09.409969715
2326.0,1,14:35:09.413648880
2326.0,1,14:35:09.413682682
2326.0,1,14:35:09.413713195
2326.0,1,14:35:09.413808653
2326.0,1,14:35:09.414137888
2326.1,1,14:35:09.414137888
2326.0,1,14:35:09.417381755
2326.0,1,14:35:09.417635060
2326.1,1,14:35:09.429547755
2326.1,1,14:35:09.429850588
2326.1,1,14:35:09.429898664
2326.1,1,14:35:09.429989066
2326.1,3,14:35:09.464122750
2326.1,1,14:35:09.464206838
2326.1,1,14:35:09.481034356
2326.0,1,14:35:09.497345350
2326.1,1,14:35:09.563048555
2326.0,2,14:35:09.600769230
2326.0,1,14:35:09.601101458
2326.0,3,14:35:09.750937847
2325.9,1,14:35:10.045473190
2325.9,2,14:35:10.045679875
2326.0,1,14:35:10.145924975
2326.0,2,14:35:10.173024196
2326.1,1,14:35:10.445878442
2326.1,1,14:35:10.602186004
2326.1,1,14:35:10.602606470
2325.9,4,14:35:10.637100372
2326.0,2,14:35:10.637100372
2325.8,4,14:35:10.637100372
2325.9,1,14:35:10.638938810
2325.9,1,14:35:10.639090569
2326.0,1,14:35:10.745731038
2326.1,1,14:35:10.952601238
2326.2,1,14:35:11.104103885
2326.2,3,14:35:11.483707058
2326.0,5,14:35:11.483707058
2325.9,2,14:35:11.483707058
2326.1,3,14:35:11.483707058
2326.0,1,14:35:11.485774825
2326.1,1,14:35:11.486423247
2325.9,1,14:35:11.486423247
2325.9,1,14:35:11.487607060
2325.9,1,14:35:11.487714646
2325.9,1,14:35:11.487853942
2325.9,3,14:35:11.489675159
2325.8,3,14:35:11.490553576
2325.8,2,14:35:11.490761210
2325.7,1,14:35:11.493844885
2325.7,5,14:35:11.494131787
2325.9,4,14:35:11.506720344
2325.8,4,14:35:11.506720344
2325.7,2,14:35:11.508100916
2325.7,1,14:35:11.509259400
2325.8,2,14:35:11.526940522
2325.8,1,14:35:11.532271067
2325.9,1,14:35:11.532355280
2326.0,3,14:35:11.543762415
2326.0,7,14:35:11.544068966
2325.6,1,14:35:11.620253570
2325.8,1,14:35:11.668259971
2325.7,1,14:35:11.697183572
2325.8,1,14:35:11.709722993
2325.8,1,14:35:11.868609507
2325.9,1,14:35:11.903067781
2326.0,1,14:35:12.057737344
2325.9,1,14:35:12.061187957
2325.9,1,14:35:12.528519492
2326.0,1,14:35:12.532465559
2325.9,1,14:35:12.590082834
2325.9,1,14:35:12.697842093
2326.0,1,14:35:12.769548811
2325.9,1,14:35:12.774320171
2325.8,1,14:35:13.648538015
2325.8,2,14:35:14.242116105
2325.8,1,14:35:14.410682562
2325.7,1,14:35:14.502933561
2325.7,1,14:35:14.670231654
2325.6,3,14:35:14.670231654
2325.5,1,14:35:14.670231654
2325.7,1,14:35:14.972821778
2325.8,1,14:35:14.972935265
2325.7,1,14:35:15.015829982
2325.8,1,14:35:15.111042503
2325.5,1,14:35:15.399984664
2325.7,2,14:35:15.400700119
2325.7,1,14:35:15.466592901
2325.8,1,14:35:15.654842634
2325.7,1,14:35:15.766479917
2325.8,1,14:35:15.766479917
2325.8,1,14:35:16.074400155
2325.8,1,14:35:16.200781163
2325.9,1,14:35:16.228636394
2325.9,1,14:35:16.228828619
2326.0,7,14:35:16.522267856
2326.0,2,14:35:16.522294350
2326.0,2,14:35:16.522417847
2326.0,2,14:35:16.522492270
2326.0,3,14:35:16.522596632
2326.0,3,14:35:16.522688109
2326.0,3,14:35:16.523584900
2325.9,2,14:35:16.523652237
2326.0,1,14:35:16.530627497
2325.9,2,14:35:17.125107055
2325.9,1,14:35:17.238277904
2325.8,2,14:35:17.421512102
2325.8,2,14:35:17.436708300
2325.8,1,14:35:17.436947540
2325.8,1,14:35:17.437018882
2325.8,1,14:35:17.437493448
2325.7,2,14:35:17.545747123
2325.6,1,14:35:17.547420302
2325.5,1,14:35:17.866549092
2325.5,1,14:35:17.867197573
2325.5,1,14:35:17.867735443
2325.4,1,14:35:18.086186309
2325.3,2,14:35:18.542877910
2325.2,3,14:35:18.542877910
2325.4,2,14:35:18.545850962
2325.3,1,14:35:18.545921290
2325.3,1,14:35:18.865980250
2325.4,1,14:35:19.284770637
2325.2,1,14:35:19.408434640
2325.2,2,14:35:19.408634172
2325.2,1,14:35:19.408987751
2325.1,1,14:35:19.409486546
2325.1,1,14:35:19.411139817
2325.1,3,14:35:19.539216800
2325.0,2,14:35:19.863555828
2324.8,3,14:35:19.863555828
2324.9,4,14:35:19.863555828
2324.7,2,14:35:19.863555828
2324.7,1,14:35:19.863569236
2325.0,1,14:35:19.865346379
2325.0,1,14:35:19.866349702
2324.9,1,14:35:19.901778525
2325.1,1,14:35:20.069168813
2325.1,2,14:35:20.583183430
2325.0,2,14:35:21.246357718
2325.0,1,14:35:21.621843651
2325.0,1,14:35:21.622207104
2325.0,2,14:35:21.622312617
2325.1,1,14:35:21.622578481
2325.0,2,14:35:21.622648508
2325.3,1,14:35:21.674548477
2325.0,2,14:35:21.861361508
2324.9,1,14:35:21.861956928
2324.9,1,14:35:21.862092889
2324.9,1,14:35:21.862224812
2324.8,1,14:35:22.079613730
2325.2,4,14:35:22.239575122
2325.5,3,14:35:22.239575122
2324.9,2,14:35:22.239575122
2325.3,6,14:35:22.239575122
2325.1,2,14:35:22.239575122
2325.4,4,14:35:22.239575122
2325.0,3,14:35:22.239575122
2325.6,6,14:35:22.239575122
2325.1,1,14:35:22.243469053
2325.1,1,14:35:22.243509124
2325.2,1,14:35:22.246768099
2325.1,2,14:35:22.256688357
2325.2,2,14:35:22.257123223
2325.3,1,14:35:22.269241944
2325.3,1,14:35:22.270541193
2325.3,1,14:35:22.270588528
2325.3,1,14:35:22.570368643
2325.3,1,14:35:22.570994953
2325.3,1,14:35:22.571430626
2325.1,1,14:35:22.573945300
2325.1,1,14:35:22.617778315
2325.2,3,14:35:23.305028285
2325.3,1,14:35:23.306732036
2325.5,1,14:35:23.311894978
2325.4,1,14:35:23.324907628
2325.5,1,14:35:23.550850809
2325.7,1,14:35:23.567408337
2325.8,1,14:35:23.652347632
2325.8,1,14:35:23.855294166
2325.9,1,14:35:23.913006435
2326.0,3,14:35:24.159466121
2326.0,1,14:35:24.179374102
2326.0,1,14:35:24.179864527
2326.1,1,14:35:24.182622382
2325.9,1,14:35:24.530206013
2325.8,2,14:35:24.530206013
2325.7,1,14:35:25.265108362
2325.9,2,14:35:25.861974991
2325.8,1,14:35:25.861974991
2325.8,1,14:35:25.863698047
2325.9,1,14:35:25.863758918
2325.8,1,14:35:25.864578234
2325.9,1,14:35:25.864623435
2325.9,1,14:35:25.865123365
2325.9,1,14:35:25.870435997
2326.0,1,14:35:25.879975360
2326.0,2,14:35:25.880065356
2326.0,1,14:35:26.003612395
2325.7,1,14:35:26.793260654
2325.6,1,14:35:26.813643996
2325.6,2,14:35:26.814782441
2325.6,1,14:35:26.814831102
2325.6,2,14:35:26.815078277
2325.5,1,14:35:26.820146473
2325.3,2,14:35:26.915213233
2325.3,1,14:35:27.221293223
2325.2,1,14:35:27.317960840
2325.2,1,14:35:27.318057034
2325.2,1,14:35:27.319494759
2324.9,2,14:35:27.494990472
2324.9,2,14:35:27.496509162
2324.8,1,14:35:27.500177741
2324.9,2,14:35:27.640801592
2324.9,1,14:35:27.641082061
2325.0,1,14:35:27.644706909
2325.0,1,14:35:27.755402543
2325.0,1,14:35:27.755934151
2324.7,1,14:35:27.935828019
2324.8,1,14:35:27.951388105
2324.6,3,14:35:27.990953703
2324.6,1,14:35:27.991451309
2324.6,1,14:35:28.155832725
2324.7,1,14:35:28.362703150
2324.9,1,14:35:28.728653866
2324.7,1,14:35:28.773924741
2324.5,1,14:35:29.023651110
2324.6,1,14:35:29.024079832
2324.5,3,14:35:29.024151056
2324.6,1,14:35:29.122088397
2324.5,1,14:35:29.268480753
2324.4,1,14:35:29.430397364
2324.5,1,14:35:29.580624049
2324.6,1,14:35:29.941940724
2324.8,3,14:35:30.246333379
2324.7,2,14:35:30.246333379
2324.7,1,14:35:30.337765942
2324.9,2,14:35:30.436828060
2325.0,2,14:35:30.453452763
2325.1,1,14:35:30.663539943
2325.0,2,14:35:30.702645272
2325.0,3,14:35:30.703126849
2324.9,1,14:35:30.849647836
2325.0,1,14:35:30.983522508
2324.9,1,14:35:31.421660914
2325.3,1,14:35:32.884177051
2325.4,1,14:35:32.943590578
2325.3,1,14:35:32.958304481
2325.2,2,14:35:33.002191027
2325.3,2,14:35:33.288773589
2325.3,1,14:35:33.290162593
2325.2,1,14:35:33.582246096
2325.2,1,14:35:33.582405293
2325.2,1,14:35:33.799273695
2325.1,1,14:35:34.045743568
2325.0,1,14:35:34.244477724
2325.0,1,14:35:34.244697449
2325.0,1,14:35:34.244742337
2325.0,4,14:35:34.244839622
2324.7,1,14:35:34.532313312
2324.8,1,14:35:35.069755680
2324.8,1,14:35:35.070132215
2324.8,1,14:35:35.188953962
2324.7,1,14:35:35.474942912
2324.6,1,14:35:35.498342235
2324.5,1,14:35:35.526046469
2324.4,4,14:35:35.526046469
2324.5,1,14:35:35.528472506
2324.5,1,14:35:35.649451521
2324.5,1,14:35:35.650399672
2324.5,1,14:35:36.084148760
2324.4,1,14:35:36.084697362
2324.3,1,14:35:36.109481796
2324.3,1,14:35:36.233240295
2324.3,1,14:35:36.233905627
2324.4,2,14:35:36.342908929
2324.4,1,14:35:36.343212742
2324.3,1,14:35:36.513896088
2324.3,3,14:35:36.575399761
2324.2,6,14:35:36.575399761
2324.4,1,14:35:36.575399761
2324.3,1,14:35:36.633904087
2324.4,1,14:35:36.816163266
2324.4,1,14:35:36.816214359
2324.3,1,14:35:36.819635989
2324.4,2,14:35:36.903434240
2324.4,2,14:35:36.903846657
2324.3,1,14:35:36.993666689
2324.3,1,14:35:37.253729479
2324.3,3,14:35:37.253915111
2324.3,1,14:35:37.254021283
2324.3,1,14:35:37.254537153
2324.2,2,14:35:37.262850296
2324.2,2,14:35:37.262906207
2324.2,1,14:35:37.263329839
2324.2,1,14:35:37.430899605
2324.1,1,14:35:37.450986378
2324.0,2,14:35:37.459244932
2324.0,1,14:35:37.459266491
2324.1,1,14:35:37.459452140
2323.9,1,14:35:37.495112526
2323.9,2,14:35:37.495344477
2323.8,4,14:35:37.635110611
2323.8,1,14:35:37.635175122
2323.7,1,14:35:37.662850261
2323.6,1,14:35:37.666127714
2323.6,1,14:35:37.666386356
2323.5,2,14:35:37.694218950
2323.4,1,14:35:37.695254391
2323.3,1,14:35:37.706355245
2323.3,1,14:35:37.706406901
2323.2,1,14:35:37.715026896
2323.2,1,14:35:37.715246154
2323.2,1,14:35:37.720014867
2323.2,1,14:35:37.749769007
2323.3,1,14:35:37.763172814
2323.4,4,14:35:37.783579219
2323.5,2,14:35:37.784669059
2323.5,1,14:35:37.785905247
2323.6,1,14:35:37.792504756
2323.6,1,14:35:37.796780856
2323.5,1,14:35:37.817758447
2323.6,1,14:35:37.851012254
2323.6,1,14:35:37.903748972
2323.6,1,14:35:37.943399410
2323.7,1,14:35:37.983154363
2323.6,1,14:35:37.993788213
2323.7,2,14:35:37.999684943
2323.6,1,14:35:38.006038166
2323.4,1,14:35:38.011766195
2323.5,1,14:35:38.034044967
2323.5,1,14:35:38.044404060
2323.4,2,14:35:38.050275567
2323.5,1,14:35:38.052339569
2323.6,3,14:35:38.084627591
2323.5,1,14:35:38.109362564
2323.3,1,14:35:38.127491317
2323.3,1,14:35:38.127859075
2323.4,5,14:35:38.134876604
2323.4,2,14:35:38.206907063
2323.5,1,14:35:38.245170152
2323.5,3,14:35:38.245572175
2323.4,1,14:35:38.247393643
2323.4,1,14:35:38.248065183
2323.5,1,14:35:38.255438558
2323.4,1,14:35:38.281035432
2323.5,1,14:35:38.324094391
2323.3,1,14:35:38.557898865
2323.2,1,14:35:38.558573384
2323.3,1,14:35:38.561904312
2323.2,2,14:35:38.572497512
2323.2,1,14:35:38.574367447
2323.1,1,14:35:38.574430133
2323.0,1,14:35:38.660287878
2323.0,4,14:35:38.661875542
2323.0,5,14:35:38.662112181
2323.0,2,14:35:38.662242550
2323.0,1,14:35:38.662891463
2323.1,2,14:35:38.710824757
2322.9,1,14:35:38.820739487
2322.9,1,14:35:38.820855966
2322.6,6,14:35:38.833184276
2322.7,3,14:35:38.833184276
2322.5,1,14:35:38.833184276
2322.7,1,14:35:38.834730182
2322.7,1,14:35:38.834853778
2322.7,1,14:35:38.836534148
2322.3,1,14:35:38.875555409
2322.3,2,14:35:38.876273334
2322.1,1,14:35:38.925656708
2322.1,1,14:35:38.926038108
2322.2,1,14:35:38.926503627
2322.2,1,14:35:38.926937134
2322.3,1,14:35:38.927181683
2322.2,1,14:35:38.992895414
2322.1,1,14:35:38.995480662
2322.1,1,14:35:38.995658066
2322.1,1,14:35:38.995721306
2322.0,2,14:35:39.017282586
2321.9,2,14:35:39.017290106
2322.0,1,14:35:39.019156268
2321.8,1,14:35:39.033038606
2321.9,1,14:35:39.033120879
2321.9,1,14:35:39.046265164
2321.8,1,14:35:39.053051016
2321.9,1,14:35:39.053566098
2321.8,1,14:35:39.054274724
2321.9,1,14:35:39.054936212
2322.0,1,14:35:39.092283436
2322.0,2,14:35:39.092564402
2321.9,1,14:35:39.093624107
2322.1,1,14:35:39.113787128
2322.2,2,14:35:39.167083317
2322.3,1,14:35:39.181499995
2322.2,1,14:35:39.182651292
2322.2,1,14:35:39.183124722
2322.1,2,14:35:39.231818860
2322.2,3,14:35:39.311525520
2322.2,1,14:35:39.311746485
2322.3,1,14:35:39.345191813
2322.1,3,14:35:39.416756933
2322.0,4,14:35:39.416756933
2322.0,3,14:35:39.417519304
2322.3,5,14:35:39.559433862
2322.2,1,14:35:39.560177910
2322.2,1,14:35:39.560714228
2322.2,1,14:35:39.560790703
2322.3,2,14:35:39.610860904
2322.2,1,14:35:39.611187212
2322.3,1,14:35:39.626881637
2322.2,1,14:35:39.630198002
2322.4,1,14:35:39.661811111
2322.5,1,14:35:39.669265546
2322.7,1,14:35:39.680641504
2322.7,1,14:35:39.682785912
2322.5,1,14:35:39.682992742
2322.7,1,14:35:39.702800706
2322.7,1,14:35:39.703236174
2322.6,1,14:35:39.765226856
2322.7,1,14:35:39.817318881
2322.8,1,14:35:39.819294211
2322.8,1,14:35:39.819707045
2322.6,1,14:35:39.826986036
2322.7,1,14:35:39.878777274
2322.7,1,14:35:39.893882603
2322.7,2,14:35:39.894350904
2322.7,1,14:35:39.894914221
2322.8,1,14:35:39.919967363
2322.8,1,14:35:39.978740509
2322.4,2,14:35:40.051685895
2322.6,4,14:35:40.051685895
2322.5,2,14:35:40.051685895
2322.7,2,14:35:40.051685895
2322.8,1,14:35:40.115151596
2322.9,1,14:35:40.121555385
2322.9,1,14:35:40.124235437
2322.8,1,14:35:40.184312134
2322.9,2,14:35:40.257409704
2323.0,1,14:35:40.276115519
2322.9,2,14:35:40.293615843
2323.0,1,14:35:40.302729154
2322.9,1,14:35:40.309908345
2322.9,2,14:35:40.310222182
2322.9,1,14:35:40.310247917
2322.7,1,14:35:40.648049839
2322.7,4,14:35:40.648424960
2322.7,1,14:35:40.649268513
2322.8,1,14:35:40.814874267
2322.6,1,14:35:41.137606433
2322.7,2,14:35:41.365396462
2322.5,3,14:35:41.399063556
2322.6,1,14:35:41.534807512
2322.6,1,14:35:41.917891899
2322.5,2,14:35:41.921116467
2322.3,1,14:35:41.937705378
2322.5,2,14:35:42.003318225
2322.3,1,14:35:42.315736943
2322.0,4,14:35:42.687473498
2322.2,1,14:35:42.752280396
2322.3,1,14:35:42.797738388
2322.2,1,14:35:42.881765049
2322.4,1,14:35:43.187759809
2322.4,1,14:35:43.188736690
2322.5,2,14:35:43.189048668
2322.6,1,14:35:43.217626812
2322.6,1,14:35:43.217928095
2322.8,1,14:35:43.248126732
2322.7,1,14:35:43.268297341
2322.9,2,14:35:43.275451216
2322.9,1,14:35:43.280280645
2322.9,1,14:35:43.283681020
2322.8,1,14:35:43.305205262
2322.9,1,14:35:43.334366711
2322.9,1,14:35:43.338203646
2323.0,1,14:35:43.376846902
2322.8,1,14:35:43.530774179
2322.8,1,14:35:43.531602554
2322.9,1,14:35:43.531602554
2323.0,1,14:35:43.695051556
2323.1,1,14:35:43.724906958
2323.0,1,14:35:43.929558022
2323.4,2,14:35:44.042054981
2323.3,3,14:35:44.042054981
2323.4,1,14:35:44.042067900
2323.3,1,14:35:44.105549219
2323.4,1,14:35:44.190891026
2323.3,1,14:35:44.306111122
2323.3,1,14:35:44.414069766
2323.4,1,14:35:44.414296561
2323.5,1,14:35:44.511526336
2323.4,1,14:35:44.645281347
2323.4,1,14:35:44.668506602
2323.4,1,14:35:44.728391624
2323.5,1,14:35:45.028243262
2323.6,1,14:35:45.030049096
2323.5,1,14:35:45.038660544
2323.6,1,14:35:45.039966858
2323.6,2,14:35:45.096733011
2323.4,2,14:35:45.115107403
2323.2,1,14:35:45.145033149
2323.2,1,14:35:45.145248178
2323.2,1,14:35:45.410441855
2323.0,1,14:35:45.454756009
2323.0,1,14:35:45.510392418
2322.8,2,14:35:45.660625782
2323.0,1,14:35:45.699866375
2322.9,1,14:35:45.769066130
2322.8,1,14:35:45.773367340
2322.9,2,14:35:46.234567996
2322.9,1,14:35:46.235539704
2323.0,1,14:35:46.336001664
2323.0,1,14:35:46.336362475
2322.7,1,14:35:46.646731303
2322.5,1,14:35:46.648781434
2322.4,1,14:35:46.649568698
2322.5,1,14:35:46.649673663
2322.5,1,14:35:46.650378535
2322.5,1,14:35:46.651231052
2322.4,1,14:35:46.659690409
2322.2,1,14:35:46.677136600
2322.3,1,14:35:46.718323524
2322.2,1,14:35:46.787675464
2322.4,4,14:35:46.827787380
2322.5,1,14:35:46.827787380
2322.3,1,14:35:46.827787380
2322.2,1,14:35:46.958795006
2322.2,1,14:35:47.079438446
2322.0,1,14:35:47.493813583
2322.0,1,14:35:47.494424546
2321.9,2,14:35:47.508416102
2321.8,1,14:35:47.552546194
2321.7,1,14:35:47.592382682
2321.7,1,14:35:47.592440367
2321.6,1,14:35:47.593429822
2321.8,1,14:35:47.617022766
2321.5,2,14:35:47.652847455
2321.4,1,14:35:47.653683578
2321.5,1,14:35:47.656561857
2321.5,1,14:35:47.657231417
2321.3,1,14:35:47.673123707
2321.1,1,14:35:47.682496884
2321.2,2,14:35:47.685279946
2321.1,1,14:35:47.689185842
2321.0,2,14:35:47.689968722
2320.9,1,14:35:47.693199817
2321.0,1,14:35:47.694228766
2320.9,1,14:35:47.695680667
2320.9,1,14:35:47.696194635
2321.0,1,14:35:47.707492537
2320.9,1,14:35:47.707798735
2320.9,1,14:35:47.709219836
2321.0,1,14:35:47.731601877
2321.0,1,14:35:47.736541004
2320.9,3,14:35:47.736896540
2320.9,1,14:35:47.737646687
2321.0,1,14:35:47.759062839
2321.1,1,14:35:47.770558233
2321.1,1,14:35:47.770808881
2321.1,1,14:35:47.773828773
2321.6,6,14:35:47.925514055
2321.5,3,14:35:47.925514055
2321.8,1,14:35:47.925514055
2321.7,5,14:35:47.925514055
2321.2,2,14:35:47.925514055
2321.3,4,14:35:47.925514055
2321.4,4,14:35:47.925514055
2321.5,1,14:35:47.929975389
2321.5,1,14:35:47.933229843
2321.5,1,14:35:47.937469666
2321.4,1,14:35:47.947044947
2321.4,1,14:35:47.947098695
2321.3,1,14:35:47.948859412
2321.3,1,14:35:47.951441084
2321.3,1,14:35:47.974656067
2321.0,1,14:35:48.141772159
2321.0,1,14:35:48.142104172
2320.9,1,14:35:48.160393043
2320.8,1,14:35:48.191646834
2320.7,2,14:35:48.194191116
2320.6,1,14:35:48.201156984
2320.5,1,14:35:48.201168172
2320.5,1,14:35:48.201662102
2320.7,2,14:35:48.212566946
2320.7,1,14:35:48.265110240
2320.8,1,14:35:48.265239869
2319.8,1,14:35:51.298907441
2319.9,1,14:35:51.299154533
2319.9,1,14:35:51.299786979
2319.7,1,14:35:51.365573035
2319.7,1,14:35:51.367218447
2319.5,1,14:35:51.378811059
2319.6,2,14:35:51.382465547
2319.8,1,14:35:51.549132774
2319.9,2,14:35:51.550792354
2320.0,1,14:35:51.570440286
2320.1,1,14:35:51.577851341
2320.2,1,14:35:51.586356406
2320.3,1,14:35:51.688580627
2320.2,1,14:35:51.695163339
2320.3,2,14:35:51.712903861
2320.4,2,14:35:51.749613298
2320.5,3,14:35:51.749613298
2320.5,1,14:35:51.798122343
2320.4,1,14:35:51.798911082
2320.3,2,14:35:51.848676849
2320.3,2,14:35:51.871551506
2320.4,1,14:35:51.872551690
2320.5,1,14:35:51.874684398
2320.6,1,14:35:51.884929024
2320.7,1,14:35:51.907757837
2320.6,1,14:35:51.932995652
2320.6,1,14:35:51.933075679
2320.5,1,14:35:51.936078370
2320.7,1,14:35:51.998544100
2320.2,1,14:35:52.056911330
2320.0,1,14:35:52.073767580
2320.3,1,14:35:52.162729962
2320.4,1,14:35:52.250519114
2320.5,1,14:35:52.282532999
2320.3,1,14:35:52.340761029
2320.5,1,14:35:52.403510703
2320.6,1,14:35:52.429198532
2320.5,2,14:35:52.429543686
2320.6,1,14:35:52.430284043
2320.5,1,14:35:52.590544496
2320.4,1,14:35:52.591555845
2322.1,2,14:35:55.211247038
2322.1,1,14:35:55.212195229
2322.0,1,14:35:55.213820628
2321.9,1,14:35:55.214822447
2321.9,1,14:35:55.215360339
2321.8,2,14:35:55.234568343
2321.8,1,14:35:55.234697053
2321.8,2,14:35:55.234876602
2321.8,2,14:35:55.235224526
2321.8,1,14:35:55.265168922
2321.9,1,14:35:55.281789001
2321.9,1,14:35:55.321183070
2322.0,1,14:35:55.436567072
2322.0,1,14:35:55.446705408
2322.2,1,14:35:55.659623939
2322.1,2,14:35:55.661204554
2322.2,1,14:35:55.662630873
2322.2,1,14:35:55.663097401
2322.1,1,14:35:55.663243029
2322.2,1,14:35:55.663243029
2322.1,2,14:35:55.743536744
2322.2,1,14:35:55.881422500
2322.1,2,14:35:55.965358972
2322.1,1,14:35:56.083586546
2322.0,2,14:35:56.158166816
2321.9,1,14:35:56.175839250
2321.9,1,14:35:56.209412430
2321.9,1,14:35:56.209615141
2321.8,2,14:35:56.244346235
2321.9,1,14:35:56.329573268
2322.0,2,14:35:56.406154370
2322.0,1,14:35:56.652982809
2321.9,1,14:35:56.770571725
2322.2,1,14:35:56.974297739
2322.1,2,14:35:57.087999828
2322.0,1,14:35:57.209833195
2322.0,1,14:35:57.210235318
2322.2,2,14:35:57.363114566
2322.2,1,14:35:57.363201447
2322.3,1,14:35:57.368298913
2322.1,1,14:35:57.503924692
2322.1,4,14:35:57.615311188
2322.3,1,14:35:57.678212178
2322.3,1,14:35:57.678298106
2322.3,1,14:35:57.680471820
2322.2,1,14:35:57.930278320
2322.5,1,14:35:58.140757701
2322.7,1,14:35:58.227286486
2322.8,1,14:35:58.242654230
2322.7,1,14:35:58.244052505
2322.6,1,14:35:58.251540809
2322.5,1,14:35:58.253828666
2322.4,2,14:35:58.284981240
2322.5,1,14:35:58.299688401
2322.4,1,14:35:58.395565025
2322.5,1,14:35:58.516163466
2322.5,1,14:35:58.518781746
2322.7,2,14:35:58.518891236
2322.6,1,14:35:58.596711634
2322.4,3,14:35:58.723932319
2322.5,2,14:35:58.723932319
2322.5,1,14:36:11.788134670
2322.7,1,14:36:11.817051093
2322.7,1,14:36:12.074269899
2322.7,1,14:36:12.161261942
2322.6,2,14:36:12.380572133
2322.5,1,14:36:12.380693562
2322.5,1,14:36:12.380906207
2322.6,1,14:36:12.381328174
2322.4,1,14:36:12.387372372
2322.3,1,14:36:12.388117955
2322.4,1,14:36:12.389066157
2322.3,1,14:36:12.395686476
2322.3,1,14:36:12.395968306
2322.2,2,14:36:12.448740809
2322.3,1,14:36:12.520915676
2322.3,1,14:36:12.521811378
2322.2,1,14:36:12.521964907
2322.3,1,14:36:12.532429922
2322.2,2,14:36:12.605334670
2322.5,4,14:36:12.797535364
2322.4,2,14:36:12.797535364
2322.7,6,14:36:12.797535364
2322.6,13,14:36:12.797535364
2322.6,1,14:36:12.798772769
2322.5,1,14:36:12.799836006
2322.5,1,14:36:12.801054098
2322.5,1,14:36:12.801276310
2322.5,1,14:36:12.828259370
2322.5,1,14:36:12.834489281
2322.6,1,14:36:12.845307785
2322.7,3,14:36:12.846382542
2322.7,1,14:36:12.847171099
2322.6,2,14:36:12.848225719
2322.5,1,14:36:12.871125886
2322.5,1,14:36:12.876373183
2322.5,1,14:36:12.885147587
2322.5,1,14:36:13.027447162
2322.6,1,14:36:13.097430194
2322.7,1,14:36:13.130467235
2322.7,1,14:36:13.355898594
2322.8,1,14:36:13.357653458
2322.5,1,14:36:13.423854928
2322.5,1,14:36:13.424067998
2322.4,2,14:36:13.594768570
2322.7,1,14:36:13.801584049
2322.6,1,14:36:14.114378891
2322.6,1,14:36:14.157264197
2322.6,1,14:36:14.245668863
2323.0,1,14:36:14.559458851
2323.2,1,14:36:14.559473268
2323.1,1,14:36:14.559473268
2323.0,3,14:36:14.593791956
2323.0,1,14:36:14.594684368
2322.6,1,14:36:16.401504460
2322.6,1,14:36:16.566248393
2322.6,1,14:36:16.689207873
2322.5,1,14:36:16.745839754
2322.5,1,14:36:17.416839755
2322.5,1,14:36:17.461520810
2322.4,1,14:36:17.469318224
2322.3,1,14:36:17.498581282
2322.4,1,14:36:17.519025893
2322.6,4,14:36:17.544060209
2322.6,1,14:36:17.544903497
2322.6,1,14:36:17.561741898
2322.6,2,14:36:17.562034989
2322.6,1,14:36:17.562108378
2322.6,1,14:36:17.562192617
2322.3,1,14:36:17.622557436
2322.3,2,14:36:17.622908892
2322.3,1,14:36:17.709630531
2322.6,2,14:36:17.878712845
2322.6,1,14:36:17.879979018
2322.7,1,14:36:17.880650231
2322.6,1,14:36:17.881149604
2322.7,1,14:36:17.881149604
2322.7,1,14:36:17.882302575
2322.6,1,14:36:17.917812655
2322.5,1,14:36:17.925950118
2322.6,1,14:36:18.140840266
2322.7,1,14:36:18.160117983
2322.7,1,14:36:18.261270236
2322.7,1,14:36:18.261434271
2322.7,1,14:36:18.377630507
2322.6,1,14:36:18.695771139
2322.5,6,14:36:18.807040901
2322.5,1,14:36:18.877720814
2322.5,2,14:36:18.877787190
2322.7,1,14:36:19.083468953
2322.6,1,14:36:19.083568769
2322.6,1,14:36:19.362565025
2322.8,1,14:36:19.660636658
2322.8,2,14:36:19.664984729
2322.8,1,14:36:19.672611860
2322.8,1,14:36:19.722321121
2322.9,1,14:36:19.864872493
2322.9,1,14:36:19.902267667
2322.9,1,14:36:19.907449960
2323.1,1,14:36:20.427822506
2323.2,2,14:36:20.504260182
2323.2,1,14:36:20.554689942
2323.2,1,14:36:20.632847013
2323.1,1,14:36:20.906436631
2323.2,1,14:36:20.993106671
2323.2,1,14:36:21.247623220
2323.0,1,14:36:21.367570868
2322.9,1,14:36:21.374104696
2322.7,1,14:36:21.503560812
2322.7,1,14:36:21.523842911
2322.6,1,14:36:21.760846571
2322.6,1,14:36:21.761066159
2322.5,3,14:36:21.926685452
2322.5,1,14:36:21.956835148
2322.8,1,14:36:22.037122204
2322.7,2,14:36:22.037122204
2322.8,1,14:36:22.164440180
2322.5,2,14:36:22.547692341
2322.5,1,14:36:22.548184498
2322.4,1,14:36:22.571995884
2322.5,1,14:36:22.579153789
2322.5,1,14:36:22.604797218
2322.6,1,14:36:22.613050697
2322.5,1,14:36:23.580245983
2322.5,1,14:36:23.580831461
2322.6,1,14:36:23.868502449
2322.5,1,14:36:23.918311835
2322.5,2,14:36:24.224602995
2322.7,1,14:36:24.636408282
2322.7,1,14:36:24.688896208
2322.6,1,14:36:25.261040682
2322.8,1,14:36:25.755132616
2322.8,1,14:36:25.850535249
2322.6,1,14:36:25.919747426
2322.7,1,14:36:26.115570669
2322.7,1,14:36:26.256865066
2322.6,3,14:36:26.256865066
2322.6,3,14:36:26.257694597
2322.6,1,14:36:26.258236009
2322.6,1,14:36:26.258496318
2322.6,1,14:36:26.258536760
2322.6,1,14:36:26.526108841
2322.8,4,14:36:26.572163598
2322.9,5,14:36:26.572163598
2322.7,1,14:36:26.573841600
2322.6,3,14:36:26.574670954
2322.5,1,14:36:26.583077096
2322.4,1,14:36:27.559860440
2322.5,1,14:36:27.574583800
2322.6,1,14:36:27.576333591
2322.8,1,14:36:27.583708373
2322.6,1,14:36:27.742050693
2322.9,1,14:36:28.171826303
2322.9,1,14:36:28.172141543
2322.9,7,14:36:28.172215520
2323.2,2,14:36:28.182544615
2323.0,1,14:36:28.197154891
2323.1,1,14:36:28.197577011
2323.4,1,14:36:28.306762942
2323.3,1,14:36:28.323408840
2323.4,1,14:36:28.348559706
2323.3,1,14:36:28.363952090
2323.2,3,14:36:28.370878476
2323.2,1,14:36:28.417378800
2323.1,1,14:36:29.104158306
2323.2,2,14:36:29.104158306
2323.1,1,14:36:29.288603905
2323.0,1,14:36:29.307298717
2323.1,1,14:36:29.627260428
2323.0,1,14:36:29.878981882
2322.9,1,14:36:29.894176422
2323.0,1,14:36:29.922028218
2322.9,1,14:36:30.183492731
2322.9,1,14:36:30.183688914
2323.1,1,14:36:30.283672787
2323.3,1,14:36:30.701533621
2323.6,1,14:36:30.782173327
2323.5,1,14:36:30.896723349
2323.5,1,14:36:31.298566444
2323.7,3,14:36:31.402412544
2323.6,2,14:36:31.402412544
2323.7,1,14:36:31.435453371
2323.6,3,14:36:31.481243185
2323.5,7,14:36:31.481243185
2323.5,1,14:36:31.585876609
2323.3,3,14:36:31.936712767
2323.4,1,14:36:31.936712767
2323.3,1,14:36:31.937680067
2323.3,1,14:36:31.937734880
2323.3,2,14:36:31.937985468
2323.3,2,14:36:31.938015030
2323.2,1,14:36:31.938502919
2323.3,1,14:36:31.939309232
2323.2,1,14:36:31.939509585
2323.3,1,14:36:31.940668188
2323.3,1,14:36:32.234194488
2323.3,1,14:36:32.266181165
2323.1,1,14:36:32.280180427
2322.9,1,14:36:32.322933296
2322.9,1,14:36:32.380695480
2322.8,1,14:36:32.744152750
2322.7,2,14:36:32.885277008
2322.7,1,14:36:32.905886028
2322.6,1,14:36:32.948117092
2322.8,3,14:36:33.298375414
2322.9,3,14:36:33.298375414
2322.6,1,14:36:33.298375414
2322.7,2,14:36:33.298375414
2322.8,1,14:36:33.331056266
2322.8,1,14:36:33.345325559
2322.7,3,14:36:33.371276995
2322.8,1,14:36:33.651916219
2322.8,1,14:36:34.636354518
2322.8,1,14:36:34.637656506
2322.9,1,14:36:34.661258863
2322.9,2,14:36:34.861807941
2323.0,3,14:36:34.861807941
2322.8,3,14:36:35.185921353
2322.9,1,14:36:35.290863426
2322.9,1,14:36:35.291946523
2322.9,1,14:36:35.318565393
2322.9,1,14:36:35.318789669
2322.9,1,14:36:35.318834470
2322.7,1,14:36:35.807570377
2322.6,1,14:36:36.116647981
2322.4,1,14:36:36.378002317
2322.4,1,14:36:36.378363758
2322.5,1,14:36:37.028324771
2322.6,1,14:36:37.045601016
2322.7,1,14:36:37.046431011
2323.1,3,14:36:37.074239923
2323.5,1,14:36:37.074239923
2323.0,4,14:36:37.074239923
2323.2,5,14:36:37.074239923
2322.8,2,14:36:37.074239923
2323.3,7,14:36:37.074239923
2322.9,3,14:36:37.074239923
2323.4,5,14:36:37.074239923
2323.5,1,14:36:37.074255750
2322.9,1,14:36:37.076617136
2322.9,1,14:36:37.076774955
2323.1,1,14:36:37.077214437
2323.1,1,14:36:37.077395785
2323.1,1,14:36:37.079444124
2323.0,1,14:36:37.079498109
2323.1,1,14:36:37.080829390
2323.0,3,14:36:37.082143746
2322.9,1,14:36:37.083541925
2323.1,1,14:36:37.086507866
2323.3,2,14:36:37.089031466
2323.4,2,14:36:37.089121762
2323.2,2,14:36:37.089635068
2323.3,1,14:36:37.099925096
2323.3,1,14:36:37.100995883
2323.2,1,14:36:37.158588477
2323.4,1,14:36:37.194736850
2323.4,1,14:36:37.214604882
2323.4,3,14:36:37.524346148
2323.4,1,14:36:37.525708211
2323.3,1,14:36:37.556056314
2323.3,1,14:36:37.639540136
2323.3,1,14:36:37.639907836
2323.3,1,14:36:37.747047677
2323.2,1,14:36:37.806498927
2323.3,1,14:36:37.861342875
2323.1,3,14:36:38.368412931
2323.2,1,14:36:38.439884859
2323.4,1,14:36:38.997286933
2323.5,1,14:36:39.012070313
2323.5,1,14:36:39.073128957
2323.8,1,14:36:39.697062448
2323.8,1,14:36:39.823403947
2323.8,1,14:36:39.823507591
2323.9,1,14:36:39.924962693
2323.7,1,14:36:40.038451653
2323.6,4,14:36:40.664390522
2323.6,2,14:36:40.664705223
2323.5,1,14:36:40.671991075
2323.5,1,14:36:40.745772842
2323.3,1,14:36:40.793331876
2323.2,4,14:36:40.793857151
2323.1,3,14:36:40.794430394
2323.0,2,14:36:40.795171293
2322.9,5,14:36:40.796715183
2322.8,2,14:36:40.798799433
2322.7,1,14:36:40.820979793
2322.8,1,14:36:40.896633525
2322.7,1,14:36:40.954453829
2322.7,1,14:36:40.981557041
2322.8,2,14:36:41.052594733
2322.9,1,14:36:41.397476513
2322.9,1,14:36:41.501553305
2322.9,1,14:36:41.501740245
2323.1,2,14:36:41.573681953
2323.2,2,14:36:41.729797773
2323.3,36,14:36:41.730933185
2323.3,1,14:36:41.731098765
2323.3,3,14:36:41.731622530
2323.3,9,14:36:41.731684464
2323.4,1,14:36:41.732587460
2323.4,2,14:36:41.733088233
2323.5,2,14:36:41.734680070
2323.6,14,14:36:41.735525412
2323.6,1,14:36:41.736292831
2323.6,1,14:36:41.736363447
2323.6,2,14:36:41.736690776
2323.6,3,14:36:41.736718847
2323.6,4,14:36:41.736840517
2323.5,1,14:36:41.736914585
2323.6,1,14:36:41.736953911
2323.5,1,14:36:41.737092666
2323.6,1,14:36:41.737149345
2323.5,1,14:36:41.737449559
2323.5,2,14:36:41.737758872
2323.5,1,14:36:41.868408837
2323.4,2,14:36:42.168768074
2323.4,1,14:36:42.173703187
2323.3,1,14:36:42.329056326
2323.3,1,14:36:42.329635317
2323.3,1,14:36:42.391707519
2323.6,1,14:36:42.891447737
2323.6,2,14:36:42.891679219
2323.6,7,14:36:42.891749558
2323.6,1,14:36:42.891782806
2323.6,3,14:36:42.891862997
2323.6,1,14:36:42.891912620
2323.6,1,14:36:42.891941312
2323.6,1,14:36:42.892123060
2323.6,2,14:36:42.892175045
2323.6,3,14:36:42.893102337
2323.6,1,14:36:42.906099857
2323.6,1,14:36:42.913960550
2323.5,1,14:36:43.035948645
2323.5,2,14:36:43.319260499
2323.5,1,14:36:43.993261206
2323.5,1,14:36:43.993901177
2323.3,1,14:36:44.004103370
2323.5,1,14:36:44.044766977
2324.0,1,14:36:44.664439714
2324.0,1,14:36:44.664528375
2324.0,2,14:36:44.664528375
2324.1,1,14:36:44.667674519
2324.0,1,14:36:45.011784224
2324.0,1,14:36:45.021769667
2324.3,1,14:36:45.203264420
2324.3,1,14:36:45.203351478
2324.3,1,14:36:45.203784082
2324.3,1,14:36:45.235080539
2324.4,1,14:36:45.288647636
2324.5,1,14:36:45.511321591
2324.5,1,14:36:45.512403162
2324.7,1,14:36:45.546522249
2324.7,4,14:36:45.547762108
2324.5,1,14:36:45.654560458
2324.7,1,14:36:45.809496354
2324.8,1,14:36:45.852581773
2324.8,1,14:36:45.853077991
2324.9,1,14:36:45.861165274
2325.0,1,14:36:45.947481017
2325.0,1,14:36:45.947497866
2325.0,3,14:36:46.071902561
2325.0,1,14:36:46.072964702
2324.9,1,14:36:46.073645915
2324.9,1,14:36:46.563357628
2324.9,2,14:36:46.563413451
2324.9,1,14:36:46.564075445
2324.8,2,14:36:46.568573782
2324.9,1,14:36:46.593247249
2324.8,1,14:36:46.593352751
2324.9,1,14:36:46.593570984
2324.8,1,14:36:46.663888936
2325.1,4,14:36:46.903486115
2325.1,2,14:36:46.904185915
2325.1,1,14:36:46.904229851
2325.1,2,14:36:46.904316199
2325.3,1,14:36:46.989778678
2325.3,1,14:36:46.990271065
2325.3,1,14:36:46.991160875
2325.2,1,14:36:47.029174836
2325.3,2,14:36:47.149373062
2325.3,1,14:36:47.325251164
2325.2,2,14:36:47.325345847
2325.3,1,14:36:47.567786848
2325.4,2,14:36:47.719455291
2325.4,1,14:36:47.728809964
2325.0,1,14:36:47.808894056
2325.2,3,14:36:47.808894056
2325.1,5,14:36:47.808894056
2325.3,3,14:36:47.808894056
2325.3,1,14:36:47.985317539
2325.4,1,14:36:48.026116691
2325.2,6,14:36:48.225764926
2325.0,1,14:36:48.232937937
2324.9,1,14:36:48.234527816
2325.0,1,14:36:48.239907246
2325.0,1,14:36:48.248091200
2325.1,1,14:36:48.266250759
2325.2,5,14:36:48.478387526
2325.3,4,14:36:48.478387526
2325.4,1,14:36:48.508374454
2325.3,1,14:36:48.508761674
2325.3,1,14:36:48.509175385
2325.3,1,14:36:48.517087557
2325.3,1,14:36:48.613859079
2325.3,1,14:36:48.614161949
2325.5,1,14:36:48.661572482
2325.5,1,14:36:48.663099549
2325.7,1,14:36:48.845825955
2325.8,1,14:36:48.915311215
2325.9,1,14:36:48.916613250
2325.8,1,14:36:48.916698158
2325.7,1,14:36:48.939097457
2325.7,1,14:36:48.990892196
2325.7,1,14:36:48.991310653
2325.6,1,14:36:49.065633287
2325.6,1,14:36:49.065810801
2325.6,2,14:36:49.066095355
2325.7,1,14:36:49.087124725
2325.6,1,14:36:49.090075486
2325.6,1,14:36:49.133627861
2325.7,1,14:36:49.157680906
2325.8,1,14:36:49.161887893
2324.9,1,14:36:51.506376164
2324.8,1,14:36:51.515096647
2324.8,1,14:36:51.515327554
2324.9,1,14:36:51.523995255
2324.9,1,14:36:51.628041549
2325.0,1,14:36:51.628316184
2324.9,1,14:36:52.042774967
2324.7,2,14:36:52.064613144
2324.5,2,14:36:52.133101623
2324.5,1,14:36:52.133713846
2324.5,1,14:36:52.265213609
2324.7,1,14:36:52.357773051
2324.8,1,14:36:52.375281253
2324.7,1,14:36:52.423082192
2324.9,1,14:36:52.768265214
2325.0,1,14:36:52.768583038
2324.9,1,14:36:52.769268104
2324.8,1,14:36:52.782202721
2324.7,1,14:36:53.460893898
2324.7,2,14:36:53.461053636
2324.7,3,14:36:53.461128495
2324.8,2,14:36:53.470476450
2324.5,1,14:36:53.549346070
2324.7,1,14:36:53.600772448
2324.6,1,14:36:53.668130421
2324.6,1,14:36:54.003461182
2324.5,1,14:36:54.292947042
2324.4,1,14:36:54.301622468
2324.5,1,14:36:54.315681718
2324.5,1,14:36:54.315982473
2324.1,1,14:36:54.706779505
2323.9,1,14:36:54.709075522
2323.9,1,14:36:54.718194992
2324.0,1,14:36:55.334950854
2323.9,1,14:36:55.600032616
2323.9,1,14:36:55.600907014
2323.8,1,14:36:55.603325953
2323.8,1,14:36:55.603595104
2323.8,2,14:36:55.708411789
2323.7,1,14:36:55.715124897
2323.6,1,14:36:55.715136552
2323.9,1,14:36:56.276335309
2324.0,1,14:36:56.286195992
2323.9,1,14:36:56.291612584
2323.9,1,14:36:56.333391312
2324.0,1,14:36:56.475494976
2324.0,2,14:36:56.481913259
2324.0,1,14:36:56.880919248
2324.1,2,14:36:56.882173152
2324.1,1,14:36:56.913311044
2324.1,1,14:36:56.913863356
2324.1,4,14:36:57.314201503
2324.2,1,14:36:57.314201503
2324.0,1,14:36:57.674662061
2323.9,4,14:36:57.694067268
2323.9,1,14:36:57.695271247
2323.9,2,14:36:57.780479295
2324.4,1,14:36:57.937764132
2324.5,1,14:36:57.939839047
2324.4,1,14:36:57.960395762
2324.5,1,14:36:58.021530364
2324.5,1,14:36:58.374528755
2324.6,1,14:36:58.374528755
2324.4,1,14:36:58.375035640
2324.7,4,14:36:58.418470794
2324.6,4,14:36:58.418470794
2324.5,5,14:36:58.418470794
2324.6,2,14:36:58.420762213
2324.7,1,14:36:58.533848900
2324.4,1,14:36:58.826882891
2324.5,1,14:36:58.826994221
2324.2,2,14:36:59.035113017
2324.3,1,14:36:59.035113017
2324.4,2,14:36:59.198055969
2324.4,1,14:36:59.198430704
2324.4,1,14:36:59.198907452
2324.4,1,14:36:59.305447628
2324.3,1,14:36:59.306160926
2324.1,4,14:36:59.317934673
2324.0,1,14:36:59.318811417
2324.1,3,14:36:59.320405641
2324.1,1,14:36:59.324138492
2324.1,1,14:36:59.324488812
2324.0,1,14:36:59.344103867
2324.1,1,14:36:59.437852857
2324.2,1,14:36:59.863624844
2324.3,1,14:36:59.930025916
2324.2,1,14:37:00.016724736
2323.9,1,14:37:00.045146497
2324.0,1,14:37:00.094134059
2324.0,1,14:37:00.457328415
2324.2,1,14:37:00.630395822
2324.2,1,14:37:00.630588047
2324.0,1,14:37:00.684156596
2323.8,1,14:37:01.060538798
2323.7,1,14:37:01.172535972
2323.6,1,14:37:01.173830040
2323.5,1,14:37:01.175693604
2323.6,1,14:37:01.181650435
2323.7,1,14:37:01.264637667
2323.4,1,14:37:01.298961531
2323.5,1,14:37:01.306302342
2323.5,1,14:37:01.307116131
2323.4,1,14:37:01.308308017
2323.4,1,14:37:01.346778832
2323.5,2,14:37:01.358531747
2323.6,1,14:37:01.410536688
2323.6,1,14:37:01.503495142
2323.5,1,14:37:01.608696637
2323.6,2,14:37:01.836761219
2323.6,1,14:37:01.992480223
2323.6,4,14:37:01.993785574
2323.6,1,14:37:02.061090993
2323.7,2,14:37:02.069331326
2323.9,1,14:37:02.205511765
2323.9,1,14:37:02.242661351
2324.0,3,14:37:02.513843939
2324.1,1,14:37:02.515305073
2324.1,1,14:37:02.610530722
2324.2,1,14:37:02.611265801
2324.2,1,14:37:02.611573818
2324.1,1,14:37:02.661312130
2324.2,1,14:37:02.794803649
2324.1,1,14:37:02.802525504
2324.2,1,14:37:03.007514250
2324.2,2,14:37:03.111094161
2324.5,1,14:37:03.401501367
2324.4,1,14:37:03.625519468
2324.2,1,14:37:03.635784411
2324.1,1,14:37:03.828351599
2324.1,1,14:37:03.841554985
2324.3,1,14:37:04.047675585
2324.1,2,14:37:05.056357055
2324.0,1,14:37:05.193879081
2323.8,1,14:37:05.397043717
2323.8,1,14:37:05.397276288
2323.9,1,14:37:05.452568609
2324.0,1,14:37:05.454279844
2324.1,2,14:37:05.806995567
2324.1,2,14:37:05.821666010
2324.0,1,14:37:05.822395417
2324.2,1,14:37:06.086041872
2324.1,1,14:37:06.142561710
2324.0,1,14:37:06.251762843
2324.1,1,14:37:06.382859880
2324.2,1,14:37:06.440068169
2324.3,1,14:37:06.869250253
2324.4,1,14:37:06.870429195
2324.3,3,14:37:07.340890979
2324.2,1,14:37:07.884309811
2324.0,1,14:37:07.901854974
2324.1,2,14:37:08.035438175
2324.2,1,14:37:08.731884474
2323.9,1,14:37:09.020538670
2324.0,2,14:37:09.185839824
2324.1,1,14:37:09.216142416
2324.1,2,14:37:09.359491098
2323.9,1,14:37:09.685546610
2324.0,1,14:37:09.828712137
2324.1,4,14:37:09.899683759
2324.2,3,14:37:09.900516019
2324.3,2,14:37:09.901463255
2324.4,4,14:37:09.902231378
2324.3,1,14:37:09.902615819
2324.3,1,14:37:09.956163797
2324.4,2,14:37:10.258922263
2324.5,1,14:37:10.361068606
2324.5,1,14:37:10.542565422
2324.6,1,14:37:10.555175811
2324.7,1,14:37:10.784908371
2324.6,1,14:37:10.788699964
2324.4,1,14:37:10.958709725
2324.4,1,14:37:11.064471438
2324.1,1,14:37:11.848328575
2324.1,1,14:37:11.848510982
2324.1,1,14:37:11.849743112
2324.1,1,14:37:11.849807924
2324.1,1,14:37:11.857185016
2324.0,1,14:37:12.015967197
2324.2,1,14:37:12.166344719
2324.2,1,14:37:12.167157772
2324.1,2,14:37:12.588909363
2324.2,2,14:37:12.787920423
2324.3,1,14:37:12.788872411
2324.4,1,14:37:12.833010472
2324.3,1,14:37:13.085363295
2324.2,1,14:37:13.204604865
2324.1,1,14:37:13.354798146
2324.0,2,14:37:13.356545185
2324.0,4,14:37:13.356592649
2323.9,1,14:37:13.363028174
2323.8,1,14:37:13.364098237
2323.8,1,14:37:13.365473097
2323.7,2,14:37:13.376883746
2323.7,2,14:37:13.378102452
2323.7,1,14:37:13.398412557
2323.7,1,14:37:13.398783304
2323.8,1,14:37:13.417580877
2323.9,2,14:37:13.432200653
2323.8,1,14:37:13.438458309
2323.8,1,14:37:13.542728046
2323.8,1,14:37:13.544575239
2323.9,1,14:37:13.624256481
2323.8,1,14:37:13.806576442
2323.8,1,14:37:13.807441039
2323.7,1,14:37:13.931367800
2323.8,1,14:37:13.944406821
2323.9,2,14:37:14.014729977
2323.8,1,14:37:14.431963501
2323.8,1,14:37:14.432834529
2323.9,1,14:37:14.560700244
2323.9,1,14:37:14.561508458
2324.0,1,14:37:14.756660889
2323.8,1,14:37:15.211106365
2323.8,1,14:37:15.227970164
2323.8,2,14:37:15.440730342
2323.9,1,14:37:15.577911367
2324.0,2,14:37:16.162572916
2324.1,1,14:37:16.166185831
2324.3,1,14:37:16.357701488
2324.5,1,14:37:16.525362664
2324.6,1,14:37:16.532677493
2324.5,1,14:37:16.533766376
2324.3,1,14:37:16.724831293
2324.0,1,14:37:17.208455014
2324.1,1,14:37:17.423063264
2324.1,4,14:37:17.526602385
2324.1,2,14:37:17.562354150
2324.0,1,14:37:17.595659023
2324.1,1,14:37:17.752181107
2323.9,1,14:37:18.213343524
2323.8,1,14:37:18.223293765
2323.9,1,14:37:18.978745939
2324.0,1,14:37:19.004144723
2324.1,1,14:37:19.090850095
2324.1,2,14:37:19.091126817
2324.2,1,14:37:19.348940818
2324.3,1,14:37:19.862654915
2324.2,1,14:37:19.977640226
2324.3,1,14:37:19.977712048
2324.2,1,14:37:19.978604636
2324.3,1,14:37:19.983614347
2324.1,1,14:37:20.650381677
2324.0,1,14:37:20.681528869
2324.0,1,14:37:20.708360572
2324.1,1,14:37:20.917719201
2324.2,1,14:37:20.919577305
2324.1,1,14:37:20.927234423
2324.1,1,14:37:21.006128510
2323.7,1,14:37:21.880384274
2323.6,2,14:37:21.880397486
2323.8,2,14:37:22.141612207
2323.7,1,14:37:22.141764168
2323.5,3,14:37:22.177150302
2323.4,5,14:37:22.177396737
2323.4,5,14:37:22.178349870
2323.4,5,14:37:22.178482349
2323.4,1,14:37:22.178694757
2323.4,5,14:37:22.179572963
2323.4,9,14:37:22.179666744
2323.4,5,14:37:22.179684729
2323.4,2,14:37:22.180209370
2323.4,3,14:37:22.180287288
2323.4,10,14:37:22.180334200
2323.3,1,14:37:22.181916271
2323.3,1,14:37:22.182360197
2323.3,3,14:37:22.182510004
2323.5,1,14:37:22.182852562
2323.2,1,14:37:22.183105659
2323.2,1,14:37:22.183803574
2323.2,2,14:37:22.183908670
2323.2,3,14:37:22.184200288
2323.2,1,14:37:22.184582898
2323.2,1,14:37:22.185002849
2323.2,1,14:37:22.185046175
2323.2,1,14:37:22.185661854
2323.2,2,14:37:22.185912842
2323.2,1,14:37:22.187066471
2323.2,1,14:37:22.187199498
2323.2,4,14:37:22.187405624
2323.2,10,14:37:22.188251241
2323.2,7,14:37:22.190005756
2323.2,2,14:37:22.194523012
2323.2,3,14:37:22.195335793
2323.2,5,14:37:22.195498162
2323.2,2,14:37:22.195755895
2323.2,1,14:37:22.225013977
2323.2,29,14:37:22.229147833
2323.0,1,14:37:22.229537921
2323.3,3,14:37:22.263216088
2323.2,1,14:37:22.308066760
2323.4,8,14:37:22.316597133
2323.3,1,14:37:22.387063270
2323.3,1,14:37:22.387491039
2323.4,3,14:37:22.545213725
2323.3,1,14:37:22.552188232
2323.0,3,14:37:22.604305874
2322.9,3,14:37:22.625092713
2323.0,1,14:37:22.625092713
2323.0,1,14:37:22.701530483
2323.1,1,14:37:22.703234615
2323.2,2,14:37:22.833142465
2323.1,1,14:37:23.043987055
2323.0,1,14:37:23.052355346
2322.9,1,14:37:23.167044064
2322.9,1,14:37:23.167897665
2323.0,1,14:37:23.382384057
2323.0,1,14:37:23.516824693
2323.0,1,14:37:23.526339629
2323.1,1,14:37:23.526426059
2323.4,1,14:37:24.249739697
2323.3,3,14:37:24.628214835
2323.3,1,14:37:24.864818995
2323.4,2,14:37:25.071227111
2323.3,1,14:37:25.196499686
2323.3,1,14:37:25.206422875
2323.3,1,14:37:25.207014598
2323.3,3,14:37:25.234304653
2323.4,1,14:37:25.234942387
2323.3,1,14:37:25.364610885
2323.0,1,14:37:25.943152800
2323.1,1,14:37:25.943152800
2323.2,1,14:37:25.980445844
2323.1,1,14:37:26.172956022
2323.2,1,14:37:26.643814140
2323.4,1,14:37:26.724078904
2323.3,1,14:37:26.788950541
2323.4,2,14:37:26.930926723
2323.5,1,14:37:26.941225439
2323.5,1,14:37:26.941405410
2323.5,2,14:37:26.941530792
2323.6,1,14:37:26.951430432
2323.5,1,14:37:27.040207105
2323.5,1,14:37:27.200720508
2323.6,1,14:37:27.360056181
2323.7,1,14:37:27.363797434
2323.6,1,14:37:27.395105720
2323.8,1,14:37:27.598197203
2323.7,1,14:37:27.787159966
2323.6,1,14:37:28.075856778
2323.8,2,14:37:28.252835619
2323.9,1,14:37:28.261964430
2323.8,1,14:37:28.339178153
2323.7,1,14:37:28.412362198
2323.6,1,14:37:28.429051299
2323.6,3,14:37:28.429114209
2323.6,2,14:37:28.429135720
2323.6,1,14:37:28.435404032
2323.7,1,14:37:28.504938052
2323.9,2,14:37:29.270093265
2324.0,2,14:37:29.272186002
2324.1,1,14:37:29.335709727
2324.1,1,14:37:29.362224438
2324.2,2,14:37:29.375004001
2324.1,1,14:37:29.421706075
2323.9,1,14:37:29.806959287
2323.9,1,14:37:29.814651183
2324.0,2,14:37:30.231384707
2324.0,1,14:37:30.257160328
2323.8,1,14:37:30.682631483
2323.8,1,14:37:30.783659668
2323.7,1,14:37:30.907908865
2323.8,1,14:37:30.908947052
2323.7,1,14:37:30.909930695
2323.6,2,14:37:30.911316696
2323.5,3,14:37:30.911316696
2323.6,1,14:37:31.298539135
2323.6,1,14:37:31.406749494
2323.7,1,14:37:31.417711222
2323.6,1,14:37:31.464371315
2323.5,2,14:37:31.464371315
2323.6,1,14:37:31.465723804
2323.6,1,14:37:31.540769292
2323.6,1,14:37:31.619260603
2323.8,1,14:37:32.017997612
2323.7,1,14:37:32.155614534
2323.8,2,14:37:32.157861300
2323.8,1,14:37:32.351953662
2323.8,1,14:37:32.352933167
2323.8,3,14:37:32.517710496
2323.8,1,14:37:32.518383333
2323.9,2,14:37:32.615394310
2324.0,4,14:37:32.721723078
2323.9,1,14:37:32.721847004
2324.0,4,14:37:32.721971761
2324.0,1,14:37:32.722099828
2324.0,5,14:37:32.723986057
2323.8,1,14:37:32.978937724
2323.7,1,14:37:32.987978239
2323.7,2,14:37:32.988300211
2323.7,1,14:37:33.016762993
2323.7,1,14:37:33.099678668
2323.7,1,14:37:33.099865106
2323.7,3,14:37:33.100137954
2323.6,1,14:37:33.100422613
2324.1,3,14:37:33.899653324
2324.3,5,14:37:34.087314764
2324.5,1,14:37:34.224538987
2324.6,1,14:37:34.407390674
2324.6,1,14:37:34.409137221
2324.7,1,14:37:34.767730147
2324.7,1,14:37:34.780347636
2324.7,1,14:37:34.780959767
2324.8,1,14:37:34.815562408
2324.9,1,14:37:34.817662610
2324.9,1,14:37:34.823517144
2324.6,1,14:37:35.344328684
2324.7,2,14:37:35.615985953
2324.9,3,14:37:35.658791767
2324.9,1,14:37:36.433009296
2324.7,1,14:37:36.653839835
2324.5,1,14:37:36.731784674
2324.4,2,14:37:36.732377697
2324.3,1,14:37:36.740375151
2324.3,1,14:37:36.896424893
2324.3,1,14:37:36.896708319
2324.3,1,14:37:37.010003031
2324.4,2,14:37:37.047192320
2324.2,1,14:37:37.171817663
2324.2,1,14:37:37.495633900
2324.1,1,14:37:38.071061235
2324.1,1,14:37:38.350355963
2324.2,1,14:37:38.661198954
2324.3,1,14:37:38.795984071
2324.0,1,14:37:39.081873651
2324.1,1,14:37:39.083360238
2324.0,1,14:37:39.085336182
2324.0,2,14:37:39.085608536
2323.9,1,14:37:39.094640129
2323.9,1,14:37:39.217588236
2323.9,1,14:37:39.251275824
2324.0,1,14:37:39.626884702
2324.1,1,14:37:39.627683973
2324.3,1,14:37:39.709837176
2324.3,1,14:37:39.736771582
2324.4,1,14:37:39.807115113
2324.5,1,14:37:39.828611557
2324.4,1,14:37:39.851044390
2324.7,1,14:37:40.026587001
2324.6,1,14:37:40.122264208
2324.7,1,14:37:40.383497899
2324.7,1,14:37:40.387550560
2324.6,2,14:37:40.529109307
2324.4,3,14:37:40.529109307
2324.5,3,14:37:40.529109307
2324.8,1,14:37:40.702489744
2324.9,2,14:37:40.728792297
2324.9,1,14:37:40.797928930
2325.0,1,14:37:40.876045242
2325.0,1,14:37:40.876056183
2324.9,2,14:37:40.978046333
2324.9,1,14:37:40.978397579
2324.9,1,14:37:40.978435739
2324.9,1,14:37:40.978575371
2324.9,1,14:37:40.979004371
2325.0,1,14:37:40.979154919
2325.1,1,14:37:41.086048108
2325.1,1,14:37:41.366104183
2325.0,1,14:37:41.462588782
2325.2,1,14:37:41.635505281
2325.1,1,14:37:41.718744107
2325.0,2,14:37:41.819066157
2325.1,1,14:37:41.845692454
2325.1,1,14:37:41.846513398
2325.1,1,14:37:41.846966300
2325.1,1,14:37:41.847225547
2325.1,1,14:37:41.926895988
2325.2,1,14:37:42.805146581
2325.0,5,14:37:42.830870386
2324.9,5,14:37:42.830870386
2325.1,1,14:37:42.917872419
2325.2,3,14:37:42.941349110
2325.3,1,14:37:42.994475282
2325.1,1,14:37:43.439126755
2325.3,1,14:37:43.696447630
2325.1,1,14:37:44.460466770
2325.0,1,14:37:45.293528215
2325.1,2,14:37:45.326676126
2325.0,1,14:37:45.555710431
2324.9,2,14:37:45.734119379
2324.8,6,14:37:45.992546139
2324.6,1,14:37:46.010563754
2324.6,2,14:37:46.032412566
2324.6,1,14:37:46.033006603
2324.9,1,14:37:46.432415202
2325.1,1,14:37:46.441866034
2325.2,1,14:37:46.442801898
2325.1,1,14:37:46.729814926
2325.3,1,14:37:46.874221558
2325.4,1,14:37:46.880510475
2325.4,1,14:37:46.920864780
2325.3,1,14:37:46.929615616
2325.3,1,14:37:46.929954772
2325.3,1,14:37:46.930769361
2325.2,1,14:37:46.930848751
2325.4,1,14:37:47.048256305
2325.3,1,14:37:47.144622907
2325.4,1,14:37:47.300531333
2325.2,1,14:37:47.541800089
2325.1,2,14:37:47.917970783
2325.0,1,14:37:47.919694974
2324.9,1,14:37:47.921245168
2325.0,2,14:37:48.100995072
2325.1,1,14:37:48.408067908
2324.9,1,14:37:48.541917815
2324.9,1,14:37:48.559718849
2325.0,1,14:37:48.703475141
2324.8,1,14:37:49.086988950
2324.9,1,14:37:49.095265674
2325.0,1,14:37:49.253906378
2324.9,1,14:37:49.269894979
2324.9,2,14:37:49.697754126
2325.0,1,14:37:49.699195697
2325.1,3,14:37:49.706803159
2325.1,1,14:37:49.706974277
2325.1,1,14:37:49.715733090
2325.2,1,14:37:49.716221136
2325.2,3,14:37:49.716268035
2325.2,1,14:37:49.716757338
2325.3,1,14:37:49.717767192
2325.3,3,14:37:49.986730263
2325.2,2,14:37:49.986730263
2325.3,1,14:37:50.200806263
2325.3,1,14:37:50.201203083
2325.2,2,14:37:50.596052235
2325.2,1,14:37:50.649804344
2325.2,3,14:37:51.058607751
2325.1,5,14:37:51.058607751
2325.1,1,14:37:51.148291152
2325.1,2,14:37:51.148452454
2325.1,1,14:37:51.148503892
2325.1,1,14:37:51.148618573
2325.1,1,14:37:51.818173573
2325.2,1,14:37:52.077902193
2325.3,1,14:37:52.108685828
2325.2,1,14:37:52.256837008
2325.1,1,14:37:52.553896670
2325.0,1,14:37:52.572875277
2325.0,1,14:37:52.858995722
2325.0,1,14:37:52.879564665
2325.4,1,14:37:53.314740207
2325.3,1,14:37:53.317615120
2325.2,1,14:37:53.322002463
2325.2,1,14:37:53.520062979
2325.1,2,14:37:53.774982931
2325.0,1,14:37:53.776389199
2325.1,1,14:37:53.894591451
2324.9,2,14:37:54.109005021
2325.0,1,14:37:54.109005021
2325.1,2,14:37:54.828312018
2324.9,3,14:37:54.828312018
2325.0,5,14:37:54.828312018
2325.1,1,14:37:54.831766021
2325.0,2,14:37:55.173703135
2325.0,1,14:37:55.179437899
2325.0,1,14:37:55.226130129
2325.0,1,14:37:55.407769722
2325.1,3,14:37:55.850239194
2325.1,2,14:37:56.135032295
2325.1,1,14:37:56.182260028
2325.1,1,14:37:56.529405691
2325.1,1,14:37:57.191107465
2324.9,1,14:37:57.683510981
2324.9,2,14:37:57.848738990
2324.8,2,14:37:57.900273430
2324.7,2,14:37:57.912798396
2324.6,1,14:37:57.988600417
2324.9,1,14:37:58.243032464
2324.9,1,14:37:58.243315589
2325.1,1,14:37:58.264189294
2325.1,1,14:37:58.264490154
2325.1,1,14:37:58.293228269
2325.0,1,14:37:58.349944462
2325.2,3,14:37:58.875307194
2325.3,2,14:37:58.876666799
2325.3,1,14:37:59.091375107
2325.2,1,14:37:59.782112288
2325.1,1,14:37:59.807937596
2328.7,1,14:38:51.342794171
2328.8,1,14:38:51.555907695
2328.8,1,14:38:51.556902423
2328.7,2,14:38:51.557525309
2328.7,1,14:38:51.671693712
2328.5,1,14:38:51.813743071
2328.5,3,14:38:51.814146980
2328.4,1,14:38:51.815342521
2328.5,1,14:38:51.843087982
2328.6,3,14:38:52.074285756
2328.7,3,14:38:52.074285756
2328.8,4,14:38:52.074285756
2328.6,1,14:38:52.201355270
2328.7,1,14:38:52.201659613
2328.8,1,14:38:52.205902501
2328.9,3,14:38:52.703560146
2329.0,9,14:38:52.704481384
2329.0,1,14:38:52.704497324
2329.0,5,14:38:52.704497324
2329.0,1,14:38:52.704645964
2328.9,3,14:38:52.704725520
2329.0,1,14:38:52.704767534
2329.0,2,14:38:52.704850477
2329.1,2,14:38:52.705819981
2329.2,1,14:38:52.705828673
2329.2,8,14:38:52.705835879
2329.1,1,14:38:52.707292301
2329.1,1,14:38:52.707359555
2329.2,1,14:38:52.708143698
2329.2,1,14:38:52.709881957
2329.2,2,14:38:52.710329448
