bidVolume,bidPrice,askVolume,askPrice,timestamp
46,110.37,148,110.38,08:00:00.008004614
45,110.37,148,110.38,08:00:00.008159004
46,110.37,148,110.38,08:00:00.391040837
46,110.37,138,110.38,08:00:00.425534086
77,110.37,138,110.38,08:00:00.425742163
77,110.37,135,110.38,08:00:00.425814220
77,110.37,130,110.38,08:00:00.425886752
77,110.37,122,110.38,08:00:00.425980579
77,110.37,107,110.38,08:00:00.425996169
92,110.37,107,110.38,08:00:00.503478763
95,110.37,107,110.38,08:00:00.503657508
95,110.37,101,110.38,08:00:00.503741958
95,110.37,95,110.38,08:00:00.514656717
80,110.37,95,110.38,08:00:01.075532436
80,110.37,90,110.38,08:00:02.977394632
96,110.37,90,110.38,08:00:02.977560600
93,110.37,90,110.38,08:00:04.387147819
93,110.37,91,110.38,08:00:05.105955996
62,110.37,91,110.38,08:00:06.007957094
46,110.37,91,110.38,08:00:06.008082713
46,110.37,92,110.38,08:00:06.019431426
46,110.37,94,110.38,08:00:06.019502831
45,110.37,94,110.38,08:00:09.852173602
46,110.37,94,110.38,08:00:09.852455883
46,110.37,100,110.38,08:00:09.863158846
49,110.37,100,110.38,08:00:10.498131477
49,110.37,94,110.38,08:00:10.508900136
46,110.37,94,110.38,08:00:20.265295869
45,110.37,94,110.38,08:00:21.332735889
45,110.37,101,110.38,08:00:21.333253498
45,110.37,111,110.38,08:00:21.333253498
45,110.37,117,110.38,08:00:21.333404116
45,110.37,123,110.38,08:00:21.343490094
50,110.37,123,110.38,08:00:30.308396858
50,110.37,113,110.38,08:00:30.309082621
50,110.37,107,110.38,08:00:30.309082621
45,110.37,107,110.38,08:00:30.309151600
46,110.37,107,110.38,08:00:30.309220131
45,110.37,107,110.38,08:00:30.310646351
46,110.37,107,110.38,08:00:30.313108960
45,110.37,107,110.38,08:00:30.313264915
46,110.37,107,110.38,08:00:30.440390366
45,110.37,107,110.38,08:00:30.603012879
46,110.37,107,110.38,08:00:31.045637980
45,110.37,107,110.38,08:00:31.672113720
50,110.37,107,110.38,08:00:37.513667258
51,110.37,107,110.38,08:00:44.158490498
50,110.37,107,110.38,08:00:44.158745250
51,110.37,107,110.38,08:00:44.159123579
52,110.37,107,110.38,08:00:47.048208727
81,110.37,107,110.38,08:00:47.048391265
95,110.37,107,110.38,08:00:47.048391265
98,110.37,107,110.38,08:00:47.048570713
98,110.37,100,110.38,08:00:47.048570713
98,110.37,94,110.38,08:00:47.059378554
98,110.37,82,110.38,08:00:47.234163564
98,110.37,61,110.38,08:00:47.234286067
98,110.37,49,110.38,08:00:47.234356972
98,110.37,51,110.38,08:00:47.239429400
95,110.37,51,110.38,08:00:47.243540267
95,110.37,63,110.38,08:00:47.243890328
95,110.37,69,110.38,08:00:47.306787386
95,110.37,76,110.38,08:00:47.324584378
81,110.37,76,110.38,08:00:47.343811351
80,110.37,76,110.38,08:00:48.421879066
79,110.37,76,110.38,08:00:48.575287716
79,110.37,85,110.38,08:00:48.576726109
79,110.37,76,110.38,08:00:49.090293975
80,110.37,76,110.38,08:00:49.745558884
79,110.37,76,110.38,08:00:50.969108326
80,110.37,76,110.38,08:00:50.972541036
79,110.37,76,110.38,08:00:51.234195872
79,110.37,85,110.38,08:00:51.247594667
50,110.37,85,110.38,08:00:51.276595531
50,110.37,110,110.38,08:00:54.875784698
50,110.37,118,110.38,08:00:54.875883319
75,110.37,118,110.38,08:00:56.318270951
100,110.37,118,110.38,08:00:57.388374938
100,110.37,109,110.38,08:00:57.579376463
100,110.37,112,110.38,08:01:00.011390794
91,110.37,112,110.38,08:01:01.593493482
91,110.37,121,110.38,08:01:01.593762531
91,110.37,112,110.38,08:01:01.599682718
91,110.37,121,110.38,08:01:08.479407395
91,110.37,112,110.38,08:01:10.148372387
92,110.37,112,110.38,08:01:11.263629935
91,110.37,112,110.38,08:01:11.263774015
91,110.37,121,110.38,08:01:16.399366146
90,110.37,121,110.38,08:01:16.401206852
86,110.37,121,110.38,08:01:16.401206852
85,110.37,121,110.38,08:01:16.401206852
85,110.37,124,110.38,08:01:16.401660528
85,110.37,129,110.38,08:01:16.401660528
85,110.37,135,110.38,08:01:16.401660528
85,110.37,145,110.38,08:01:16.401660528
76,110.37,145,110.38,08:01:16.402074383
55,110.37,145,110.38,08:01:16.402331963
50,110.37,145,110.38,08:01:16.402331963
25,110.37,145,110.38,08:01:16.402562870
50,110.37,145,110.38,08:01:16.402562870
46,110.37,145,110.38,08:01:16.402576440
25,110.37,145,110.38,08:01:16.402592370
132,110.36,145,110.38,08:01:16.402612549
24,110.37,145,110.38,08:01:16.402612549
24,110.37,149,110.38,08:01:16.402612549
2,110.37,149,110.38,08:01:16.402723735
134,110.36,149,110.38,08:01:16.402874030
134,110.36,1,110.37,08:01:16.402958172
134,110.36,2,110.37,08:01:16.402958172
134,110.36,14,110.37,08:01:16.403048232
122,110.36,14,110.37,08:01:16.403155713
122,110.36,13,110.37,08:01:16.403348984
122,110.36,20,110.37,08:01:16.403348984
104,110.36,20,110.37,08:01:16.403366888
104,110.36,22,110.37,08:01:16.403366888
104,110.36,23,110.37,08:01:16.403616598
104,110.36,11,110.37,08:01:16.403974350
102,110.36,11,110.37,08:01:16.403974350
102,110.36,12,110.37,08:01:16.409553116
102,110.36,11,110.37,08:01:16.412981190
102,110.36,7,110.37,08:01:16.413059397
102,110.36,5,110.37,08:01:16.413255710
102,110.36,4,110.37,08:01:16.413318633
102,110.36,5,110.37,08:01:16.414323780
102,110.36,6,110.37,08:01:16.414397111
72,110.36,6,110.37,08:01:16.415270663
74,110.36,6,110.37,08:01:16.415566321
74,110.36,5,110.37,08:01:16.419808352
74,110.36,3,110.37,08:01:16.419993568
74,110.36,2,110.37,08:01:16.420094095
74,110.36,1,110.37,08:01:16.420116844
74,110.36,179,110.38,08:01:16.420116844
2,110.37,179,110.38,08:01:16.420116844
2,110.37,163,110.38,08:01:16.420621381
76,110.36,163,110.38,08:01:16.420761951
76,110.36,179,110.38,08:01:16.421296353
74,110.36,179,110.38,08:01:16.421454059
5,110.37,179,110.38,08:01:16.423626077
4,110.37,179,110.38,08:01:16.424563029
3,110.37,179,110.38,08:01:16.424950088
6,110.37,179,110.38,08:01:16.425096287
5,110.37,179,110.38,08:01:16.431294361
5,110.37,203,110.38,08:01:16.450753329
14,110.37,203,110.38,08:01:16.505815146
14,110.37,194,110.38,08:01:16.505980448
14,110.37,197,110.38,08:01:17.792373423
13,110.37,197,110.38,08:01:19.933830461
4,110.37,197,110.38,08:01:20.560367304
3,110.37,197,110.38,08:01:20.560593464
1,110.37,197,110.38,08:01:20.560827739
94,110.36,197,110.38,08:01:20.560912290
86,110.36,197,110.38,08:01:20.561398916
89,110.36,197,110.38,08:01:20.561398916
89,110.36,2,110.37,08:01:20.562054614
85,110.36,2,110.37,08:01:20.562294682
85,110.36,14,110.37,08:01:20.562891980
85,110.36,19,110.37,08:01:20.562913397
85,110.36,28,110.37,08:01:20.562934213
85,110.36,29,110.37,08:01:20.562993724
85,110.36,32,110.37,08:01:20.563009305
85,110.36,33,110.37,08:01:20.563058431
85,110.36,42,110.37,08:01:20.563058431
85,110.36,37,110.37,08:01:20.563272479
85,110.36,28,110.37,08:01:20.563272479
85,110.36,25,110.37,08:01:20.563342755
85,110.36,23,110.37,08:01:20.571323403
85,110.36,20,110.37,08:01:20.571404756
85,110.36,19,110.37,08:01:20.571610376
85,110.36,25,110.37,08:01:20.572237661
85,110.36,23,110.37,08:01:20.572977932
85,110.36,24,110.37,08:01:20.573436570
85,110.36,25,110.37,08:01:20.573593239
85,110.36,20,110.37,08:01:20.582018194
85,110.36,30,110.37,08:01:20.582211250
85,110.36,31,110.37,08:01:20.584311575
85,110.36,32,110.37,08:01:20.584382810
85,110.36,33,110.37,08:01:20.584459421
85,110.36,34,110.37,08:01:20.585359724
85,110.36,32,110.37,08:01:20.585636223
85,110.36,23,110.37,08:01:20.585649596
85,110.36,22,110.37,08:01:20.585848983
85,110.36,16,110.37,08:01:20.585862903
85,110.36,15,110.37,08:01:20.585877870
85,110.36,14,110.37,08:01:20.585877870
85,110.36,4,110.37,08:01:20.585893134
85,110.36,3,110.37,08:01:20.585893134
85,110.36,2,110.37,08:01:20.585908978
85,110.36,1,110.37,08:01:20.585923707
85,110.36,191,110.38,08:01:20.585937759
85,110.36,1,110.37,08:01:20.586077045
85,110.36,191,110.38,08:01:20.586256206
85,110.36,187,110.38,08:01:20.586450725
97,110.36,187,110.38,08:01:20.586607936
97,110.36,171,110.38,08:01:20.586764829
5,110.37,171,110.38,08:01:20.592564655
101,110.36,171,110.38,08:01:20.596560632
101,110.36,1,110.37,08:01:20.596560632
89,110.36,1,110.37,08:01:20.596787492
85,110.36,1,110.37,08:01:20.597094945
85,110.36,2,110.37,08:01:20.597189208
85,110.36,1,110.37,08:01:20.598841536
85,110.36,191,110.38,08:01:20.598921533
5,110.37,191,110.38,08:01:20.606939523
3,110.37,191,110.38,08:01:20.607176463
2,110.37,191,110.38,08:01:20.607506059
1,110.37,191,110.38,08:01:20.607506059
89,110.36,191,110.38,08:01:20.607852177
89,110.36,171,110.38,08:01:20.607852177
87,110.36,171,110.38,08:01:20.607937914
87,110.36,191,110.38,08:01:20.608278721
85,110.36,191,110.38,08:01:20.608446699
85,110.36,197,110.38,08:01:20.609802906
5,110.37,197,110.38,08:01:20.618308607
5,110.37,181,110.38,08:01:20.618913677
2,110.37,181,110.38,08:01:20.822141289
89,110.36,181,110.38,08:01:20.822497538
89,110.36,5,110.37,08:01:20.822513673
89,110.36,7,110.37,08:01:20.822673017
89,110.36,37,110.37,08:01:20.822817282
89,110.36,38,110.37,08:01:20.823003327
87,110.36,38,110.37,08:01:20.823003327
87,110.36,33,110.37,08:01:20.823020716
87,110.36,31,110.37,08:01:20.823338945
87,110.36,30,110.37,08:01:20.823338945
87,110.36,42,110.37,08:01:20.823353541
87,110.36,51,110.37,08:01:20.823353541
85,110.36,51,110.37,08:01:20.823453578
85,110.36,52,110.37,08:01:20.823769022
85,110.36,51,110.37,08:01:20.824088900
85,110.36,52,110.37,08:01:20.825983651
85,110.36,51,110.37,08:01:20.826192482
85,110.36,52,110.37,08:01:20.826942939
85,110.36,51,110.37,08:01:20.827309400
85,110.36,52,110.37,08:01:20.832558406
85,110.36,47,110.37,08:01:20.832766198
85,110.36,46,110.37,08:01:20.832919328
85,110.36,47,110.37,08:01:20.833423599
85,110.36,52,110.37,08:01:20.833754021
85,110.36,53,110.37,08:01:20.838281384
85,110.36,52,110.37,08:01:20.838419649
85,110.36,53,110.37,08:01:20.839236330
85,110.36,52,110.37,08:01:20.840689684
85,110.36,47,110.37,08:01:20.843445840
85,110.36,55,110.37,08:01:20.843517677
85,110.36,56,110.37,08:01:20.844502350
85,110.36,58,110.37,08:01:20.844584766
85,110.36,64,110.37,08:01:20.849829692
85,110.36,59,110.37,08:01:20.853997753
85,110.36,58,110.37,08:01:20.854154973
85,110.36,52,110.37,08:01:20.859920464
85,110.36,53,110.37,08:01:20.861319929
85,110.36,52,110.37,08:01:20.862871006
85,110.36,53,110.37,08:01:20.863088485
85,110.36,48,110.37,08:01:20.864562288
85,110.36,47,110.37,08:01:20.865044704
85,110.36,42,110.37,08:01:20.865187535
85,110.36,43,110.37,08:01:20.865679369
85,110.36,38,110.37,08:01:20.875075338
85,110.36,33,110.37,08:01:20.875336106
85,110.36,24,110.37,08:01:20.875336106
85,110.36,23,110.37,08:01:20.875408367
85,110.36,15,110.37,08:01:20.875408367
85,110.36,3,110.37,08:01:20.875544790
85,110.36,4,110.37,08:01:20.875764435
85,110.36,3,110.37,08:01:20.885743775
85,110.36,1,110.37,08:01:20.885743775
85,110.36,197,110.38,08:01:20.885822253
1,110.37,197,110.38,08:01:20.885822253
85,110.36,197,110.38,08:01:20.886118579
85,110.36,177,110.38,08:01:20.886623026
97,110.36,177,110.38,08:01:20.886719400
85,110.36,177,110.38,08:01:20.886952754
85,110.36,197,110.38,08:01:20.887257272
85,110.36,181,110.38,08:01:20.888802768
85,110.36,183,110.38,08:01:20.890051116
85,110.36,191,110.38,08:01:20.890335925
85,110.36,193,110.38,08:01:20.890672657
5,110.37,193,110.38,08:01:20.896735232
1,110.37,193,110.38,08:01:20.897218540
1,110.37,191,110.38,08:01:20.897669897
89,110.36,191,110.38,08:01:20.897853564
89,110.36,189,110.38,08:01:20.897938548
85,110.36,189,110.38,08:01:20.897938548
85,110.36,177,110.38,08:01:20.898031096
85,110.36,179,110.38,08:01:20.898322516
85,110.36,197,110.38,08:01:20.898542180
85,110.36,173,110.38,08:01:20.899609792
5,110.37,173,110.38,08:01:20.908237353
5,110.37,159,110.38,08:01:20.908638814
5,110.37,153,110.38,08:01:20.908945985
5,110.37,157,110.38,08:01:20.953226275
14,110.37,157,110.38,08:01:20.953377469
14,110.37,153,110.38,08:01:20.954258341
14,110.37,177,110.38,08:01:21.003348220
5,110.37,177,110.38,08:01:21.097111232
5,110.37,181,110.38,08:01:21.097683262
14,110.37,181,110.38,08:01:21.141373533
14,110.37,177,110.38,08:01:21.141933981
5,110.37,177,110.38,08:01:21.178289658
5,110.37,181,110.38,08:01:21.263098896
5,110.37,177,110.38,08:01:21.307917211
14,110.37,177,110.38,08:01:21.409364568
14,110.37,181,110.38,08:01:21.409700886
14,110.37,177,110.38,08:01:21.434782398
16,110.37,177,110.38,08:01:21.600460449
7,110.37,177,110.38,08:01:21.788767861
2,110.37,177,110.38,08:01:21.789153934
1,110.37,177,110.38,08:01:21.789153934
1,110.37,197,110.38,08:01:21.789500193
85,110.36,197,110.38,08:01:21.789632039
85,110.36,13,110.37,08:01:21.789632039
85,110.36,43,110.37,08:01:21.789632039
85,110.36,55,110.37,08:01:21.790159927
85,110.36,25,110.37,08:01:21.790357239
85,110.36,12,110.37,08:01:21.790357239
85,110.36,197,110.38,08:01:21.790511616
5,110.37,197,110.38,08:01:21.790897833
85,110.36,197,110.38,08:01:21.791054874
85,110.36,5,110.37,08:01:21.791054874
85,110.36,35,110.37,08:01:21.791207273
85,110.36,37,110.37,08:01:21.791360272
89,110.36,37,110.37,08:01:21.791682264
89,110.36,35,110.37,08:01:21.791682264
85,110.36,35,110.37,08:01:21.791966619
85,110.36,5,110.37,08:01:21.792161781
85,110.36,6,110.37,08:01:21.793266344
85,110.36,5,110.37,08:01:21.793667571
85,110.36,200,110.38,08:01:21.799781461
85,110.36,176,110.38,08:01:21.800242996
85,110.36,178,110.38,08:01:21.800506392
85,110.36,164,110.38,08:01:21.800846787
5,110.37,164,110.38,08:01:21.810401134
5,110.37,158,110.38,08:01:21.811073838
5,110.37,155,110.38,08:01:21.963742229
14,110.37,155,110.38,08:01:22.029706450
17,110.37,155,110.38,08:01:22.100337409
18,110.37,155,110.38,08:01:22.820394514
19,110.37,155,110.38,08:01:22.820647179
20,110.37,155,110.38,08:01:22.820925848
21,110.37,155,110.38,08:01:22.821332084
20,110.37,155,110.38,08:01:22.822343687
19,110.37,155,110.38,08:01:22.822415386
18,110.37,155,110.38,08:01:22.822488397
9,110.37,155,110.38,08:01:22.824708002
9,110.37,158,110.38,08:01:22.826109882
8,110.37,158,110.38,08:01:22.826263238
8,110.37,182,110.38,08:01:22.844764655
8,110.37,158,110.38,08:01:22.864811860
8,110.37,155,110.38,08:01:22.883175412
3,110.37,155,110.38,08:01:23.568160016
85,110.36,155,110.38,08:01:23.568183248
85,110.36,163,110.38,08:01:23.568455093
85,110.36,32,110.37,08:01:23.568455093
85,110.36,33,110.37,08:01:23.568562972
93,110.36,33,110.37,08:01:23.568580172
93,110.36,45,110.37,08:01:23.568666380
93,110.36,44,110.37,08:01:23.568833227
85,110.36,44,110.37,08:01:23.569177518
85,110.36,39,110.37,08:01:23.578777010
85,110.36,12,110.37,08:01:23.579039254
85,110.36,175,110.38,08:01:23.579278505
85,110.36,171,110.38,08:01:23.579564097
85,110.36,2,110.37,08:01:23.579765029
85,110.36,1,110.37,08:01:23.580134479
85,110.36,159,110.38,08:01:23.589405065
4,110.37,159,110.38,08:01:23.589405065
85,110.36,159,110.38,08:01:23.589725964
89,110.36,159,110.38,08:01:23.590096920
89,110.36,153,110.38,08:01:23.590180408
85,110.36,153,110.38,08:01:23.590394907
2,110.37,153,110.38,08:01:23.592805901
27,110.37,153,110.38,08:01:23.880987649
28,110.37,153,110.38,08:01:24.507309532
37,110.37,153,110.38,08:01:25.084972622
38,110.37,153,110.38,08:01:25.127414083
29,110.37,153,110.38,08:01:25.587713872
31,110.37,153,110.38,08:01:27.607484612
32,110.37,153,110.38,08:01:27.607650824
41,110.37,153,110.38,08:01:27.607895789
42,110.37,153,110.38,08:01:27.608002878
41,110.37,153,110.38,08:01:27.608002878
42,110.37,153,110.38,08:01:27.609206818
41,110.37,153,110.38,08:01:27.610194310
42,110.37,153,110.38,08:01:27.616921788
43,110.37,153,110.38,08:01:27.617064153
44,110.37,153,110.38,08:01:27.617138908
45,110.37,153,110.38,08:01:27.617213119
45,110.37,150,110.38,08:01:27.619004356
45,110.37,152,110.38,08:01:27.619954874
44,110.37,152,110.38,08:01:27.620125897
43,110.37,152,110.38,08:01:27.620203578
44,110.37,152,110.38,08:01:27.620348674
45,110.37,152,110.38,08:01:27.620417007
44,110.37,152,110.38,08:01:27.620561472
45,110.37,152,110.38,08:01:27.621274651
44,110.37,152,110.38,08:01:27.621877867
45,110.37,152,110.38,08:01:27.623577814
44,110.37,152,110.38,08:01:27.623731871
43,110.37,152,110.38,08:01:27.624703282
42,110.37,152,110.38,08:01:27.624919916
40,110.37,152,110.38,08:01:27.626050069
41,110.37,152,110.38,08:01:27.627559488
42,110.37,152,110.38,08:01:27.627708384
41,110.37,152,110.38,08:01:27.637049067
42,110.37,152,110.38,08:01:27.637566326
41,110.37,152,110.38,08:01:27.637634166
42,110.37,152,110.38,08:01:27.637805681
43,110.37,152,110.38,08:01:27.637927722
44,110.37,152,110.38,08:01:27.638262346
45,110.37,152,110.38,08:01:27.638569039
44,110.37,152,110.38,08:01:27.639420203
45,110.37,152,110.38,08:01:27.639658897
45,110.37,176,110.38,08:01:27.655428813
45,110.37,152,110.38,08:01:27.675356575
45,110.37,150,110.38,08:01:27.684918641
45,110.37,151,110.38,08:01:27.707329469
45,110.37,175,110.38,08:01:27.725954124
44,110.37,175,110.38,08:01:28.384605085
43,110.37,175,110.38,08:01:28.384684175
42,110.37,175,110.38,08:01:28.384684175
43,110.37,175,110.38,08:01:28.384898602
42,110.37,175,110.38,08:01:28.384898602
43,110.37,175,110.38,08:01:28.384966464
44,110.37,175,110.38,08:01:28.385051680
45,110.37,175,110.38,08:01:28.385125984
44,110.37,175,110.38,08:01:28.385248553
45,110.37,175,110.38,08:01:28.387424024
44,110.37,175,110.38,08:01:28.388525613
43,110.37,175,110.38,08:01:28.389245872
42,110.37,175,110.38,08:01:28.389934193
41,110.37,175,110.38,08:01:28.390093349
32,110.37,175,110.38,08:01:28.390157183
33,110.37,175,110.38,08:01:28.391836227
34,110.37,175,110.38,08:01:28.391979206
33,110.37,175,110.38,08:01:28.392882645
33,110.37,151,110.38,08:01:28.401466506
34,110.37,151,110.38,08:01:28.401606869
35,110.37,151,110.38,08:01:28.457341712
36,110.37,151,110.38,08:01:28.457403709
45,110.37,151,110.38,08:01:28.458256339
45,110.37,175,110.38,08:01:28.526599300
44,110.37,175,110.38,08:01:32.521714146
35,110.37,175,110.38,08:01:32.521991424
35,110.37,151,110.38,08:01:32.533782539
44,110.37,151,110.38,08:01:32.537283480
45,110.37,151,110.38,08:01:32.564906148
44,110.37,151,110.38,08:01:32.690075346
35,110.37,151,110.38,08:01:32.690847445
44,110.37,151,110.38,08:01:33.029512158
35,110.37,151,110.38,08:01:33.042749532
35,110.37,152,110.38,08:01:33.940551638
34,110.37,152,110.38,08:01:33.940617554
33,110.37,152,110.38,08:01:33.940749429
32,110.37,152,110.38,08:01:33.941736321
31,110.37,152,110.38,08:01:33.942061242
32,110.37,152,110.38,08:01:33.942260055
34,110.37,152,110.38,08:01:33.942401249
32,110.37,152,110.38,08:01:33.945226219
31,110.37,152,110.38,08:01:34.030801036
40,110.37,152,110.38,08:01:34.310659527
41,110.37,152,110.38,08:01:34.310997408
42,110.37,152,110.38,08:01:34.420875244
43,110.37,152,110.38,08:01:34.421188612
44,110.37,152,110.38,08:01:34.421345115
44,110.37,151,110.38,08:01:34.435883074
45,110.37,151,110.38,08:01:34.660191224
44,110.37,151,110.38,08:01:34.660333237
44,110.37,149,110.38,08:01:36.286279786
43,110.37,149,110.38,08:01:36.286384009
42,110.37,149,110.38,08:01:36.286494013
43,110.37,149,110.38,08:01:36.289773494
42,110.37,149,110.38,08:01:36.290924902
42,110.37,150,110.38,08:01:36.290997203
43,110.37,150,110.38,08:01:36.296328013
44,110.37,150,110.38,08:01:36.308589674
44,110.37,149,110.38,08:01:39.290065875
45,110.37,149,110.38,08:01:39.290177309
46,110.37,149,110.38,08:01:39.290247664
45,110.37,149,110.38,08:01:41.123632460
44,110.37,149,110.38,08:01:41.168270590
44,110.37,150,110.38,08:01:41.168270590
35,110.37,150,110.38,08:01:41.168270590
36,110.37,150,110.38,08:01:41.168488497
35,110.37,150,110.38,08:01:41.168488497
34,110.37,150,110.38,08:01:41.169067604
33,110.37,150,110.38,08:01:41.169159277
32,110.37,150,110.38,08:01:41.169297963
33,110.37,150,110.38,08:01:41.169877357
34,110.37,150,110.38,08:01:41.169951190
33,110.37,150,110.38,08:01:41.170668163
34,110.37,150,110.38,08:01:41.171579935
33,110.37,150,110.38,08:01:41.171944940
32,110.37,150,110.38,08:01:41.172114978
31,110.37,150,110.38,08:01:41.174595977
30,110.37,150,110.38,08:01:41.174661814
30,110.37,153,110.38,08:01:41.185907305
29,110.37,153,110.38,08:01:41.189480655
29,110.37,156,110.38,08:01:41.223449710
29,110.37,158,110.38,08:01:41.241936704
29,110.37,156,110.38,08:01:41.241936704
29,110.37,174,110.38,08:01:41.242070692
29,110.37,176,110.38,08:01:41.242213946
29,110.37,170,110.38,08:01:41.259905819
29,110.37,168,110.38,08:01:41.260251005
29,110.37,170,110.38,08:01:41.271536083
29,110.37,176,110.38,08:01:41.302422882
29,110.37,178,110.38,08:01:41.614634463
29,110.37,202,110.38,08:01:41.770263589
29,110.37,199,110.38,08:01:43.304370543
29,110.37,195,110.38,08:01:43.305391799
29,110.37,171,110.38,08:01:43.516119940
29,110.37,173,110.38,08:01:44.246252623
29,110.37,175,110.38,08:01:44.367316239
29,110.37,199,110.38,08:01:45.014855571
38,110.37,199,110.38,08:01:48.476654909
38,110.37,179,110.38,08:01:48.476923740
38,110.37,155,110.38,08:01:48.492353845
40,110.37,155,110.38,08:01:50.671047024
41,110.37,155,110.38,08:01:50.671190307
42,110.37,155,110.38,08:01:50.671382719
41,110.37,155,110.38,08:01:53.377872021
39,110.37,155,110.38,08:01:53.380163719
40,110.37,155,110.38,08:01:53.380850085
41,110.37,155,110.38,08:01:53.380990783
42,110.37,155,110.38,08:01:53.381135330
41,110.37,155,110.38,08:01:53.448158951
40,110.37,155,110.38,08:01:53.448304673
41,110.37,155,110.38,08:01:53.483660057
42,110.37,155,110.38,08:01:53.484251298
43,110.37,155,110.38,08:01:54.032622568
42,110.37,155,110.38,08:01:54.032803656
41,110.37,155,110.38,08:01:55.454464099
42,110.37,155,110.38,08:01:55.917695195
41,110.37,155,110.38,08:01:56.034533082
42,110.37,155,110.38,08:01:56.077407681
43,110.37,155,110.38,08:01:56.792936010
42,110.37,155,110.38,08:01:57.011067247
43,110.37,155,110.38,08:01:57.018892335
42,110.37,155,110.38,08:01:59.783239282
41,110.37,155,110.38,08:01:59.783387269
42,110.37,155,110.38,08:01:59.801857284
43,110.37,155,110.38,08:01:59.801997655
42,110.37,155,110.38,08:01:59.809080225
41,110.37,155,110.38,08:01:59.809212174
40,110.37,155,110.38,08:01:59.809349799
31,110.37,155,110.38,08:01:59.870895485
31,110.37,157,110.38,08:01:59.871255233
31,110.37,155,110.38,08:01:59.871255233
31,110.37,163,110.38,08:01:59.871592921
32,110.37,163,110.38,08:01:59.871698103
32,110.37,165,110.38,08:01:59.871698103
32,110.37,161,110.38,08:01:59.872039519
32,110.37,155,110.38,08:01:59.872403679
31,110.37,155,110.38,08:01:59.874360513
31,110.37,158,110.38,08:01:59.884676478
30,110.37,158,110.38,08:01:59.884873064
30,110.37,157,110.38,08:02:00.266016973
30,110.37,154,110.38,08:02:00.322164716
39,110.37,154,110.38,08:02:00.783303207
40,110.37,154,110.38,08:02:01.356913324
41,110.37,154,110.38,08:02:01.357092993
42,110.37,154,110.38,08:02:01.361073489
43,110.37,154,110.38,08:02:01.361210430
44,110.37,154,110.38,08:02:01.402211230
45,110.37,154,110.38,08:02:01.402403943
44,110.37,154,110.38,08:02:01.402787136
43,110.37,154,110.38,08:02:01.402787136
44,110.37,154,110.38,08:02:01.426068249
45,110.37,154,110.38,08:02:01.426134454
44,110.37,154,110.38,08:02:03.717274562
45,110.37,154,110.38,08:02:03.730044787
44,110.37,154,110.38,08:02:03.750249374
45,110.37,154,110.38,08:02:03.807049508
44,110.37,154,110.38,08:02:03.818104736
43,110.37,154,110.38,08:02:03.818250797
44,110.37,154,110.38,08:02:03.820437777
45,110.37,154,110.38,08:02:03.820501720
45,110.37,153,110.38,08:02:03.881208426
45,110.37,154,110.38,08:02:05.975078685
44,110.37,154,110.38,08:02:05.975190947
43,110.37,154,110.38,08:02:05.975268512
42,110.37,154,110.38,08:02:05.976226540
41,110.37,154,110.38,08:02:05.976311179
40,110.37,154,110.38,08:02:05.976311179
41,110.37,154,110.38,08:02:05.976487381
43,110.37,154,110.38,08:02:05.976597093
41,110.37,154,110.38,08:02:05.977005422
40,110.37,154,110.38,08:02:05.978200880
38,110.37,154,110.38,08:02:05.978302582
24,110.37,154,110.38,08:02:05.978302582
15,110.37,154,110.38,08:02:05.979106636
6,110.37,154,110.38,08:02:05.979572809
4,110.37,154,110.38,08:02:05.979723496
3,110.37,154,110.38,08:02:05.979723496
2,110.37,154,110.38,08:02:05.979723496
1,110.37,154,110.38,08:02:05.979746405
124,110.36,154,110.38,08:02:05.979746405
124,110.36,29,110.37,08:02:05.979746405
110,110.36,29,110.37,08:02:05.979746405
110,110.36,41,110.37,08:02:05.980016219
110,110.36,50,110.37,08:02:05.980153713
130,110.36,50,110.37,08:02:05.980297975
124,110.36,50,110.37,08:02:05.980770761
110,110.36,50,110.37,08:02:05.981073232
110,110.36,49,110.37,08:02:05.990267698
110,110.36,21,110.37,08:02:05.990607246
110,110.36,9,110.37,08:02:05.990607246
110,110.36,21,110.37,08:02:05.991094507
110,110.36,23,110.37,08:02:05.991260036
110,110.36,24,110.37,08:02:05.999468151
110,110.36,15,110.37,08:02:06.002352960
110,110.36,3,110.37,08:02:06.002352960
110,110.36,1,110.37,08:02:06.002534448
110,110.36,175,110.38,08:02:06.002549309
110,110.36,167,110.38,08:02:06.003104022
110,110.36,165,110.38,08:02:06.003551788
110,110.36,166,110.38,08:02:06.028683920
110,110.36,168,110.38,08:02:06.165077917
110,110.36,176,110.38,08:02:06.418020528
110,110.36,160,110.38,08:02:06.504490728
110,110.36,156,110.38,08:02:06.504820738
110,110.36,180,110.38,08:02:06.514964690
122,110.36,180,110.38,08:02:06.515145074
122,110.36,156,110.38,08:02:06.536604554
110,110.36,156,110.38,08:02:06.607726480
110,110.36,174,110.38,08:02:06.607941062
110,110.36,176,110.38,08:02:06.608295630
110,110.36,200,110.38,08:02:06.765506498
111,110.36,200,110.38,08:02:07.347278762
3,110.37,200,110.38,08:02:07.503846887
2,110.37,200,110.38,08:02:07.504073338
111,110.36,200,110.38,08:02:07.504209158
113,110.36,200,110.38,08:02:07.504420476
111,110.36,200,110.38,08:02:07.504785557
110,110.36,200,110.38,08:02:07.539714301
111,110.36,200,110.38,08:02:07.590020287
2,110.37,200,110.38,08:02:08.003211629
111,110.36,200,110.38,08:02:08.003494230
113,110.36,200,110.38,08:02:08.003786053
111,110.36,200,110.38,08:02:08.004130895
2,110.37,200,110.38,08:02:08.504045574
111,110.36,200,110.38,08:02:08.504305405
113,110.36,200,110.38,08:02:08.504574108
111,110.36,200,110.38,08:02:08.504937937
3,110.37,200,110.38,08:02:09.003427232
1,110.37,200,110.38,08:02:09.003682272
2,110.37,200,110.38,08:02:09.089275009
1,110.37,200,110.38,08:02:09.089528164
110,110.36,200,110.38,08:02:09.089605198
112,110.36,200,110.38,08:02:09.089816081
110,110.36,200,110.38,08:02:09.090255546
1,110.37,200,110.38,08:02:09.504046876
110,110.36,200,110.38,08:02:12.798807328
110,110.36,21,110.37,08:02:12.799230022
110,110.36,33,110.37,08:02:12.799398784
110,110.36,34,110.37,08:02:12.799563622
110,110.36,35,110.37,08:02:12.799640989
110,110.36,38,110.37,08:02:12.799724905
110,110.36,37,110.37,08:02:12.799803827
110,110.36,43,110.37,08:02:12.799915420
111,110.36,43,110.37,08:02:12.805484691
111,110.36,44,110.37,08:02:12.807063254
111,110.36,43,110.37,08:02:12.810691247
111,110.36,42,110.37,08:02:12.813215136
111,110.36,40,110.37,08:02:12.822548254
111,110.36,41,110.37,08:02:12.830911002
111,110.36,51,110.37,08:02:12.832961759
111,110.36,52,110.37,08:02:12.833180030
111,110.36,51,110.37,08:02:12.833421546
111,110.36,33,110.37,08:02:12.834499023
111,110.36,28,110.37,08:02:12.834515016
111,110.36,27,110.37,08:02:12.834852410
111,110.36,17,110.37,08:02:12.834852410
111,110.36,16,110.37,08:02:12.835066258
110,110.36,16,110.37,08:02:12.835066258
110,110.36,21,110.37,08:02:12.835066258
110,110.36,22,110.37,08:02:12.835671148
110,110.36,21,110.37,08:02:12.835825967
110,110.36,22,110.37,08:02:12.837789639
110,110.36,21,110.37,08:02:12.838731910
110,110.36,22,110.37,08:02:12.838908425
110,110.36,21,110.37,08:02:12.839672613
110,110.36,22,110.37,08:02:12.839954629
110,110.36,21,110.37,08:02:12.840465029
110,110.36,22,110.37,08:02:12.842910070
107,110.36,22,110.37,08:02:12.843193913
106,110.36,22,110.37,08:02:12.843281944
104,110.36,22,110.37,08:02:12.843281944
103,110.36,22,110.37,08:02:12.843281944
102,110.36,22,110.37,08:02:12.843281944
99,110.36,22,110.37,08:02:12.843388677
97,110.36,22,110.37,08:02:12.843388677
97,110.36,28,110.37,08:02:12.843388677
97,110.36,37,110.37,08:02:12.843460523
97,110.36,47,110.37,08:02:12.849935049
97,110.36,37,110.37,08:02:12.853213010
97,110.36,38,110.37,08:02:12.854218263
97,110.36,39,110.37,08:02:12.860811474
97,110.36,40,110.37,08:02:12.861497483
97,110.36,60,110.37,08:02:12.866551916
97,110.36,70,110.37,08:02:12.866702451
97,110.36,72,110.37,08:02:12.866726086
97,110.36,76,110.37,08:02:12.866845638
97,110.36,82,110.37,08:02:12.867078892
85,110.36,82,110.37,08:02:12.867096722
85,110.36,95,110.37,08:02:12.867096722
82,110.36,95,110.37,08:02:12.867190789
82,110.36,96,110.37,08:02:12.878003798
82,110.36,95,110.37,08:02:12.879322622
84,110.36,95,110.37,08:02:12.879341233
84,110.36,82,110.37,08:02:12.879717796
84,110.36,62,110.37,08:02:12.879717796
84,110.36,52,110.37,08:02:12.879732097
84,110.36,46,110.37,08:02:12.879732097
84,110.36,42,110.37,08:02:12.879855079
84,110.36,41,110.37,08:02:12.891135942
84,110.36,42,110.37,08:02:12.912025633
99,110.36,42,110.37,08:02:12.966916709
99,110.36,41,110.37,08:02:12.967064130
99,110.36,42,110.37,08:02:13.037566418
99,110.36,40,110.37,08:02:13.249899876
99,110.36,39,110.37,08:02:13.945507102
99,110.36,30,110.37,08:02:13.945787437
99,110.36,31,110.37,08:02:13.947900824
99,110.36,30,110.37,08:02:13.949053140
99,110.36,24,110.37,08:02:14.908126654
99,110.36,23,110.37,08:02:14.908264808
99,110.36,32,110.37,08:02:15.135074537
99,110.36,33,110.37,08:02:15.135278859
99,110.36,34,110.37,08:02:15.135388403
84,110.36,34,110.37,08:02:15.135388403
84,110.36,33,110.37,08:02:15.135696783
84,110.36,39,110.37,08:02:15.145122764
84,110.36,49,110.37,08:02:15.145295261
84,110.36,50,110.37,08:02:15.148627962
84,110.36,51,110.37,08:02:15.441144228
84,110.36,73,110.37,08:02:15.441319927
84,110.36,84,110.37,08:02:15.441410288
84,110.36,89,110.37,08:02:15.441501251
84,110.36,100,110.37,08:02:15.441501251
84,110.36,104,110.37,08:02:15.441668379
84,110.36,103,110.37,08:02:15.446100504
82,110.36,103,110.37,08:02:15.453780527
84,110.36,103,110.37,08:02:15.454285070
84,110.36,92,110.37,08:02:15.454513028
84,110.36,87,110.37,08:02:15.454593869
84,110.36,83,110.37,08:02:15.454869222
84,110.36,72,110.37,08:02:15.455180062
84,110.36,50,110.37,08:02:15.455267337
84,110.36,40,110.37,08:02:15.455425540
92,110.36,40,110.37,08:02:16.465635200
99,110.36,40,110.37,08:02:16.465737936
99,110.36,39,110.37,08:02:16.465806201
99,110.36,38,110.37,08:02:16.471207863
99,110.36,32,110.37,08:02:18.933940808
99,110.36,33,110.37,08:02:18.943195578
99,110.36,32,110.37,08:02:18.943747776
99,110.36,23,110.37,08:02:18.948821054
99,110.36,24,110.37,08:02:18.989845321
99,110.36,25,110.37,08:02:18.989911829
99,110.36,34,110.37,08:02:18.989971177
99,110.36,25,110.37,08:02:19.641886711
99,110.36,24,110.37,08:02:19.642049112
99,110.36,23,110.37,08:02:19.642120795
99,110.36,32,110.37,08:02:24.670020893
99,110.36,33,110.37,08:02:24.673547191
99,110.36,39,110.37,08:02:24.740562775
99,110.36,38,110.37,08:02:26.345017247
99,110.36,32,110.37,08:02:27.121641502
99,110.36,33,110.37,08:02:27.361398380
99,110.36,39,110.37,08:02:27.372290724
99,110.36,38,110.37,08:02:27.541804677
99,110.36,32,110.37,08:02:27.552597881
101,110.36,32,110.37,08:02:27.778997652
102,110.36,32,110.37,08:02:27.779103770
102,110.36,23,110.37,08:02:28.859675900
102,110.36,32,110.37,08:02:30.135664316
102,110.36,33,110.37,08:02:31.017287618
102,110.36,32,110.37,08:02:31.017498869
102,110.36,33,110.37,08:02:31.786900431
102,110.36,39,110.37,08:02:31.824683090
102,110.36,38,110.37,08:02:32.461040528
102,110.36,29,110.37,08:02:32.461349069
102,110.36,30,110.37,08:02:32.463803923
102,110.36,29,110.37,08:02:32.464965644
102,110.36,23,110.37,08:02:32.471553929
102,110.36,32,110.37,08:02:35.031157386
102,110.36,33,110.37,08:02:35.031358410
102,110.36,32,110.37,08:02:35.031588653
102,110.36,33,110.37,08:02:35.045133181
102,110.36,32,110.37,08:02:35.058195624
102,110.36,33,110.37,08:02:35.086150066
102,110.36,39,110.37,08:02:35.100692570
102,110.36,43,110.37,08:02:35.718346650
102,110.36,42,110.37,08:02:39.627354931
102,110.36,33,110.37,08:02:39.633245716
102,110.36,34,110.37,08:02:39.633400612
102,110.36,30,110.37,08:02:42.863742677
102,110.36,39,110.37,08:02:42.975106374
102,110.36,38,110.37,08:02:45.258451729
102,110.36,29,110.37,08:02:45.258734851
102,110.36,23,110.37,08:02:45.273196448
102,110.36,18,110.37,08:02:45.624615764
102,110.36,12,110.37,08:02:47.069766044
102,110.36,9,110.37,08:02:47.069766044
102,110.36,3,110.37,08:02:47.069825773
102,110.36,2,110.37,08:02:47.070262054
114,110.36,2,110.37,08:02:47.070262054
114,110.36,1,110.37,08:02:47.101182845
114,110.36,108,110.38,08:02:47.101425129
2,110.37,108,110.38,08:02:47.101425129
3,110.37,108,110.38,08:02:47.101498137
4,110.37,108,110.38,08:02:47.101704480
5,110.37,108,110.38,08:02:47.101798687
5,110.37,107,110.38,08:02:47.101798687
5,110.37,116,110.38,08:02:47.101943913
3,110.37,116,110.38,08:02:47.101971590
3,110.37,114,110.38,08:02:47.101971590
3,110.37,115,110.38,08:02:47.102135449
2,110.37,115,110.38,08:02:47.102269377
1,110.37,115,110.38,08:02:47.102269377
124,110.36,115,110.38,08:02:47.102269377
126,110.36,115,110.38,08:02:47.102357077
124,110.36,115,110.38,08:02:47.102681591
122,110.36,115,110.38,08:02:47.103019677
121,110.36,115,110.38,08:02:47.126884184
122,110.36,115,110.38,08:02:47.177199261
123,110.36,115,110.38,08:02:48.858167295
123,110.36,9,110.37,08:02:51.321634730
111,110.36,9,110.37,08:02:51.321903389
106,110.36,9,110.37,08:02:51.321997843
103,110.36,9,110.37,08:02:51.321997843
103,110.36,10,110.37,08:02:51.321997843
103,110.36,19,110.37,08:02:54.371777269
103,110.36,29,110.37,08:02:55.506380662
103,110.36,28,110.37,08:02:57.070354938
103,110.36,29,110.37,08:02:57.315104907
103,110.36,35,110.37,08:02:57.327333356
103,110.36,36,110.37,08:02:57.327500432
103,110.36,48,110.37,08:02:57.327570055
95,110.36,48,110.37,08:02:57.370719197
88,110.36,48,110.37,08:02:57.370778333
88,110.36,47,110.37,08:02:58.109845375
88,110.36,46,110.37,08:02:58.112238023
101,110.36,46,110.37,08:02:58.113402332
101,110.36,34,110.37,08:03:00.792210354
101,110.36,24,110.37,08:03:00.792390933
101,110.36,18,110.37,08:03:00.802798168
101,110.36,19,110.37,08:03:01.061395990
101,110.36,20,110.37,08:03:01.067266731
101,110.36,19,110.37,08:03:01.070974532
101,110.36,25,110.37,08:03:01.077946675
101,110.36,37,110.37,08:03:01.078094310
101,110.36,31,110.37,08:03:01.100270296
101,110.36,30,110.37,08:03:01.275736864
101,110.36,33,110.37,08:03:01.507074885
101,110.36,34,110.37,08:03:03.014692056
101,110.36,38,110.37,08:03:03.016014192
101,110.36,44,110.37,08:03:03.025666414
101,110.36,43,110.37,08:03:03.047366193
101,110.36,37,110.37,08:03:03.050008404
88,110.36,37,110.37,08:03:05.029753929
88,110.36,38,110.37,08:03:05.029932016
88,110.36,39,110.37,08:03:05.030007449
88,110.36,45,110.37,08:03:05.040599275
103,110.36,45,110.37,08:03:05.178544105
103,110.36,44,110.37,08:03:05.178676630
102,110.36,44,110.37,08:03:05.282414063
102,110.36,43,110.37,08:03:05.307749675
102,110.36,37,110.37,08:03:05.732608061
102,110.36,43,110.37,08:03:06.183005923
102,110.36,37,110.37,08:03:07.135474090
102,110.36,36,110.37,08:03:07.135610972
102,110.36,42,110.37,08:03:07.436891214
102,110.36,43,110.37,08:03:07.437045295
102,110.36,37,110.37,08:03:09.764393927
102,110.36,43,110.37,08:03:11.742632677
102,110.36,42,110.37,08:03:15.939155453
102,110.36,36,110.37,08:03:15.954694465
102,110.36,24,110.37,08:03:15.954849589
102,110.36,17,110.37,08:03:16.013189149
102,110.36,26,110.37,08:03:16.216509332
102,110.36,27,110.37,08:03:16.527107643
102,110.36,26,110.37,08:03:16.528526216
102,110.36,27,110.37,08:03:16.648979459
102,110.36,26,110.37,08:03:16.666990588
102,110.36,27,110.37,08:03:16.862061502
102,110.36,26,110.37,08:03:16.898578739
102,110.36,27,110.37,08:03:16.919257357
102,110.36,26,110.37,08:03:16.940093915
102,110.36,31,110.37,08:03:17.045169595
102,110.36,58,110.37,08:03:17.045508967
102,110.36,59,110.37,08:03:17.045524461
102,110.36,71,110.37,08:03:17.045595326
102,110.36,70,110.37,08:03:17.045727124
102,110.36,76,110.37,08:03:17.056004810
103,110.36,76,110.37,08:03:17.079581257
103,110.36,77,110.37,08:03:17.202910134
103,110.36,76,110.37,08:03:17.203162633
88,110.36,76,110.37,08:03:17.204237648
88,110.36,77,110.37,08:03:17.204343531
88,110.36,76,110.37,08:03:17.204439374
88,110.36,77,110.37,08:03:17.275911229
88,110.36,78,110.37,08:03:17.305239803
98,110.36,78,110.37,08:03:17.419999604
103,110.36,78,110.37,08:03:17.420071130
103,110.36,77,110.37,08:03:17.420303955
103,110.36,76,110.37,08:03:18.563041451
103,110.36,77,110.37,08:03:20.615786445
103,110.36,78,110.37,08:03:20.636770569
103,110.36,77,110.37,08:03:20.636920358
103,110.36,76,110.37,08:03:20.674756675
103,110.36,77,110.37,08:03:20.698686761
103,110.36,76,110.37,08:03:20.700722456
103,110.36,77,110.37,08:03:20.719800166
103,110.36,78,110.37,08:03:20.720065337
103,110.36,79,110.37,08:03:20.720290137
93,110.36,79,110.37,08:03:20.720437368
88,110.36,79,110.37,08:03:20.720516815
88,110.36,78,110.37,08:03:20.723116415
88,110.36,79,110.37,08:03:20.723387295
88,110.36,78,110.37,08:03:20.725142455
88,110.36,79,110.37,08:03:20.725727395
88,110.36,78,110.37,08:03:20.726547980
88,110.36,79,110.37,08:03:20.726710412
88,110.36,78,110.37,08:03:20.754056787
88,110.36,79,110.37,08:03:20.760758944
88,110.36,78,110.37,08:03:20.855304343
88,110.36,79,110.37,08:03:20.872470318
88,110.36,78,110.37,08:03:20.893052493
103,110.36,78,110.37,08:03:20.893209841
103,110.36,79,110.37,08:03:20.894351376
103,110.36,78,110.37,08:03:20.897091719
103,110.36,79,110.37,08:03:20.969101456
88,110.36,79,110.37,08:03:20.970161711
88,110.36,80,110.37,08:03:20.970315138
88,110.36,84,110.37,08:03:20.971401292
88,110.36,99,110.37,08:03:20.971401292
88,110.36,98,110.37,08:03:21.706056269
88,110.36,97,110.37,08:03:21.706348804
88,110.36,82,110.37,08:03:21.706365636
103,110.36,82,110.37,08:03:21.706666484
103,110.36,81,110.37,08:03:21.706867578
103,110.36,69,110.37,08:03:21.706884924
103,110.36,65,110.37,08:03:21.706963737
103,110.36,64,110.37,08:03:21.707045443
103,110.36,37,110.37,08:03:21.707216582
103,110.36,38,110.37,08:03:21.707216582
103,110.36,37,110.37,08:03:21.976515079
103,110.36,28,110.37,08:03:22.253469300
103,110.36,23,110.37,08:03:22.253610724
103,110.36,24,110.37,08:03:22.702351901
103,110.36,25,110.37,08:03:22.702492464
103,110.36,30,110.37,08:03:22.702639719
103,110.36,42,110.37,08:03:22.702796163
103,110.36,37,110.37,08:03:23.257165272
103,110.36,36,110.37,08:03:23.257412679
103,110.36,35,110.37,08:03:23.257495195
103,110.36,40,110.37,08:03:24.642643300
103,110.36,41,110.37,08:03:24.646940845
103,110.36,40,110.37,08:03:24.647087997
103,110.36,35,110.37,08:03:26.632230028
103,110.36,34,110.37,08:03:29.081845752
103,110.36,28,110.37,08:03:29.093713868
103,110.36,29,110.37,08:03:29.093861504
103,110.36,35,110.37,08:03:29.193790850
103,110.36,34,110.37,08:03:29.864587258
103,110.36,33,110.37,08:03:29.918161063
103,110.36,34,110.37,08:03:30.217409732
103,110.36,22,110.37,08:03:30.906249555
103,110.36,21,110.37,08:03:30.906644854
103,110.36,15,110.37,08:03:30.917233939
103,110.36,7,110.37,08:03:31.126262189
115,110.36,7,110.37,08:03:31.260190679
115,110.36,8,110.37,08:03:33.069554962
103,110.36,8,110.37,08:03:33.069703916
103,110.36,7,110.37,08:03:33.780999342
103,110.36,9,110.37,08:03:34.058420555
103,110.36,7,110.37,08:03:34.674278633
103,110.36,8,110.37,08:03:35.047271055
103,110.36,7,110.37,08:03:35.047527829
103,110.36,13,110.37,08:03:36.822747836
102,110.36,13,110.37,08:03:38.130257667
102,110.36,12,110.37,08:03:38.155556043
107,110.36,12,110.37,08:03:38.155714919
110,110.36,12,110.37,08:03:38.155809362
110,110.36,10,110.37,08:03:38.159025528
110,110.36,12,110.37,08:03:38.162718993
110,110.36,21,110.37,08:03:39.075146071
107,110.36,21,110.37,08:03:39.274814534
102,110.36,21,110.37,08:03:39.274880503
102,110.36,26,110.37,08:03:39.885450552
102,110.36,21,110.37,08:03:39.887169513
102,110.36,22,110.37,08:03:40.076646778
102,110.36,23,110.37,08:03:40.080974569
102,110.36,28,110.37,08:03:40.082200408
102,110.36,27,110.37,08:03:40.083420682
102,110.36,22,110.37,08:03:40.111227549
102,110.36,21,110.37,08:03:40.111397680
102,110.36,12,110.37,08:03:40.285817361
102,110.36,21,110.37,08:03:41.507477601
102,110.36,12,110.37,08:03:44.734728688
114,110.36,12,110.37,08:03:44.735755067
102,110.36,12,110.37,08:03:44.744493587
102,110.36,21,110.37,08:03:44.744683676
102,110.36,15,110.37,08:03:44.746460615
102,110.36,21,110.37,08:03:44.756444872
102,110.36,12,110.37,08:03:45.316462987
102,110.36,21,110.37,08:03:45.729370524
102,110.36,22,110.37,08:03:51.034922867
102,110.36,21,110.37,08:03:51.035422982
102,110.36,22,110.37,08:03:51.077278609
102,110.36,21,110.37,08:03:51.549749866
102,110.36,20,110.37,08:03:54.554823221
102,110.36,21,110.37,08:03:55.902380383
102,110.36,22,110.37,08:03:55.902528556
102,110.36,23,110.37,08:03:56.527472699
102,110.36,22,110.37,08:03:58.565106716
102,110.36,23,110.37,08:03:58.811280008
102,110.36,22,110.37,08:03:58.912601502
102,110.36,21,110.37,08:04:01.239471055
102,110.36,20,110.37,08:04:01.239545407
102,110.36,11,110.37,08:04:01.239545407
102,110.36,20,110.37,08:04:01.239744034
102,110.36,21,110.37,08:04:01.265511238
102,110.36,22,110.37,08:04:01.388899317
102,110.36,23,110.37,08:04:01.397971025
102,110.36,24,110.37,08:04:01.398043255
102,110.36,23,110.37,08:04:01.398142092
102,110.36,28,110.37,08:04:01.398610653
102,110.36,29,110.37,08:04:01.399096608
102,110.36,28,110.37,08:04:01.486631122
102,110.36,23,110.37,08:04:01.811111374
102,110.36,22,110.37,08:04:02.078789939
102,110.36,21,110.37,08:04:02.078933679
102,110.36,20,110.37,08:04:02.079084849
102,110.36,21,110.37,08:04:02.326684604
102,110.36,20,110.37,08:04:02.766976547
102,110.36,19,110.37,08:04:02.767218247
102,110.36,18,110.37,08:04:02.767712341
102,110.36,19,110.37,08:04:06.455892862
102,110.36,20,110.37,08:04:06.456025963
102,110.36,21,110.37,08:04:06.456178247
102,110.36,20,110.37,08:04:07.231184898
102,110.36,19,110.37,08:04:07.231298447
102,110.36,18,110.37,08:04:07.231432507
102,110.36,19,110.37,08:04:07.333667209
102,110.36,20,110.37,08:04:07.333820399
102,110.36,19,110.37,08:04:08.576296275
102,110.36,18,110.37,08:04:08.580077750
101,110.36,18,110.37,08:04:10.441737979
101,110.36,17,110.37,08:04:10.467019051
101,110.36,16,110.37,08:04:10.978192707
101,110.36,15,110.37,08:04:10.982482847
101,110.36,16,110.37,08:04:10.986126197
100,110.36,16,110.37,08:04:12.704996838
100,110.36,49,110.37,08:04:12.810620354
100,110.36,51,110.37,08:04:12.810620354
100,110.36,56,110.37,08:04:12.810641122
100,110.36,57,110.37,08:04:12.810641122
100,110.36,58,110.37,08:04:12.810641122
100,110.36,67,110.37,08:04:12.810641122
100,110.36,79,110.37,08:04:12.810641122
100,110.36,80,110.37,08:04:12.810641122
85,110.36,80,110.37,08:04:12.810843999
85,110.36,84,110.37,08:04:12.810843999
85,110.36,83,110.37,08:04:12.810979381
85,110.36,85,110.37,08:04:12.822013003
86,110.36,85,110.37,08:04:12.844723268
87,110.36,85,110.37,08:04:12.844723268
108,110.36,85,110.37,08:04:12.844792317
103,110.36,85,110.37,08:04:16.764478040
103,110.36,92,110.37,08:04:16.764478040
101,110.36,92,110.37,08:04:16.764886977
101,110.36,101,110.37,08:04:16.765022369
101,110.36,102,110.37,08:04:16.765040926
96,110.36,102,110.37,08:04:16.765169684
96,110.36,101,110.37,08:04:16.765421774
95,110.36,101,110.37,08:04:16.765558743
95,110.36,102,110.37,08:04:16.765938417
96,110.36,102,110.37,08:04:16.766253846
96,110.36,101,110.37,08:04:16.766610103
96,110.36,94,110.37,08:04:16.775238523
96,110.36,82,110.37,08:04:16.775238523
96,110.36,73,110.37,08:04:16.775238523
96,110.36,74,110.37,08:04:16.811413944
96,110.36,73,110.37,08:04:16.817000937
96,110.36,74,110.37,08:04:16.871680740
96,110.36,73,110.37,08:04:17.012956075
109,110.36,73,110.37,08:04:17.413297433
109,110.36,72,110.37,08:04:17.424561349
109,110.36,70,110.37,08:04:17.431382985
109,110.36,69,110.37,08:04:17.501252130
104,110.36,69,110.37,08:04:18.992835208
104,110.36,64,110.37,08:04:19.018014486
104,110.36,63,110.37,08:04:19.018162211
104,110.36,58,110.37,08:04:19.027628217
103,110.36,58,110.37,08:04:19.190261486
103,110.36,57,110.37,08:04:19.215498852
103,110.36,63,110.37,08:04:19.226293168
103,110.36,30,110.37,08:04:20.262747134
103,110.36,26,110.37,08:04:20.263386536
103,110.36,27,110.37,08:04:20.263506261
103,110.36,26,110.37,08:04:20.263900484
103,110.36,28,110.37,08:04:20.263953258
103,110.36,29,110.37,08:04:20.264035899
103,110.36,28,110.37,08:04:20.264316174
103,110.36,30,110.37,08:04:20.264507129
103,110.36,26,110.37,08:04:20.264936496
103,110.36,27,110.37,08:04:20.309022167
103,110.36,26,110.37,08:04:20.510390738
103,110.36,17,110.37,08:04:20.550310010
99,110.36,17,110.37,08:04:23.992026028
99,110.36,13,110.37,08:04:24.017225215
108,110.36,13,110.37,08:04:24.017404826
116,110.36,13,110.37,08:04:24.017479343
107,110.36,13,110.37,08:04:27.481435456
107,110.36,14,110.37,08:04:27.481435456
107,110.36,26,110.37,08:04:27.748477414
99,110.36,26,110.37,08:04:27.748477414
99,110.36,27,110.37,08:04:27.748571532
99,110.36,32,110.37,08:04:27.748848550
86,110.36,32,110.37,08:04:27.749080978
86,110.36,33,110.37,08:04:27.750221294
86,110.36,32,110.37,08:04:27.755453215
86,110.36,65,110.37,08:04:27.767533691
86,110.36,74,110.37,08:04:27.767707117
86,110.36,78,110.37,08:04:27.767794427
87,110.36,78,110.37,08:04:27.806921529
83,110.36,78,110.37,08:04:28.992164846
83,110.36,74,110.37,08:04:29.017359438
92,110.36,74,110.37,08:04:29.017504891
98,110.36,74,110.37,08:04:29.017607121
89,110.36,74,110.37,08:04:31.786011580
83,110.36,74,110.37,08:04:31.786213279
83,110.36,75,110.37,08:04:31.786447582
83,110.36,76,110.37,08:04:31.786836639
83,110.36,77,110.37,08:04:31.787183614
83,110.36,86,110.37,08:04:31.788132724
83,110.36,93,110.37,08:04:31.788199764
79,110.36,93,110.37,08:04:33.951222005
78,110.36,93,110.37,08:04:33.951222005
76,110.36,93,110.37,08:04:33.951240925
75,110.36,93,110.37,08:04:33.951240925
73,110.36,93,110.37,08:04:33.951240925
70,110.36,93,110.37,08:04:33.951240925
66,110.36,93,110.37,08:04:33.951240925
60,110.36,93,110.37,08:04:33.951240925
58,110.36,93,110.37,08:04:33.951240925
55,110.36,93,110.37,08:04:33.951427376
56,110.36,93,110.37,08:04:34.236807077
58,110.36,93,110.37,08:04:34.236950737
80,110.36,93,110.37,08:04:34.254931374
80,110.36,92,110.37,08:04:35.614867255
80,110.36,91,110.37,08:04:38.013852707
80,110.36,90,110.37,08:04:38.014002490
82,110.36,90,110.37,08:04:38.047428782
74,110.36,90,110.37,08:04:38.490396908
74,110.36,89,110.37,08:04:38.515703266
74,110.36,88,110.37,08:04:38.515794641
74,110.36,82,110.37,08:04:38.515794641
74,110.36,81,110.37,08:04:38.516047688
74,110.36,74,110.37,08:04:38.516063278
83,110.36,74,110.37,08:04:38.516063278
83,110.36,65,110.37,08:04:38.516157595
95,110.36,65,110.37,08:04:38.516482007
98,110.36,65,110.37,08:04:38.516482007
98,110.36,71,110.37,08:04:38.526557931
86,110.36,71,110.37,08:04:38.526793911
83,110.36,71,110.37,08:04:38.526793911
74,110.36,71,110.37,08:04:38.560362560
74,110.36,70,110.37,08:04:42.382314013
74,110.36,58,110.37,08:04:42.382314013
74,110.36,57,110.37,08:04:42.382411511
74,110.36,52,110.37,08:04:42.382411511
74,110.36,34,110.37,08:04:42.382426714
87,110.36,34,110.37,08:04:42.382763269
89,110.36,34,110.37,08:04:42.382833817
89,110.36,46,110.37,08:04:42.382833817
89,110.36,47,110.37,08:04:42.382863458
98,110.36,47,110.37,08:04:42.382863458
89,110.36,47,110.37,08:04:42.383106172
76,110.36,47,110.37,08:04:42.685487125
76,110.36,65,110.37,08:04:42.685551948
85,110.36,65,110.37,08:04:42.685646306
98,110.36,65,110.37,08:04:43.370915937
85,110.36,65,110.37,08:04:43.404087302
85,110.36,74,110.37,08:04:43.404159439
85,110.36,75,110.37,08:04:43.404241381
85,110.36,76,110.37,08:04:43.404270678
76,110.36,76,110.37,08:04:43.404270678
76,110.36,89,110.37,08:04:43.404317802
76,110.36,88,110.37,08:04:43.826914173
76,110.36,75,110.37,08:04:43.827198252
76,110.36,74,110.37,08:04:43.827198252
76,110.36,65,110.37,08:04:43.827302501
76,110.36,64,110.37,08:04:46.954917085
76,110.36,65,110.37,08:04:47.295374939
76,110.36,66,110.37,08:04:47.295650507
76,110.36,75,110.37,08:04:47.295650507
76,110.36,74,110.37,08:04:47.295755718
76,110.36,88,110.37,08:04:47.928655461
75,110.36,88,110.37,08:04:52.038050992
75,110.36,87,110.37,08:04:52.063304711
75,110.36,73,110.37,08:04:52.063495491
75,110.36,64,110.37,08:04:52.063570355
75,110.36,65,110.37,08:04:52.063669520
75,110.36,66,110.37,08:04:52.165346900
75,110.36,75,110.37,08:04:52.505932344
75,110.36,91,110.37,08:04:52.762021655
75,110.36,95,110.37,08:04:56.686554693
75,110.36,93,110.37,08:04:56.686721989
75,110.36,95,110.37,08:04:56.686721989
75,110.36,97,110.37,08:04:56.687129108
75,110.36,95,110.37,08:04:56.687280513
75,110.36,119,110.37,08:04:56.706550121
75,110.36,95,110.37,08:04:56.719608010
75,110.36,79,110.37,08:04:57.151382223
75,110.36,75,110.37,08:04:57.152174846
75,110.36,66,110.37,08:04:57.271138672
75,110.36,65,110.37,08:04:57.271341584
75,110.36,64,110.37,08:04:57.271426051
75,110.36,63,110.37,08:04:57.272414981
84,110.36,63,110.37,08:04:57.272569205
94,110.36,63,110.37,08:04:57.272732971
99,110.36,63,110.37,08:04:57.272875819
99,110.36,62,110.37,08:04:58.579526190
99,110.36,62,110.37,08:04:58.579526190
100,110.36,62,110.37,08:05:00.250460874
100,110.36,49,110.37,08:05:02.691997503
100,110.36,31,110.37,08:05:02.691997503
100,110.36,19,110.37,08:05:02.692115046
100,110.36,15,110.37,08:05:02.692250943
100,110.36,6,110.37,08:05:02.692331801
100,110.36,15,110.37,08:05:02.692534585
100,110.36,6,110.37,08:05:02.702123485
100,110.36,142,110.38,08:05:02.702437833
105,110.36,142,110.38,08:05:02.702580720
105,110.36,135,110.38,08:05:02.705613878
105,110.36,117,110.38,08:05:02.748204805
105,110.36,2,110.37,08:05:02.748361669
105,110.36,3,110.37,08:05:02.748618950
105,110.36,12,110.37,08:05:02.748618950
105,110.36,24,110.37,08:05:02.748618950
105,110.36,26,110.37,08:05:02.749111960
105,110.36,32,110.37,08:05:02.758717295
105,110.36,31,110.37,08:05:02.959685697
105,110.36,28,110.37,08:05:02.959685697
105,110.36,26,110.37,08:05:02.959685697
105,110.36,23,110.37,08:05:02.960261812
105,110.36,22,110.37,08:05:02.960274647
105,110.36,20,110.37,08:05:02.960289182
105,110.36,10,110.37,08:05:02.960348640
105,110.36,6,110.37,08:05:02.960348640
105,110.36,128,110.38,08:05:02.960362583
105,110.36,118,110.38,08:05:02.960533201
105,110.36,116,110.38,08:05:02.960715329
2,110.37,116,110.38,08:05:02.960737190
3,110.37,116,110.38,08:05:02.960737190
4,110.37,116,110.38,08:05:02.960737190
13,110.37,116,110.38,08:05:02.960737190
13,110.37,117,110.38,08:05:02.961238873
14,110.37,117,110.38,08:05:02.961416281
36,110.37,117,110.38,08:05:02.961416281
37,110.37,117,110.38,08:05:02.961416281
28,110.37,117,110.38,08:05:02.961446975
28,110.37,131,110.38,08:05:02.961446975
31,110.37,131,110.38,08:05:02.961447087
30,110.37,131,110.38,08:05:02.961621855
27,110.37,131,110.38,08:05:02.962087675
27,110.37,128,110.38,08:05:02.962338005
28,110.37,128,110.38,08:05:02.962338005
6,110.37,128,110.38,08:05:02.962619968
9,110.37,128,110.38,08:05:02.962640231
8,110.37,128,110.38,08:05:02.962911631
17,110.37,128,110.38,08:05:02.962911631
17,110.37,119,110.38,08:05:02.969991109
17,110.37,125,110.38,08:05:02.971307805
17,110.37,118,110.38,08:05:02.973731108
18,110.37,118,110.38,08:05:02.981005876
23,110.37,118,110.38,08:05:02.986568594
24,110.37,118,110.38,08:05:02.986568594
24,110.37,98,110.38,08:05:02.986761957
24,110.37,122,110.38,08:05:03.016377350
25,110.37,122,110.38,08:05:03.030364017
28,110.37,122,110.38,08:05:03.030501114
50,110.37,122,110.38,08:05:03.062747024
61,110.37,122,110.38,08:05:03.062815890
61,110.37,116,110.38,08:05:03.078689224
61,110.37,106,110.38,08:05:03.078689224
72,110.37,106,110.38,08:05:03.078689224
77,110.37,106,110.38,08:05:03.078689224
77,110.37,82,110.38,08:05:03.081680910
77,110.37,77,110.38,08:05:03.081793115
77,110.37,76,110.38,08:05:04.745914590
77,110.37,75,110.38,08:05:04.746927312
77,110.37,74,110.38,08:05:04.747027875
77,110.37,49,110.38,08:05:04.750202807
77,110.37,41,110.38,08:05:04.750278688
77,110.37,40,110.38,08:05:04.761598275
77,110.37,36,110.38,08:05:04.838481515
77,110.37,30,110.38,08:05:04.847153178
86,110.37,30,110.38,08:05:04.925060369
86,110.37,29,110.38,08:05:04.925911478
86,110.37,21,110.38,08:05:04.961880952
86,110.37,18,110.38,08:05:04.961880952
86,110.37,13,110.38,08:05:04.961880952
86,110.37,1,110.38,08:05:04.961994210
86,110.37,13,110.38,08:05:04.973094213
85,110.37,13,110.38,08:05:04.981105440
85,110.37,37,110.38,08:05:05.129992463
86,110.37,37,110.38,08:05:05.154688396
86,110.37,13,110.38,08:05:05.165799415
86,110.37,37,110.38,08:05:05.288633527
86,110.37,43,110.38,08:05:05.300352269
77,110.37,43,110.38,08:05:05.487190421
77,110.37,44,110.38,08:05:05.758332304
77,110.37,43,110.38,08:05:05.758477578
77,110.37,44,110.38,08:05:05.823327906
77,110.37,46,110.38,08:05:05.986501914
77,110.37,51,110.38,08:05:05.986613898
72,110.37,51,110.38,08:05:05.986725264
67,110.37,51,110.38,08:05:05.986744723
56,110.37,51,110.38,08:05:05.986744723
56,110.37,52,110.38,08:05:05.986854784
56,110.37,53,110.38,08:05:05.986937680
56,110.37,62,110.38,08:05:05.987398195
56,110.37,61,110.38,08:05:05.988331602
56,110.37,52,110.38,08:05:05.988688137
56,110.37,56,110.38,08:05:05.989158514
56,110.37,65,110.38,08:05:05.990486116
56,110.37,66,110.38,08:05:05.991994566
56,110.37,65,110.38,08:05:05.992290885
56,110.37,41,110.38,08:05:05.999877892
56,110.37,42,110.38,08:05:05.999981470
56,110.37,48,110.38,08:05:06.000053483
56,110.37,50,110.38,08:05:06.000214520
56,110.37,46,110.38,08:05:06.008595449
56,110.37,47,110.38,08:05:06.172374474
69,110.37,47,110.38,08:05:08.015302200
69,110.37,46,110.38,08:05:08.462720126
69,110.37,37,110.38,08:05:08.462915662
69,110.37,31,110.38,08:05:08.463001611
69,110.37,29,110.38,08:05:08.463001611
69,110.37,28,110.38,08:05:08.463141709
69,110.37,35,110.38,08:05:08.715328423
69,110.37,44,110.38,08:05:08.733254027
56,110.37,44,110.38,08:05:08.959308031
56,110.37,45,110.38,08:05:08.959465132
69,110.37,45,110.38,08:05:09.067654542
69,110.37,44,110.38,08:05:09.067807223
56,110.37,44,110.38,08:05:09.183013811
56,110.37,45,110.38,08:05:09.183190534
56,110.37,72,110.38,08:05:09.411789601
34,110.37,72,110.38,08:05:09.411965231
23,110.37,72,110.38,08:05:09.411965231
23,110.37,73,110.38,08:05:09.412095962
23,110.37,86,110.38,08:05:09.412117040
23,110.37,96,110.38,08:05:09.412190797
23,110.37,100,110.38,08:05:09.412520422
23,110.37,86,110.38,08:05:09.412829003
23,110.37,102,110.38,08:05:09.417245841
23,110.37,106,110.38,08:05:09.417534181
53,110.37,106,110.38,08:05:09.973622724
53,110.37,96,110.38,08:05:10.039057076
53,110.37,83,110.38,08:05:10.266839426
53,110.37,56,110.38,08:05:10.955176626
53,110.37,54,110.38,08:05:10.955483844
68,110.37,54,110.38,08:05:10.955705175
68,110.37,46,110.38,08:05:10.955861686
68,110.37,45,110.38,08:05:11.011178071
68,110.37,36,110.38,08:05:11.011341508
68,110.37,37,110.38,08:05:11.041003151
68,110.37,36,110.38,08:05:11.041185679
68,110.37,35,110.38,08:05:11.220810650
68,110.37,36,110.38,08:05:11.220959070
68,110.37,45,110.38,08:05:11.394657152
53,110.37,45,110.38,08:05:11.394832279
67,110.37,45,110.38,08:05:11.810360940
67,110.37,36,110.38,08:05:12.160167183
67,110.37,35,110.38,08:05:12.160280236
67,110.37,34,110.38,08:05:13.040710094
67,110.37,32,110.38,08:05:14.932134846
67,110.37,31,110.38,08:05:14.932742403
67,110.37,30,110.38,08:05:14.932905630
67,110.37,25,110.38,08:05:14.950272393
67,110.37,27,110.38,08:05:15.193383408
67,110.37,28,110.38,08:05:15.285068601
67,110.37,33,110.38,08:05:15.285068601
67,110.37,34,110.38,08:05:15.285190531
67,110.37,35,110.38,08:05:16.023745105
67,110.37,36,110.38,08:05:16.650684765
67,110.37,35,110.38,08:05:16.651351747
67,110.37,34,110.38,08:05:16.674786160
67,110.37,33,110.38,08:05:16.674976317
67,110.37,32,110.38,08:05:16.738397600
67,110.37,31,110.38,08:05:16.930528961
67,110.37,32,110.38,08:05:17.062677174
67,110.37,30,110.38,08:05:17.273002390
67,110.37,29,110.38,08:05:17.273312102
67,110.37,24,110.38,08:05:17.277010053
67,110.37,25,110.38,08:05:17.283206450
67,110.37,24,110.38,08:05:17.334214853
67,110.37,25,110.38,08:05:18.861390917
67,110.37,26,110.38,08:05:18.861552143
67,110.37,27,110.38,08:05:18.861797810
67,110.37,32,110.38,08:05:18.861797810
67,110.37,33,110.38,08:05:18.865711649
67,110.37,32,110.38,08:05:18.876044421
67,110.37,31,110.38,08:05:18.895461139
67,110.37,30,110.38,08:05:19.245856693
67,110.37,25,110.38,08:05:19.314333035
67,110.37,24,110.38,08:05:19.314475915
67,110.37,25,110.38,08:05:21.015331364
67,110.37,24,110.38,08:05:21.404531389
73,110.37,24,110.38,08:05:22.964008028
76,110.37,24,110.38,08:05:22.964008028
70,110.37,24,110.38,08:05:22.974465432
67,110.37,24,110.38,08:05:22.974465432
97,110.37,24,110.38,08:05:22.975729025
67,110.37,24,110.38,08:05:22.993850726
67,110.37,29,110.38,08:05:23.729824920
67,110.37,30,110.38,08:05:23.729824920
67,110.37,31,110.38,08:05:23.733811032
67,110.37,32,110.38,08:05:23.746060384
67,110.37,33,110.38,08:05:23.783628151
67,110.37,42,110.38,08:05:23.809858563
67,110.37,43,110.38,08:05:23.822647346
53,110.37,43,110.38,08:05:23.949498494
63,110.37,43,110.38,08:05:24.187734878
69,110.37,43,110.38,08:05:24.187800948
59,110.37,43,110.38,08:05:24.548046091
53,110.37,43,110.38,08:05:24.548115038
52,110.37,43,110.38,08:05:24.886880485
52,110.37,42,110.38,08:05:24.912141278
62,110.37,42,110.38,08:05:24.912308497
62,110.37,33,110.38,08:05:24.912375703
68,110.37,33,110.38,08:05:24.912446026
68,110.37,42,110.38,08:05:25.043441783
62,110.37,42,110.38,08:05:25.215749076
52,110.37,42,110.38,08:05:25.215811060
52,110.37,43,110.38,08:05:26.438212459
52,110.37,65,110.38,08:05:27.042766242
52,110.37,76,110.38,08:05:27.043779361
52,110.37,75,110.38,08:05:28.333190768
52,110.37,64,110.38,08:05:28.333190768
67,110.37,64,110.38,08:05:28.333190768
67,110.37,42,110.38,08:05:28.333336243
67,110.37,41,110.38,08:05:28.333336243
67,110.37,36,110.38,08:05:28.333354368
67,110.37,35,110.38,08:05:28.333354368
67,110.37,34,110.38,08:05:28.333354368
67,110.37,25,110.38,08:05:28.333613328
67,110.37,24,110.38,08:05:28.333897728
67,110.37,25,110.38,08:05:28.335821908
67,110.37,24,110.38,08:05:28.336514042
67,110.37,25,110.38,08:05:28.337340265
67,110.37,24,110.38,08:05:28.337666495
67,110.37,25,110.38,08:05:28.338270770
67,110.37,24,110.38,08:05:28.338811397
67,110.37,25,110.38,08:05:28.342195355
67,110.37,27,110.38,08:05:28.344206438
67,110.37,32,110.38,08:05:28.344277510
67,110.37,31,110.38,08:05:28.344686398
52,110.37,31,110.38,08:05:28.346926934
52,110.37,32,110.38,08:05:28.346926934
52,110.37,33,110.38,08:05:28.346987338
52,110.37,32,110.38,08:05:28.360296926
52,110.37,33,110.38,08:05:28.360602721
52,110.37,32,110.38,08:05:28.360672535
52,110.37,31,110.38,08:05:28.360779959
52,110.37,32,110.38,08:05:28.361176714
52,110.37,31,110.38,08:05:28.362309868
52,110.37,29,110.38,08:05:28.403488631
52,110.37,30,110.38,08:05:28.404027360
52,110.37,55,110.38,08:05:28.458640315
52,110.37,63,110.38,08:05:28.458723314
67,110.37,63,110.38,08:05:28.556863663
52,110.37,63,110.38,08:05:28.560585873
52,110.37,87,110.38,08:05:28.578233950
52,110.37,63,110.38,08:05:28.607263860
68,110.37,63,110.38,08:05:30.287020817
52,110.37,63,110.38,08:05:31.034580691
61,110.37,63,110.38,08:05:32.677730341
68,110.37,63,110.38,08:05:32.677826117
68,110.37,62,110.38,08:05:32.681950391
68,110.37,86,110.38,08:05:32.704937186
68,110.37,80,110.38,08:05:32.712340603
69,110.37,80,110.38,08:05:33.098275954
60,110.37,80,110.38,08:05:33.418830160
53,110.37,80,110.38,08:05:33.418830160
53,110.37,56,110.38,08:05:33.445281611
53,110.37,80,110.38,08:05:33.474091287
62,110.37,80,110.38,08:05:33.529494467
69,110.37,80,110.38,08:05:33.529564205
69,110.37,82,110.38,08:05:35.660438311
62,110.37,82,110.38,08:05:35.660438311
53,110.37,82,110.38,08:05:35.660548755
53,110.37,83,110.38,08:05:35.660805009
53,110.37,82,110.38,08:05:35.661126679
53,110.37,83,110.38,08:05:35.661456538
23,110.37,83,110.38,08:05:35.662919125
23,110.37,89,110.38,08:05:35.671119511
23,110.37,65,110.38,08:05:35.680753624
25,110.37,65,110.38,08:05:35.687498418
46,110.37,65,110.38,08:05:35.766884031
58,110.37,65,110.38,08:05:35.766957279
58,110.37,66,110.38,08:05:36.144133590
68,110.37,66,110.38,08:05:36.152585488
74,110.37,66,110.38,08:05:36.152685516
74,110.37,65,110.38,08:05:41.310457809
74,110.37,63,110.38,08:05:41.310585182
74,110.37,64,110.38,08:05:41.332801885
74,110.37,65,110.38,08:05:41.736631170
68,110.37,65,110.38,08:05:41.736821598
58,110.37,65,110.38,08:05:41.736891701
58,110.37,66,110.38,08:05:42.653698283
46,110.37,66,110.38,08:05:43.696184766
46,110.37,81,110.38,08:05:43.696268590
44,110.37,81,110.38,08:05:43.696268590
23,110.37,81,110.38,08:05:43.696366955
23,110.37,90,110.38,08:05:43.696366955
23,110.37,94,110.38,08:05:43.700463120
23,110.37,85,110.38,08:05:43.700747364
23,110.37,89,110.38,08:05:43.700833865
23,110.37,93,110.38,08:05:43.701192620
23,110.37,95,110.38,08:05:43.702510911
23,110.37,99,110.38,08:05:43.702850369
23,110.37,101,110.38,08:05:43.703782868
23,110.37,99,110.38,08:05:43.711909273
23,110.37,97,110.38,08:05:43.712255170
23,110.37,99,110.38,08:05:43.717982512
23,110.37,101,110.38,08:05:43.718369347
23,110.37,105,110.38,08:05:43.801439536
22,110.37,105,110.38,08:05:44.029350835
20,110.37,105,110.38,08:05:45.926410785
19,110.37,105,110.38,08:05:45.926410785
18,110.37,105,110.38,08:05:45.926645418
17,110.37,105,110.38,08:05:45.926660116
14,110.37,105,110.38,08:05:45.926660116
5,110.37,105,110.38,08:05:45.926676858
4,110.37,105,110.38,08:05:45.926676858
3,110.37,105,110.38,08:05:45.926676858
1,110.37,105,110.38,08:05:45.926676858
130,110.36,105,110.38,08:05:45.926691082
130,110.36,108,110.38,08:05:45.927140673
130,110.36,117,110.38,08:05:45.927154189
9,110.37,117,110.38,08:05:45.927195872
9,110.37,109,110.38,08:05:45.927432413
16,110.37,109,110.38,08:05:45.927518854
17,110.37,109,110.38,08:05:45.927518854
8,110.37,109,110.38,08:05:45.927538585
8,110.37,100,110.38,08:05:45.927538585
9,110.37,100,110.38,08:05:45.927538585
9,110.37,109,110.38,08:05:45.927883427
9,110.37,107,110.38,08:05:45.928013689
9,110.37,97,110.38,08:05:45.928029020
9,110.37,99,110.38,08:05:45.928089617
9,110.37,97,110.38,08:05:45.928306681
10,110.37,97,110.38,08:05:46.794882376
10,110.37,104,110.38,08:05:46.795075016
11,110.37,104,110.38,08:05:46.795150760
20,110.37,104,110.38,08:05:46.795834458
21,110.37,104,110.38,08:05:46.799236298
20,110.37,104,110.38,08:05:46.801802526
21,110.37,104,110.38,08:05:46.822144876
22,110.37,104,110.38,08:05:46.827324548
23,110.37,104,110.38,08:05:46.879559855
24,110.37,104,110.38,08:05:46.879839161
23,110.37,104,110.38,08:05:47.500912569
22,110.37,104,110.38,08:05:48.090211301
21,110.37,104,110.38,08:05:48.090565323
20,110.37,104,110.38,08:05:48.090662991
19,110.37,104,110.38,08:05:48.095093380
10,110.37,104,110.38,08:05:48.095161684
9,110.37,104,110.38,08:05:48.536065228
9,110.37,112,110.38,08:05:48.536177676
8,110.37,112,110.38,08:05:48.536358371
9,110.37,112,110.38,08:05:48.536561555
8,110.37,112,110.38,08:05:48.536561555
8,110.37,116,110.38,08:05:48.536735848
8,110.37,120,110.38,08:05:48.537155204
8,110.37,118,110.38,08:05:48.537519815
8,110.37,120,110.38,08:05:48.537851478
8,110.37,124,110.38,08:05:48.538270643
8,110.37,120,110.38,08:05:48.538794451
8,110.37,122,110.38,08:05:48.539132601
8,110.37,124,110.38,08:05:48.539602702
8,110.37,122,110.38,08:05:48.543979213
8,110.37,124,110.38,08:05:48.604967849
7,110.37,124,110.38,08:05:48.605122174
8,110.37,124,110.38,08:05:48.614063801
8,110.37,122,110.38,08:05:48.685847582
8,110.37,120,110.38,08:05:48.687414755
8,110.37,118,110.38,08:05:48.690222295
8,110.37,120,110.38,08:05:48.701899481
8,110.37,122,110.38,08:05:48.702262316
8,110.37,124,110.38,08:05:48.715036800
7,110.37,124,110.38,08:05:48.776526499
7,110.37,122,110.38,08:05:48.877850732
8,110.37,122,110.38,08:05:48.878006979
8,110.37,124,110.38,08:05:48.908989626
8,110.37,122,110.38,08:05:49.032736051
8,110.37,124,110.38,08:05:49.033118035
9,110.37,124,110.38,08:05:49.522618101
8,110.37,124,110.38,08:05:49.522762002
8,110.37,122,110.38,08:05:49.657160473
9,110.37,122,110.38,08:05:49.657405680
10,110.37,122,110.38,08:05:49.657649897
19,110.37,122,110.38,08:05:49.657649897
19,110.37,114,110.38,08:05:49.657720098
19,110.37,104,110.38,08:05:49.658017298
19,110.37,106,110.38,08:05:51.036497142
19,110.37,104,110.38,08:05:51.036566591
19,110.37,106,110.38,08:05:51.103586189
19,110.37,108,110.38,08:05:51.103658226
19,110.37,106,110.38,08:05:51.163934054
19,110.37,104,110.38,08:05:51.163999844
19,110.37,106,110.38,08:05:51.336557744
19,110.37,104,110.38,08:05:51.336633728
19,110.37,95,110.38,08:05:57.338819722
21,110.37,95,110.38,08:05:57.338978131
22,110.37,95,110.38,08:05:57.339088195
23,110.37,95,110.38,08:05:57.339214991
42,110.37,95,110.38,08:05:57.346083004
56,110.37,95,110.38,08:05:57.346248883
57,110.37,95,110.38,08:05:57.407386043
58,110.37,95,110.38,08:05:58.360850609
57,110.37,95,110.38,08:05:58.361000818
58,110.37,95,110.38,08:06:00.169190489
58,110.37,80,110.38,08:06:01.239054104
60,110.37,80,110.38,08:06:01.239121112
60,110.37,79,110.38,08:06:09.113922183
60,110.37,78,110.38,08:06:09.114081132
60,110.37,77,110.38,08:06:09.534155128
60,110.37,78,110.38,08:06:11.322734666
60,110.37,79,110.38,08:06:13.216114561
60,110.37,78,110.38,08:06:13.714986363
61,110.37,78,110.38,08:06:14.158322444
61,110.37,77,110.38,08:06:14.371567394
61,110.37,76,110.38,08:06:14.371717650
61,110.37,75,110.38,08:06:14.372114533
76,110.37,75,110.38,08:06:14.372344715
76,110.37,72,110.38,08:06:14.373622479
76,110.37,65,110.38,08:06:14.373642227
76,110.37,57,110.38,08:06:14.373700726
76,110.37,32,110.38,08:06:14.373778662
76,110.37,27,110.38,08:06:14.373948572
76,110.37,26,110.38,08:06:14.374102566
76,110.37,22,110.38,08:06:14.374170556
76,110.37,23,110.38,08:06:14.374497420
76,110.37,25,110.38,08:06:14.374653926
76,110.37,24,110.38,08:06:14.374957099
76,110.37,22,110.38,08:06:14.374957099
84,110.37,22,110.38,08:06:14.375243652
84,110.37,23,110.38,08:06:14.377661459
84,110.37,24,110.38,08:06:14.377815340
84,110.37,23,110.38,08:06:14.378631880
84,110.37,16,110.38,08:06:14.378779496
84,110.37,17,110.38,08:06:14.380465242
84,110.37,18,110.38,08:06:14.380845318
84,110.37,27,110.38,08:06:14.381009128
84,110.37,32,110.38,08:06:14.381803484
84,110.37,33,110.38,08:06:14.381871468
84,110.37,28,110.38,08:06:14.382175384
84,110.37,27,110.38,08:06:14.382175384
76,110.37,27,110.38,08:06:14.382346325
76,110.37,28,110.38,08:06:14.382346325
76,110.37,29,110.38,08:06:14.382413122
76,110.37,23,110.38,08:06:14.384163321
76,110.37,22,110.38,08:06:14.385364361
76,110.37,21,110.38,08:06:14.385510008
76,110.37,22,110.38,08:06:14.385739157
76,110.37,23,110.38,08:06:14.385915320
76,110.37,22,110.38,08:06:14.385994868
76,110.37,23,110.38,08:06:14.388091228
76,110.37,22,110.38,08:06:14.388234438
76,110.37,23,110.38,08:06:14.388598355
76,110.37,22,110.38,08:06:14.390717470
76,110.37,23,110.38,08:06:14.390931770
76,110.37,22,110.38,08:06:14.395848383
76,110.37,21,110.38,08:06:14.395915078
76,110.37,22,110.38,08:06:14.422241214
76,110.37,32,110.38,08:06:14.453358859
76,110.37,33,110.38,08:06:14.453450907
61,110.37,33,110.38,08:06:14.453529566
61,110.37,37,110.38,08:06:14.453689111
61,110.37,43,110.38,08:06:14.464087943
61,110.37,42,110.38,08:06:14.472205553
61,110.37,32,110.38,08:06:14.472309769
61,110.37,28,110.38,08:06:14.472566518
61,110.37,29,110.38,08:06:14.472996720
61,110.37,28,110.38,08:06:14.478295922
61,110.37,29,110.38,08:06:14.478498094
61,110.37,23,110.38,08:06:14.482879706
61,110.37,31,110.38,08:06:14.518063759
61,110.37,36,110.38,08:06:14.518176603
61,110.37,39,110.38,08:06:14.518176603
61,110.37,43,110.38,08:06:14.518340177
61,110.37,49,110.38,08:06:14.528720811
61,110.37,73,110.38,08:06:14.686625848
61,110.37,78,110.38,08:06:15.413578768
61,110.37,73,110.38,08:06:17.436143130
61,110.37,72,110.38,08:06:22.370461167
61,110.37,63,110.38,08:06:25.931160184
71,110.37,63,110.38,08:06:25.931160184
77,110.37,63,110.38,08:06:25.931160184
77,110.37,59,110.38,08:06:25.931234932
77,110.37,53,110.38,08:06:25.941630311
77,110.37,29,110.38,08:06:25.954162150
77,110.37,21,110.38,08:06:25.954380157
77,110.37,18,110.38,08:06:25.954483129
77,110.37,13,110.38,08:06:25.954483129
77,110.37,12,110.38,08:06:25.982248215
77,110.37,13,110.38,08:06:26.004711088
77,110.37,12,110.38,08:06:26.004860476
77,110.37,13,110.38,08:06:26.048063542
77,110.37,12,110.38,08:06:26.585770050
77,110.37,11,110.38,08:06:27.093085869
83,110.37,11,110.38,08:06:27.093245233
86,110.37,11,110.38,08:06:27.093358766
86,110.37,10,110.38,08:06:27.093433627
86,110.37,9,110.38,08:06:27.093545227
86,110.37,8,110.38,08:06:27.093717118
86,110.37,134,110.39,08:06:27.093879604
91,110.37,134,110.39,08:06:27.094041351
91,110.37,137,110.39,08:06:27.094118640
91,110.37,136,110.39,08:06:30.582584350
9,110.38,136,110.39,08:06:30.582873393
10,110.38,136,110.39,08:06:30.583166134
11,110.38,136,110.39,08:06:30.583288823
2,110.38,136,110.39,08:06:30.583772317
1,110.38,136,110.39,08:06:30.583772317
111,110.37,136,110.39,08:06:30.583772317
113,110.37,136,110.39,08:06:30.584007862
103,110.37,136,110.39,08:06:30.584295548
102,110.37,136,110.39,08:06:30.617319558
101,110.37,136,110.39,08:06:30.617421366
100,110.37,136,110.39,08:06:30.617494306
103,110.37,136,110.39,08:06:30.667723926
102,110.37,136,110.39,08:06:38.794770508
102,110.37,135,110.39,08:06:38.819907917
102,110.37,125,110.39,08:06:41.301187854
103,110.37,125,110.39,08:06:46.852663068
104,110.37,125,110.39,08:06:47.006081895
104,110.37,124,110.39,08:06:55.218254534
2,110.38,124,110.39,08:06:55.218460966
2,110.38,125,110.39,08:06:55.218531096
32,110.38,125,110.39,08:06:55.218740486
41,110.38,125,110.39,08:06:55.218740486
42,110.38,125,110.39,08:06:55.218740486
43,110.38,125,110.39,08:06:55.219011762
34,110.38,125,110.39,08:06:55.219097353
37,110.38,125,110.39,08:06:55.300163782
38,110.38,125,110.39,08:07:00.081701896
47,110.38,125,110.39,08:07:00.082199499
48,110.38,125,110.39,08:07:00.082290302
49,110.38,125,110.39,08:07:00.083093338
54,110.38,125,110.39,08:07:00.083462899
55,110.38,125,110.39,08:07:00.083495030
55,110.38,105,110.39,08:07:00.083540602
54,110.38,105,110.39,08:07:00.086427975
53,110.38,105,110.39,08:07:00.086504615
48,110.38,105,110.39,08:07:00.086708221
47,110.38,105,110.39,08:07:00.086708221
48,110.38,105,110.39,08:07:00.088552744
49,110.38,105,110.39,08:07:00.088552744
50,110.38,105,110.39,08:07:00.089328152
49,110.38,105,110.39,08:07:00.109890178
48,110.38,105,110.39,08:07:00.110632296
47,110.38,105,110.39,08:07:00.110844373
48,110.38,105,110.39,08:07:00.111452039
49,110.38,105,110.39,08:07:00.111625466
50,110.38,105,110.39,08:07:00.112859440
49,110.38,105,110.39,08:07:00.113622847
48,110.38,105,110.39,08:07:00.113758569
47,110.38,105,110.39,08:07:00.114636200
48,110.38,105,110.39,08:07:00.117691192
49,110.38,105,110.39,08:07:00.142677228
50,110.38,105,110.39,08:07:00.147703322
49,110.38,105,110.39,08:07:00.147857053
50,110.38,105,110.39,08:07:00.151757424
49,110.38,105,110.39,08:07:00.171663311
50,110.38,105,110.39,08:07:00.183510343
49,110.38,105,110.39,08:07:00.397354062
48,110.38,105,110.39,08:07:00.397503973
47,110.38,105,110.39,08:07:00.471155479
38,110.38,105,110.39,08:07:00.477306782
37,110.38,105,110.39,08:07:00.483973787
38,110.38,105,110.39,08:07:00.632948861
39,110.38,105,110.39,08:07:00.707052242
48,110.38,105,110.39,08:07:00.707114607
49,110.38,105,110.39,08:07:00.708096932
48,110.38,105,110.39,08:07:01.127305127
39,110.38,105,110.39,08:07:01.128103714
38,110.38,105,110.39,08:07:01.128334434
37,110.38,105,110.39,08:07:01.128914204
36,110.38,105,110.39,08:07:01.229074435
37,110.38,105,110.39,08:07:01.256548103
38,110.38,105,110.39,08:07:01.257217842
39,110.38,105,110.39,08:07:01.257562624
38,110.38,105,110.39,08:07:01.265530095
37,110.38,105,110.39,08:07:01.265669439
38,110.38,105,110.39,08:07:01.326758508
37,110.38,105,110.39,08:07:01.341449321
38,110.38,105,110.39,08:07:01.379781850
39,110.38,105,110.39,08:07:01.407558951
38,110.38,105,110.39,08:07:01.460061497
37,110.38,105,110.39,08:07:02.012587336
38,110.38,105,110.39,08:07:02.356719107
37,110.38,105,110.39,08:07:02.418138243
38,110.38,105,110.39,08:07:02.511746752
39,110.38,105,110.39,08:07:02.511924184
38,110.38,105,110.39,08:07:03.126732957
37,110.38,105,110.39,08:07:03.126881123
37,110.38,103,110.39,08:07:03.127220431
37,110.38,105,110.39,08:07:03.127220431
38,110.38,105,110.39,08:07:03.230674969
39,110.38,105,110.39,08:07:03.230820959
39,110.38,107,110.39,08:07:03.230963109
39,110.38,105,110.39,08:07:03.231141858
39,110.38,104,110.39,08:07:03.430315615
40,110.38,104,110.39,08:07:03.430526262
49,110.38,104,110.39,08:07:03.430526262
50,110.38,104,110.39,08:07:03.430596422
49,110.38,104,110.39,08:07:03.430777189
48,110.38,104,110.39,08:07:03.430886823
49,110.38,104,110.39,08:07:04.250564608
48,110.38,104,110.39,08:07:04.285724375
39,110.38,104,110.39,08:07:04.285861610
38,110.38,104,110.39,08:07:04.484065132
39,110.38,104,110.39,08:07:04.671995885
43,110.38,104,110.39,08:07:05.479608705
42,110.38,104,110.39,08:07:08.012247963
41,110.38,104,110.39,08:07:08.012395291
43,110.38,104,110.39,08:07:08.033941128
41,110.38,104,110.39,08:07:08.291291544
41,110.38,102,110.39,08:07:09.025763915
41,110.38,104,110.39,08:07:09.025920408
40,110.38,104,110.39,08:07:09.025995871
40,110.38,106,110.39,08:07:09.026173755
40,110.38,124,110.39,08:07:09.026478606
10,110.38,124,110.39,08:07:11.302626814
9,110.38,124,110.39,08:07:11.303030032
8,110.38,124,110.39,08:07:11.324273677
7,110.38,124,110.39,08:07:11.324506767
6,110.38,124,110.39,08:07:11.642498387
6,110.38,123,110.39,08:07:11.667632017
8,110.38,123,110.39,08:07:11.667824695
9,110.38,123,110.39,08:07:11.667891389
8,110.38,123,110.39,08:07:11.667997856
9,110.38,123,110.39,08:07:12.269409699
8,110.38,123,110.39,08:07:13.014317884
9,110.38,123,110.39,08:07:13.168226466
8,110.38,123,110.39,08:07:13.177023060
6,110.38,123,110.39,08:07:13.510506628
6,110.38,119,110.39,08:07:15.543002467
7,110.38,119,110.39,08:07:16.283432412
6,110.38,119,110.39,08:07:16.302697952
7,110.38,119,110.39,08:07:16.550652255
16,110.38,119,110.39,08:07:16.680959153
17,110.38,119,110.39,08:07:16.681296432
18,110.38,119,110.39,08:07:16.709357835
19,110.38,119,110.39,08:07:16.709790074
20,110.38,119,110.39,08:07:16.709865127
21,110.38,119,110.39,08:07:16.712817601
51,110.38,119,110.39,08:07:16.769454584
52,110.38,119,110.39,08:07:16.769728436
51,110.38,119,110.39,08:07:18.506984232
50,110.38,119,110.39,08:07:18.506984232
49,110.38,119,110.39,08:07:18.507162774
19,110.38,119,110.39,08:07:18.507162774
21,110.38,119,110.39,08:07:18.512127034
19,110.38,119,110.39,08:07:18.576314847
18,110.38,119,110.39,08:07:18.576457293
17,110.38,119,110.39,08:07:18.609264708
18,110.38,119,110.39,08:07:19.854889368
17,110.38,119,110.39,08:07:21.431476807
8,110.38,119,110.39,08:07:21.431616890
7,110.38,119,110.39,08:07:21.431764547
5,110.38,119,110.39,08:07:21.434215246
3,110.38,119,110.39,08:07:21.434230263
1,110.38,119,110.39,08:07:21.434245511
107,110.37,119,110.39,08:07:21.434330026
107,110.37,9,110.38,08:07:21.434349347
107,110.37,12,110.38,08:07:21.434349347
107,110.37,13,110.38,08:07:21.434477415
95,110.37,13,110.38,08:07:21.434692087
95,110.37,15,110.38,08:07:21.434714733
89,110.37,15,110.38,08:07:21.434714733
89,110.37,12,110.38,08:07:21.434729560
89,110.37,13,110.38,08:07:21.434842224
89,110.37,25,110.38,08:07:21.434860519
89,110.37,24,110.38,08:07:21.435058845
89,110.37,25,110.38,08:07:21.435305461
86,110.37,25,110.38,08:07:21.435346112
86,110.37,33,110.38,08:07:21.435346112
80,110.37,33,110.38,08:07:21.435346112
80,110.37,32,110.38,08:07:21.435365792
80,110.37,31,110.38,08:07:21.435544442
80,110.37,37,110.38,08:07:21.445288186
80,110.37,38,110.38,08:07:21.448912279
80,110.37,39,110.38,08:07:21.458636728
80,110.37,40,110.38,08:07:21.458824892
80,110.37,41,110.38,08:07:21.458970909
80,110.37,42,110.38,08:07:21.461313948
74,110.37,42,110.38,08:07:21.494412396
64,110.37,42,110.38,08:07:21.494487410
64,110.37,43,110.38,08:07:21.499626605
64,110.37,67,110.38,08:07:21.529422030
59,110.37,67,110.38,08:07:21.576441656
58,110.37,67,110.38,08:07:21.576820743
58,110.37,82,110.38,08:07:21.577186635
58,110.37,84,110.38,08:07:21.577389937
59,110.37,84,110.38,08:07:21.577403933
59,110.37,86,110.38,08:07:21.577403933
58,110.37,86,110.38,08:07:21.577574171
58,110.37,84,110.38,08:07:21.577764089
59,110.37,84,110.38,08:07:21.577839952
59,110.37,88,110.38,08:07:21.578150166
59,110.37,84,110.38,08:07:21.578493673
58,110.37,84,110.38,08:07:21.580493607
59,110.37,84,110.38,08:07:21.580862718
59,110.37,69,110.38,08:07:21.587909378
59,110.37,45,110.38,08:07:21.667595940
59,110.37,43,110.38,08:07:21.671026352
59,110.37,67,110.38,08:07:21.718552406
57,110.37,67,110.38,08:07:25.087458330
58,110.37,67,110.38,08:07:28.066094178
58,110.37,69,110.38,08:07:36.480815599
59,110.37,69,110.38,08:07:36.905276378
45,110.37,69,110.38,08:07:37.293469832
26,110.37,69,110.38,08:07:37.293545698
25,110.37,69,110.38,08:07:37.521685450
26,110.37,69,110.38,08:07:37.787173276
25,110.37,69,110.38,08:07:41.171007738
25,110.37,82,110.38,08:07:41.171274579
25,110.37,90,110.38,08:07:41.171508409
25,110.37,96,110.38,08:07:41.171840971
25,110.37,98,110.38,08:07:41.172931780
25,110.37,100,110.38,08:07:41.175628801
25,110.37,102,110.38,08:07:41.208993049
25,110.37,94,110.38,08:07:41.520316094
26,110.37,94,110.38,08:07:41.520460721
26,110.37,92,110.38,08:07:41.520661396
26,110.37,96,110.38,08:07:41.713186285
26,110.37,94,110.38,08:07:41.713562717
26,110.37,96,110.38,08:07:41.962756658
25,110.37,96,110.38,08:07:41.962900927
25,110.37,98,110.38,08:07:41.963105166
25,110.37,100,110.38,08:07:42.072987687
25,110.37,98,110.38,08:07:42.340419941
26,110.37,98,110.38,08:07:42.340642803
26,110.37,90,110.38,08:07:42.340781183
31,110.37,90,110.38,08:07:42.342036499
61,110.37,90,110.38,08:07:42.342036499
61,110.37,88,110.38,08:07:42.342132395
61,110.37,82,110.38,08:07:42.342395133
62,110.37,82,110.38,08:07:44.490472739
62,110.37,69,110.38,08:07:52.367950648
62,110.37,67,110.38,08:07:52.367971928
61,110.37,67,110.38,08:07:52.702550223
61,110.37,66,110.38,08:07:52.727792696
74,110.37,66,110.38,08:07:52.953043355
74,110.37,58,110.38,08:07:52.953063739
61,110.37,58,110.38,08:07:54.860107886
61,110.37,57,110.38,08:08:00.487619504
62,110.37,57,110.38,08:08:00.914891220
62,110.37,58,110.38,08:08:01.547792614
62,110.37,62,110.38,08:08:02.365960986
57,110.37,62,110.38,08:08:06.642415669
27,110.37,62,110.38,08:08:06.642615465
27,110.37,75,110.38,08:08:06.642782816
27,110.37,100,110.38,08:08:06.642914140
27,110.37,108,110.38,08:08:06.642914140
27,110.37,115,110.38,08:08:06.643007558
27,110.37,119,110.38,08:08:06.643025132
26,110.37,119,110.38,08:08:06.643025132
24,110.37,119,110.38,08:08:06.643115587
25,110.37,119,110.38,08:08:06.643435410
25,110.37,135,110.38,08:08:06.643516085
25,110.37,129,110.38,08:08:06.643943505
25,110.37,121,110.38,08:08:06.644433454
26,110.37,121,110.38,08:08:06.646289145
27,110.37,121,110.38,08:08:06.646549052
26,110.37,121,110.38,08:08:06.646993090
27,110.37,121,110.38,08:08:06.647849170
27,110.37,119,110.38,08:08:06.650226200
29,110.37,119,110.38,08:08:06.650765612
29,110.37,106,110.38,08:08:06.650765612
34,110.37,106,110.38,08:08:06.650854725
34,110.37,102,110.38,08:08:06.650934030
34,110.37,78,110.38,08:08:06.677959798
34,110.37,79,110.38,08:08:06.681185027
29,110.37,79,110.38,08:08:06.712341815
29,110.37,103,110.38,08:08:06.721759060
28,110.37,103,110.38,08:08:07.057160772
28,110.37,105,110.38,08:08:07.057437729
29,110.37,105,110.38,08:08:07.091579539
29,110.37,103,110.38,08:08:07.091870145
28,110.37,103,110.38,08:08:07.115905638
33,110.37,103,110.38,08:08:07.145912513
34,110.37,103,110.38,08:08:07.146064318
33,110.37,103,110.38,08:08:07.909422919
33,110.37,102,110.38,08:08:09.126097810
53,110.37,102,110.38,08:08:09.126248764
54,110.37,102,110.38,08:08:09.126318956
67,110.37,102,110.38,08:08:09.126389447
66,110.37,102,110.38,08:08:10.674766863
46,110.37,102,110.38,08:08:14.187705857
33,110.37,102,110.38,08:08:14.187705857
33,110.37,118,110.38,08:08:14.187788462
28,110.37,118,110.38,08:08:14.187886349
27,110.37,118,110.38,08:08:14.187886349
26,110.37,118,110.38,08:08:14.187886349
25,110.37,118,110.38,08:08:14.188275950
25,110.37,120,110.38,08:08:14.188384244
25,110.37,122,110.38,08:08:14.188695851
27,110.37,122,110.38,08:08:14.223378608
32,110.37,122,110.38,08:08:14.223378608
33,110.37,122,110.38,08:08:14.223452891
33,110.37,106,110.38,08:08:14.223532189
33,110.37,102,110.38,08:08:14.223837990
33,110.37,104,110.38,08:08:14.273600268
33,110.37,102,110.38,08:08:14.414776912
32,110.37,102,110.38,08:08:14.966511673
27,110.37,102,110.38,08:08:14.970697820
28,110.37,102,110.38,08:08:14.971071944
33,110.37,102,110.38,08:08:15.636441815
58,110.37,102,110.38,08:08:16.460277758
58,110.37,94,110.38,08:08:16.460365454
58,110.37,69,110.38,08:08:16.460365454
66,110.37,69,110.38,08:08:16.460389521
67,110.37,69,110.38,08:08:16.460543630
67,110.37,65,110.38,08:08:16.480771281
79,110.37,65,110.38,08:08:16.482047071
83,110.37,65,110.38,08:08:16.482166240
83,110.37,64,110.38,08:08:17.338130393
83,110.37,57,110.38,08:08:17.338332955
82,110.37,57,110.38,08:08:25.550275843
82,110.37,56,110.38,08:08:25.575513503
91,110.37,56,110.38,08:08:25.575683055
92,110.37,56,110.38,08:08:33.762658407
92,110.37,55,110.38,08:08:36.531445676
92,110.37,54,110.38,08:08:36.531522194
92,110.37,53,110.38,08:08:36.535626196
92,110.37,52,110.38,08:08:36.541716694
92,110.37,51,110.38,08:08:36.545545783
92,110.37,46,110.38,08:08:36.547461619
92,110.37,47,110.38,08:08:37.193434243
92,110.37,48,110.38,08:08:37.193505685
92,110.37,49,110.38,08:08:37.193579212
92,110.37,48,110.38,08:08:37.196152057
92,110.37,47,110.38,08:08:37.196294355
92,110.37,48,110.38,08:08:37.196395370
92,110.37,47,110.38,08:08:39.131569632
92,110.37,46,110.38,08:08:39.131717617
92,110.37,47,110.38,08:08:39.152417898
92,110.37,48,110.38,08:08:39.152797543
92,110.37,49,110.38,08:08:40.146168234
92,110.37,50,110.38,08:08:40.171295638
92,110.37,51,110.38,08:08:40.171467036
92,110.37,50,110.38,08:08:40.880533589
92,110.37,49,110.38,08:08:40.881195988
92,110.37,48,110.38,08:08:40.884904647
92,110.37,49,110.38,08:08:40.889133709
92,110.37,50,110.38,08:08:40.988004737
92,110.37,49,110.38,08:08:41.261004208
92,110.37,48,110.38,08:08:41.261214492
92,110.37,47,110.38,08:08:41.974837865
92,110.37,46,110.38,08:08:41.975001554
92,110.37,45,110.38,08:08:41.975081139
92,110.37,44,110.38,08:08:41.975081139
92,110.37,45,110.38,08:08:42.083650066
92,110.37,46,110.38,08:08:42.083788533
83,110.37,46,110.38,08:08:42.226373641
83,110.37,47,110.38,08:08:42.243663805
83,110.37,46,110.38,08:08:42.493063252
83,110.37,45,110.38,08:08:42.493192218
83,110.37,44,110.38,08:08:42.493770321
83,110.37,45,110.38,08:08:42.523808371
83,110.37,46,110.38,08:08:42.523960012
83,110.37,47,110.38,08:08:42.527474190
83,110.37,48,110.38,08:08:42.533694637
83,110.37,47,110.38,08:08:42.561860800
83,110.37,46,110.38,08:08:42.564018861
83,110.37,45,110.38,08:08:42.564163680
83,110.37,46,110.38,08:08:42.566000402
83,110.37,47,110.38,08:08:42.606317968
83,110.37,48,110.38,08:08:42.610613913
83,110.37,49,110.38,08:08:46.269318045
83,110.37,50,110.38,08:08:46.269318045
83,110.37,59,110.38,08:08:46.269382429
79,110.37,59,110.38,08:08:46.269402009
67,110.37,59,110.38,08:08:46.269402009
42,110.37,59,110.38,08:08:46.269599228
42,110.37,60,110.38,08:08:46.269613718
42,110.37,69,110.38,08:08:46.269634738
42,110.37,70,110.38,08:08:46.269653813
34,110.37,70,110.38,08:08:46.269691262
34,110.37,84,110.38,08:08:46.269691262
34,110.37,103,110.38,08:08:46.269691262
34,110.37,110,110.38,08:08:46.269691262
34,110.37,115,110.38,08:08:46.269691262
29,110.37,115,110.38,08:08:46.269692844
29,110.37,118,110.38,08:08:46.269841498
29,110.37,126,110.38,08:08:46.269856658
28,110.37,126,110.38,08:08:46.269856658
28,110.37,146,110.38,08:08:46.269897226
26,110.37,146,110.38,08:08:46.269897226
25,110.37,146,110.38,08:08:46.334657903
23,110.37,146,110.38,08:08:46.350817673
22,110.37,146,110.38,08:08:46.354885677
21,110.37,146,110.38,08:08:46.566612816
12,110.37,146,110.38,08:08:46.566711798
11,110.37,146,110.38,08:08:47.441191598
9,110.37,146,110.38,08:08:47.441613806
5,110.37,146,110.38,08:08:47.441613806
4,110.37,146,110.38,08:08:47.441766699
3,110.37,146,110.38,08:08:47.441766699
2,110.37,146,110.38,08:08:47.441986397
1,110.37,146,110.38,08:08:47.441986397
120,110.36,146,110.38,08:08:47.441986397
120,110.36,151,110.38,08:08:47.442258600
110,110.36,151,110.38,08:08:47.442824829
98,110.36,151,110.38,08:08:47.443703302
98,110.36,6,110.37,08:08:47.452513105
98,110.36,18,110.37,08:08:47.452683485
98,110.36,42,110.37,08:08:47.477702198
98,110.36,18,110.37,08:08:47.497612750
98,110.36,6,110.37,08:08:47.497923795
98,110.36,30,110.37,08:08:47.520099965
98,110.36,6,110.37,08:08:47.542505484
98,110.36,7,110.37,08:08:57.185664751
98,110.36,19,110.37,08:08:57.185797247
98,110.36,28,110.37,08:08:57.185968127
98,110.36,29,110.37,08:08:57.185968127
86,110.36,29,110.37,08:08:57.186379572
86,110.36,20,110.37,08:08:57.186396097
86,110.36,19,110.37,08:08:57.186396097
83,110.36,19,110.37,08:08:57.186396097
83,110.36,18,110.37,08:08:57.186470414
83,110.36,19,110.37,08:08:57.189342745
83,110.36,20,110.37,08:08:57.189586263
83,110.36,21,110.37,08:08:57.189665934
83,110.36,20,110.37,08:08:57.197661706
83,110.36,19,110.37,08:08:57.197891130
83,110.36,18,110.37,08:08:57.197998874
83,110.36,42,110.37,08:08:57.211061303
83,110.36,18,110.37,08:08:57.225087034
83,110.36,19,110.37,08:08:57.225225905
83,110.36,22,110.37,08:08:57.225378637
83,110.36,21,110.37,08:08:57.226824050
83,110.36,18,110.37,08:08:57.226925051
83,110.36,6,110.37,08:08:57.227220498
83,110.36,7,110.37,08:08:57.227742766
84,110.36,7,110.37,08:08:57.233869928
91,110.36,7,110.37,08:08:57.321671127
91,110.36,6,110.37,08:08:57.321800521
91,110.36,9,110.37,08:09:00.296553256
91,110.36,6,110.37,08:09:00.296786606
91,110.36,7,110.37,08:09:00.296786606
91,110.36,9,110.37,08:09:00.297040187
91,110.36,8,110.37,08:09:00.297108942
91,110.36,9,110.37,08:09:00.301347869
91,110.36,10,110.37,08:09:00.301620808
91,110.36,19,110.37,08:09:00.301620808
91,110.36,31,110.37,08:09:00.301620808
84,110.36,31,110.37,08:09:00.301814326
85,110.36,31,110.37,08:09:00.328257019
85,110.36,22,110.37,08:09:00.343027530
85,110.36,21,110.37,08:09:00.352424574
85,110.36,22,110.37,08:09:00.549187277
85,110.36,21,110.37,08:09:00.638848102
85,110.36,22,110.37,08:09:00.640501221
85,110.36,46,110.37,08:09:01.017086725
85,110.36,45,110.37,08:09:01.028250949
85,110.36,33,110.37,08:09:01.028250949
85,110.36,32,110.37,08:09:01.028434638
93,110.36,32,110.37,08:09:01.028592699
93,110.36,8,110.37,08:09:01.052171953
93,110.36,17,110.37,08:09:01.052340517
93,110.36,18,110.37,08:09:01.052479361
85,110.36,18,110.37,08:09:01.165304885
85,110.36,19,110.37,08:09:01.165457272
85,110.36,31,110.37,08:09:01.172550395
85,110.36,36,110.37,08:09:02.298433225
85,110.36,31,110.37,08:09:02.298648278
85,110.36,55,110.37,08:09:02.518214501
75,110.36,55,110.37,08:09:05.295831461
70,110.36,55,110.37,08:09:05.295896510
78,110.36,55,110.37,08:09:05.425072548
85,110.36,55,110.37,08:09:05.425140228
85,110.36,60,110.37,08:09:08.786867709
77,110.36,60,110.37,08:09:08.786944358
70,110.36,60,110.37,08:09:08.787092469
70,110.36,61,110.37,08:09:08.787275599
70,110.36,62,110.37,08:09:08.787504271
70,110.36,63,110.37,08:09:08.788164466
61,110.36,63,110.37,08:09:08.788262050
56,110.36,63,110.37,08:09:08.788280277
65,110.36,63,110.37,08:09:08.800267667
65,110.36,62,110.37,08:09:08.800413792
65,110.36,38,110.37,08:09:08.803893919
65,110.36,39,110.37,08:09:08.804031098
65,110.36,38,110.37,08:09:09.776054884
65,110.36,44,110.37,08:09:11.912686842
56,110.36,44,110.37,08:09:11.913049091
56,110.36,47,110.37,08:09:11.913270796
56,110.36,48,110.37,08:09:14.233087585
57,110.36,48,110.37,08:09:14.822576110
66,110.36,48,110.37,08:09:15.137747771
66,110.36,43,110.37,08:09:18.201464607
78,110.36,43,110.37,08:09:18.201480511
81,110.36,43,110.37,08:09:18.201480511
81,110.36,42,110.37,08:09:18.201700395
81,110.36,36,110.37,08:09:18.209946212
81,110.36,33,110.37,08:09:18.210008724
81,110.36,57,110.37,08:09:18.247382557
81,110.36,56,110.37,08:09:19.592900228
81,110.36,55,110.37,08:09:19.592920247
81,110.36,46,110.37,08:09:19.592920247
81,110.36,34,110.37,08:09:19.592920247
81,110.36,32,110.37,08:09:19.593011015
81,110.36,31,110.37,08:09:19.593452319
89,110.36,31,110.37,08:09:19.593574421
89,110.36,7,110.37,08:09:19.619719978
89,110.36,16,110.37,08:09:19.632274399
89,110.36,17,110.37,08:09:19.634916083
89,110.36,18,110.37,08:09:19.634985216
89,110.36,19,110.37,08:09:19.635058089
89,110.36,18,110.37,08:09:19.635138930
89,110.36,19,110.37,08:09:20.037583654
89,110.36,20,110.37,08:09:20.055830865
89,110.36,19,110.37,08:09:20.055976580
89,110.36,20,110.37,08:09:20.069770952
89,110.36,32,110.37,08:09:20.069770952
81,110.36,32,110.37,08:09:20.070052272
81,110.36,33,110.37,08:09:20.980848761
81,110.36,34,110.37,08:09:20.981060310
81,110.36,58,110.37,08:09:21.019556423
81,110.36,57,110.37,08:09:21.507943241
81,110.36,33,110.37,08:09:21.515329386
81,110.36,57,110.37,08:09:22.765342973
81,110.36,56,110.37,08:09:23.034816263
81,110.36,57,110.37,08:09:23.684964345
81,110.36,56,110.37,08:09:23.685114012
81,110.36,57,110.37,08:09:26.281149108
69,110.36,57,110.37,08:09:26.281318469
66,110.36,57,110.37,08:09:26.281379698
81,110.36,57,110.37,08:09:27.851176496
81,110.36,56,110.37,08:09:27.851363638
81,110.36,55,110.37,08:09:31.246021286
81,110.36,56,110.37,08:09:31.997821969
81,110.36,55,110.37,08:09:31.999864959
66,110.36,55,110.37,08:09:32.817560488
66,110.36,56,110.37,08:09:32.817793656
81,110.36,56,110.37,08:09:37.940276348
81,110.36,55,110.37,08:09:37.940537906
80,110.36,55,110.37,08:09:39.458020225
80,110.36,54,110.37,08:09:39.483273597
80,110.36,30,110.37,08:09:48.265388114
80,110.36,54,110.37,08:09:48.514728080
81,110.36,54,110.37,08:09:48.635405088
66,110.36,54,110.37,08:09:52.737841414
81,110.36,54,110.37,08:09:53.012799260
81,110.36,53,110.37,08:09:56.421478422
81,110.36,41,110.37,08:09:56.421594480
81,110.36,42,110.37,08:09:56.432152352
81,110.36,54,110.37,08:09:56.432266831
81,110.36,42,110.37,08:09:56.432768198
81,110.36,41,110.37,08:09:56.432944796
81,110.36,17,110.37,08:09:56.447217588
81,110.36,18,110.37,08:09:56.451970346
81,110.36,30,110.37,08:09:56.452080682
66,110.36,30,110.37,08:09:57.833872522
66,110.36,35,110.37,08:09:57.833894411
66,110.36,40,110.37,08:09:57.833913924
66,110.36,44,110.37,08:09:57.834133031
76,110.36,44,110.37,08:09:57.937752575
81,110.36,44,110.37,08:09:57.937821394
81,110.36,68,110.37,08:09:58.025995360
76,110.36,68,110.37,08:09:58.026168211
66,110.36,68,110.37,08:09:58.026240016
66,110.36,67,110.37,08:09:58.345607141
76,110.36,67,110.37,08:09:58.345772711
76,110.36,63,110.37,08:09:58.345922920
76,110.36,58,110.37,08:09:58.345922920
81,110.36,58,110.37,08:09:58.345992607
81,110.36,34,110.37,08:09:58.516723074
81,110.36,29,110.37,08:09:58.516863542
81,110.36,29,110.37,08:09:58.516863542
81,110.36,30,110.37,08:09:59.031614481
81,110.36,54,110.37,08:09:59.272868104
76,110.36,54,110.37,08:09:59.273035638
66,110.36,54,110.37,08:09:59.273105491
76,110.36,54,110.37,08:09:59.376402209
81,110.36,54,110.37,08:09:59.376463393
81,110.36,53,110.37,08:09:59.469867250
71,110.36,53,110.37,08:09:59.521894624
66,110.36,53,110.37,08:09:59.521894624
66,110.36,29,110.37,08:09:59.528837785
76,110.36,29,110.37,08:09:59.623863449
81,110.36,29,110.37,08:09:59.623962115
81,110.36,53,110.37,08:09:59.767919318
71,110.36,53,110.37,08:09:59.768096938
66,110.36,53,110.37,08:09:59.768158247
66,110.36,54,110.37,08:10:01.852293096
66,110.36,53,110.37,08:10:01.853017043
66,110.36,54,110.37,08:10:01.856508145
66,110.36,53,110.37,08:10:02.001190383
66,110.36,54,110.37,08:10:02.257619373
57,110.36,54,110.37,08:10:07.812433720
57,110.36,53,110.37,08:10:08.055728790
66,110.36,53,110.37,08:10:08.055865522
66,110.36,57,110.37,08:10:09.402295268
57,110.36,57,110.37,08:10:09.701293799
55,110.36,57,110.37,08:10:17.647606666
54,110.36,57,110.37,08:10:17.661198269
53,110.36,57,110.37,08:10:17.765848877
53,110.36,56,110.37,08:10:17.791119538
62,110.36,56,110.37,08:10:17.791260530
64,110.36,56,110.37,08:10:17.791328687
79,110.36,56,110.37,08:10:17.791460255
79,110.36,62,110.37,08:10:17.802022069
64,110.36,62,110.37,08:10:17.802135406
62,110.36,62,110.37,08:10:17.874868272
53,110.36,62,110.37,08:10:17.875028627
54,110.36,62,110.37,08:10:18.031797503
55,110.36,62,110.37,08:10:18.259009384
54,110.36,62,110.37,08:10:19.453942508
53,110.36,62,110.37,08:10:19.453942508
53,110.36,69,110.37,08:10:19.453942598
53,110.36,81,110.37,08:10:19.454091334
53,110.36,85,110.37,08:10:19.454109481
53,110.36,87,110.37,08:10:19.454109481
53,110.36,107,110.37,08:10:19.454109481
54,110.36,107,110.37,08:10:19.454157622
53,110.36,107,110.37,08:10:19.454491294
51,110.36,107,110.37,08:10:24.980438486
53,110.36,107,110.37,08:10:27.221089202
54,110.36,107,110.37,08:10:27.475304390
54,110.36,103,110.37,08:10:27.897765831
52,110.36,103,110.37,08:10:30.037159624
52,110.36,102,110.37,08:10:37.185467480
61,110.36,102,110.37,08:10:37.185751172
64,110.36,102,110.37,08:10:37.185810376
64,110.36,90,110.37,08:10:37.186053284
64,110.36,86,110.37,08:10:37.186053284
78,110.36,86,110.37,08:10:37.751845249
78,110.36,66,110.37,08:10:37.752399568
78,110.36,67,110.37,08:10:37.777055600
78,110.36,60,110.37,08:10:37.826087488
78,110.36,58,110.37,08:10:37.826163193
64,110.36,58,110.37,08:10:41.032289816
64,110.36,59,110.37,08:10:41.032598101
55,110.36,59,110.37,08:10:41.082942104
64,110.36,59,110.37,08:10:41.083020569
64,110.36,61,110.37,08:10:41.083172977
64,110.36,59,110.37,08:10:41.083491492
64,110.36,71,110.37,08:10:43.952388570
64,110.36,75,110.37,08:10:43.952586868
55,110.36,75,110.37,08:10:43.952586868
55,110.36,100,110.37,08:10:43.952706528
55,110.36,108,110.37,08:10:43.952825085
55,110.36,115,110.37,08:10:43.952907321
55,110.36,117,110.37,08:10:43.952999522
55,110.36,137,110.37,08:10:43.952999522
55,110.36,117,110.37,08:10:43.953631617
64,110.36,117,110.37,08:10:43.954079070
64,110.36,125,110.37,08:10:43.954079070
64,110.36,117,110.37,08:10:43.954418187
64,110.36,105,110.37,08:10:43.955630724
64,110.36,101,110.37,08:10:43.955630724
64,110.36,100,110.37,08:10:46.895567207
64,110.36,93,110.37,08:10:46.895749594
64,110.36,91,110.37,08:10:46.895819661
61,110.36,91,110.37,08:10:50.687595558
60,110.36,91,110.37,08:10:50.687636143
60,110.36,105,110.37,08:10:50.687950703
60,110.36,113,110.37,08:10:50.687950703
61,110.36,113,110.37,08:10:50.688074953
52,110.36,113,110.37,08:10:50.688074953
52,110.36,121,110.37,08:10:50.688293378
51,110.36,121,110.37,08:10:50.688293378
51,110.36,133,110.37,08:10:50.688757064
52,110.36,133,110.37,08:10:50.690472714
53,110.36,133,110.37,08:10:50.691628723
52,110.36,133,110.37,08:10:50.691832949
53,110.36,133,110.37,08:10:50.692516712
54,110.36,133,110.37,08:10:50.692685566
54,110.36,129,110.37,08:10:50.694238259
54,110.36,119,110.37,08:10:50.694970786
54,110.36,121,110.37,08:10:50.695525000
54,110.36,127,110.37,08:10:50.696235937
53,110.36,127,110.37,08:10:50.696468026
53,110.36,129,110.37,08:10:50.697020989
54,110.36,129,110.37,08:10:50.697113645
54,110.36,123,110.37,08:10:50.698043241
54,110.36,119,110.37,08:10:50.698385621
54,110.36,123,110.37,08:10:50.700949827
53,110.36,123,110.37,08:10:50.701077795
53,110.36,129,110.37,08:10:50.701319164
53,110.36,105,110.37,08:10:50.704724274
53,110.36,103,110.37,08:10:50.803452179
53,110.36,105,110.37,08:10:51.041854021
52,110.36,105,110.37,08:10:51.042153939
52,110.36,107,110.37,08:10:51.042418466
52,110.36,109,110.37,08:10:51.047352521
53,110.36,109,110.37,08:10:51.057584420
53,110.36,107,110.37,08:10:51.057952643
53,110.36,109,110.37,08:10:51.083869726
52,110.36,109,110.37,08:10:51.088445352
51,110.36,109,110.37,08:10:51.092397447
29,110.36,109,110.37,08:10:52.879710664
24,110.36,109,110.37,08:10:52.879812500
17,110.36,109,110.37,08:10:52.879812500
17,110.36,115,110.37,08:10:52.893646762
16,110.36,115,110.37,08:10:52.893788789
14,110.36,115,110.37,08:10:52.893899854
14,110.36,139,110.37,08:10:52.942445831
14,110.36,115,110.37,08:10:52.977972777
15,110.36,115,110.37,08:10:52.983562885
14,110.36,115,110.37,08:10:53.174806057
15,110.36,115,110.37,08:10:53.175119584
16,110.36,115,110.37,08:10:53.454952044
18,110.36,115,110.37,08:10:53.455019791
16,110.36,115,110.37,08:10:53.541241906
17,110.36,115,110.37,08:10:53.567070221
18,110.36,115,110.37,08:10:53.567215159
19,110.36,115,110.37,08:10:53.567289889
28,110.36,115,110.37,08:10:53.568106262
27,110.36,115,110.37,08:10:53.592837973
26,110.36,115,110.37,08:10:53.598103393
17,110.36,115,110.37,08:10:53.672030489
16,110.36,115,110.37,08:10:54.084086121
15,110.36,115,110.37,08:10:54.236608197
16,110.36,115,110.37,08:10:54.275586904
15,110.36,115,110.37,08:10:54.876305727
14,110.36,115,110.37,08:10:55.002614539
15,110.36,115,110.37,08:10:55.010098198
14,110.36,115,110.37,08:10:55.119264406
14,110.36,114,110.37,08:10:56.605809226
23,110.36,114,110.37,08:10:56.605995827
24,110.36,114,110.37,08:10:56.606063239
25,110.36,114,110.37,08:11:00.270703144
26,110.36,114,110.37,08:11:00.310674077
29,110.36,114,110.37,08:11:00.310758111
30,110.36,114,110.37,08:11:00.311111744
31,110.36,114,110.37,08:11:00.311355497
30,110.36,114,110.37,08:11:00.311371391
30,110.36,110,110.37,08:11:00.311714884
30,110.36,100,110.37,08:11:00.312130113
30,110.36,102,110.37,08:11:00.349647229
30,110.36,114,110.37,08:11:00.350024011
30,110.36,108,110.37,08:11:00.385002542
31,110.36,108,110.37,08:11:00.385166221
31,110.36,106,110.37,08:11:00.385348442
31,110.36,94,110.37,08:11:00.447525162
31,110.36,110,110.37,08:11:00.447875020
31,110.36,114,110.37,08:11:00.448234473
36,110.36,114,110.37,08:11:01.220902489
37,110.36,114,110.37,08:11:01.221386322
32,110.36,114,110.37,08:11:01.221527468
32,110.36,94,110.37,08:11:01.221527468
31,110.36,94,110.37,08:11:01.221571218
31,110.36,80,110.37,08:11:01.256134489
32,110.36,80,110.37,08:11:01.588961757
46,110.36,80,110.37,08:11:01.945163722
