price,volume,timestamp
110.38,10,08:00:00.425534086
110.37,1,08:01:16.401206852
110.37,4,08:01:16.401206852
110.37,9,08:01:16.402074383
110.37,5,08:01:16.402331963
110.37,21,08:01:16.402331963
110.37,25,08:01:16.402562870
110.37,4,08:01:16.402576440
110.37,21,08:01:16.402592370
110.37,25,08:01:16.402612549
110.37,22,08:01:16.402723735
110.37,2,08:01:16.402874030
110.37,1,08:01:16.412981190
110.37,4,08:01:16.413059397
110.37,2,08:01:16.413255710
110.37,1,08:01:16.419808352
110.37,2,08:01:16.419993568
110.37,1,08:01:16.420094095
110.37,1,08:01:16.420116844
110.37,2,08:01:16.420761951
110.37,1,08:01:16.424563029
110.37,1,08:01:16.424950088
110.37,1,08:01:16.431294361
110.37,1,08:01:19.933830461
110.37,1,08:01:20.560593464
110.37,2,08:01:20.560827739
110.37,1,08:01:20.560912290
110.37,2,08:01:20.571323403
110.37,3,08:01:20.571404756
110.37,2,08:01:20.572977932
110.37,5,08:01:20.582018194
110.37,2,08:01:20.585636223
110.37,9,08:01:20.585649596
110.37,1,08:01:20.585848983
110.37,6,08:01:20.585862903
110.37,1,08:01:20.585877870
110.37,1,08:01:20.585893134
110.37,10,08:01:20.585893134
110.37,1,08:01:20.585908978
110.37,1,08:01:20.585923707
110.37,1,08:01:20.585937759
110.37,5,08:01:20.596560632
110.37,1,08:01:20.598841536
110.37,1,08:01:20.598921533
110.37,2,08:01:20.607176463
110.37,1,08:01:20.607506059
110.37,1,08:01:20.607852177
110.37,3,08:01:20.822141289
110.37,2,08:01:20.822497538
110.37,5,08:01:20.832766198
110.37,5,08:01:20.843445840
110.37,5,08:01:20.853997753
110.37,5,08:01:20.864562288
110.37,5,08:01:20.875075338
110.37,1,08:01:20.885743775
110.37,2,08:01:20.885743775
110.37,1,08:01:20.885822253
110.37,1,08:01:20.886118579
110.37,4,08:01:20.897218540
110.37,1,08:01:20.897853564
110.37,5,08:01:21.789153934
110.37,1,08:01:21.789153934
110.37,1,08:01:21.789632039
110.37,5,08:01:21.799781461
110.37,5,08:01:23.568160016
110.37,3,08:01:23.568183248
110.37,5,08:01:23.578777010
110.37,1,08:01:23.580134479
110.37,1,08:01:23.589405065
110.37,4,08:01:23.589725964
110.37,2,08:02:05.978302582
110.37,14,08:02:05.978302582
110.37,9,08:02:05.979572809
110.37,1,08:02:05.979723496
110.37,2,08:02:05.979723496
110.37,1,08:02:05.979746405
110.37,1,08:02:05.990267698
110.37,12,08:02:05.990607246
110.37,28,08:02:05.990607246
110.37,9,08:02:06.002352960
110.37,12,08:02:06.002352960
110.37,2,08:02:06.002534448
110.37,1,08:02:06.002549309
110.37,1,08:02:07.504073338
110.37,2,08:02:07.504209158
110.37,2,08:02:08.003494230
110.37,2,08:02:08.504305405
110.37,2,08:02:09.003682272
110.37,1,08:02:09.089528164
110.37,1,08:02:09.089605198
110.37,1,08:02:12.798807328
110.37,1,08:02:12.810691247
110.37,2,08:02:12.822548254
110.37,18,08:02:12.834499023
110.37,5,08:02:12.834515016
110.37,1,08:02:12.835066258
110.37,1,08:02:47.101182845
110.37,1,08:02:47.101425129
110.37,1,08:02:47.102269377
110.37,1,08:02:57.070354938
110.37,1,08:03:05.307749675
110.37,1,08:03:21.706056269
110.37,1,08:03:29.918161063
110.37,1,08:03:38.155556043
110.37,1,08:03:54.554823221
110.37,1,08:04:02.766976547
110.37,1,08:04:10.467019051
110.37,1,08:04:10.978192707
110.37,5,08:04:19.018014486
110.37,1,08:04:19.215498852
110.37,4,08:04:24.017225215
110.37,4,08:04:29.017359438
110.36,4,08:04:33.951222005
110.36,1,08:04:33.951222005
110.36,2,08:04:33.951240925
110.36,6,08:04:33.951240925
110.36,1,08:04:33.951240925
110.36,3,08:04:33.951240925
110.36,4,08:04:33.951240925
110.37,1,08:04:35.614867255
110.37,1,08:04:38.515703266
110.37,1,08:04:38.515794641
110.37,6,08:04:38.515794641
110.37,1,08:04:42.382314013
110.37,12,08:04:42.382314013
110.37,1,08:04:42.382411511
110.37,5,08:04:42.382411511
110.37,18,08:04:42.382426714
110.37,1,08:04:43.826914173
110.37,1,08:04:52.063304711
110.37,1,08:05:02.959685697
110.37,2,08:05:02.959685697
110.37,3,08:05:02.959685697
110.37,3,08:05:02.960261812
110.37,1,08:05:02.960274647
110.37,2,08:05:02.960289182
110.37,10,08:05:02.960348640
110.37,4,08:05:02.960348640
110.37,6,08:05:02.960362583
110.38,1,08:05:08.462720126
110.38,1,08:05:16.674786160
110.38,1,08:05:24.912141278
110.38,1,08:05:41.310457809
110.37,2,08:05:45.926410785
110.37,1,08:05:45.926410785
110.37,1,08:05:45.926645418
110.37,3,08:05:45.926660116
110.37,1,08:05:45.926660116
110.37,1,08:05:45.926676858
110.37,2,08:05:45.926676858
110.37,9,08:05:45.926676858
110.37,1,08:05:45.926691082
110.38,1,08:06:22.370461167
110.39,1,08:06:30.582584350
110.38,1,08:06:30.583772317
110.38,9,08:06:30.583772317
110.39,1,08:06:38.819907917
110.39,1,08:06:55.218254534
110.39,1,08:07:03.430315615
110.38,1,08:07:11.324273677
110.39,1,08:07:11.667632017
110.38,2,08:07:21.434215246
110.38,2,08:07:21.434230263
110.38,2,08:07:21.434245511
110.38,1,08:07:21.434330026
110.38,1,08:07:52.727792696
110.38,1,08:08:09.126097810
110.38,1,08:08:17.338130393
110.38,1,08:08:25.575513503
110.38,1,08:08:41.974837865
110.37,2,08:08:47.441613806
110.37,4,08:08:47.441613806
110.37,1,08:08:47.441766699
110.37,1,08:08:47.441986397
110.37,1,08:09:23.034816263
110.37,1,08:09:31.246021286
110.37,1,08:09:39.483273597
110.37,1,08:09:58.345607141
110.37,1,08:10:08.055728790
110.37,1,08:10:17.791119538
110.37,1,08:10:37.185467480
110.37,1,08:10:46.895567207
110.37,1,08:10:56.605809226
110.37,1,08:11:06.341101968
110.36,1,08:11:18.707947865
110.36,2,08:11:18.707967788
110.36,2,08:11:18.708306328
110.36,4,08:11:18.708515864
110.36,2,08:11:18.708534098
110.36,1,08:11:18.708550472
110.36,9,08:11:18.708564171
110.36,1,08:11:18.709144942
110.36,1,08:11:18.709159655
110.36,1,08:11:18.709173847
110.36,1,08:11:18.709188020
110.36,1,08:11:18.709202033
110.36,1,08:11:18.709216033
110.36,1,08:11:18.709230343
110.36,1,08:11:18.709461322
110.36,1,08:11:18.710387815
110.36,1,08:11:18.710423072
110.36,1,08:11:18.711607682
110.36,2,08:11:18.711684706
110.36,2,08:11:18.712346254
110.36,2,08:11:18.719287714
110.36,2,08:11:18.721045098
110.36,1,08:11:18.721045098
110.36,1,08:11:18.733503099
110.36,1,08:11:18.745689757
110.36,1,08:11:18.745752697
110.36,8,08:11:18.750819739
110.36,1,08:11:18.750834667
110.36,11,08:11:18.805962296
110.36,1,08:11:18.806035294
110.36,4,08:11:18.859181741
110.36,1,08:11:18.859198102
110.36,6,08:11:18.907256091
110.36,1,08:11:18.907361431
110.36,1,08:11:18.907376826
110.36,3,08:11:18.907376826
110.36,1,08:11:18.952789902
110.36,1,08:11:18.952880628
110.36,8,08:11:18.952880628
110.36,4,08:11:18.988713235
110.36,3,08:11:18.988784742
110.36,1,08:11:19.030611394
110.36,5,08:11:19.030611394
110.36,3,08:11:19.077853006
110.36,1,08:11:19.077940013
110.36,4,08:11:19.077954938
110.36,4,08:11:19.079184104
110.36,3,08:11:19.079184104
110.36,1,08:11:19.079546291
110.36,4,08:11:19.182855879
110.36,2,08:11:19.293074742
110.36,9,08:11:19.293358689
110.36,6,08:11:19.364744703
110.36,1,08:11:19.364959809
110.36,1,08:11:20.155099139
110.36,10,08:11:20.155381861
110.36,1,08:11:20.155381861
110.36,2,08:11:20.155480562
110.36,4,08:11:20.205798411
110.36,1,08:11:20.205878811
110.36,5,08:11:20.205893416
110.36,2,08:11:20.241281768
110.36,1,08:11:20.241533930
110.36,1,08:11:20.241549770
110.36,6,08:11:20.241549770
110.36,2,08:11:20.247107091
110.36,2,08:11:20.284631264
110.36,5,08:11:20.284631264
110.36,1,08:11:20.285341654
110.36,3,08:11:20.324830450
110.36,1,08:11:20.325081976
110.36,6,08:11:20.665808970
110.36,2,08:11:20.665808970
110.36,1,08:11:20.665904136
110.36,9,08:11:20.665904136
110.36,1,08:11:20.665919931
110.36,8,08:11:49.258215798
110.36,1,08:11:49.258311991
110.36,1,08:11:49.258330122
110.36,12,08:11:49.313766853
110.36,7,08:11:49.368156358
110.36,4,08:11:49.410551184
110.36,12,08:11:49.447843819
110.36,11,08:11:49.489217752
110.36,9,08:11:49.535179439
110.36,7,08:11:49.567732967
110.36,12,08:11:49.607352887
110.36,2,08:11:49.638009792
110.36,1,08:12:24.020903889
110.36,1,08:12:43.415159654
110.35,2,08:12:43.970711747
110.35,1,08:12:43.970731872
110.35,4,08:12:43.970731872
110.35,1,08:12:43.971079439
110.35,21,08:12:43.971079439
110.35,3,08:12:43.982568485
110.35,2,08:12:43.994384855
110.35,4,08:12:44.006799081
110.35,12,08:12:44.006886962
110.35,6,08:12:44.006901967
110.35,2,08:12:44.507899358
110.35,4,08:12:44.656414274
110.35,1,08:12:44.656414274
110.35,2,08:12:50.785464960
110.35,2,08:12:50.785479699
110.35,3,08:12:50.785479699
110.35,1,08:12:50.785688601
110.35,5,08:12:50.785708704
110.35,1,08:12:50.785708704
110.35,2,08:12:50.785708704
110.35,1,08:12:50.785724476
110.35,9,08:12:50.785724476
110.35,1,08:12:50.816143271
110.35,1,08:12:50.834281930
110.35,4,08:12:50.834281930
110.35,1,08:12:50.854602478
110.35,3,08:12:50.874541192
110.35,1,08:12:50.874541192
110.35,1,08:12:50.895025526
110.35,1,08:12:50.912918553
110.35,1,08:12:51.006316593
110.35,1,08:12:51.025933942
110.35,1,08:12:51.044108776
110.35,1,08:12:51.062114062
110.35,1,08:12:51.080178164
110.35,1,08:12:51.102078647
110.35,1,08:12:51.120058333
110.35,1,08:12:51.138075913
110.35,1,08:12:51.248194562
110.35,1,08:12:51.348028407
110.35,2,08:12:51.348346161
110.35,1,08:12:51.846994791
110.35,1,08:12:52.347525605
110.35,8,08:12:52.347525605
110.35,1,08:12:52.368679544
110.35,1,08:12:52.387554065
110.35,1,08:12:52.847676800
110.35,1,08:12:52.868406180
110.35,1,08:12:53.347424122
110.35,9,08:12:53.847415583
110.35,1,08:12:53.847499522
110.35,1,08:12:53.848275861
110.35,1,08:12:54.348082121
110.35,1,08:12:54.847422684
110.35,1,08:12:55.347291166
110.35,9,08:12:55.847805395
110.35,1,08:12:55.847865520
110.35,1,08:12:56.347704461
110.35,1,08:12:56.847317753
110.35,1,08:12:57.347413897
110.35,1,08:12:57.847002550
110.35,1,08:12:58.347682123
110.35,1,08:12:58.847595963
110.35,1,08:12:59.347370756
110.35,7,08:12:59.847428919
110.34,4,08:13:08.526179047
110.34,1,08:13:08.526283160
110.34,1,08:13:08.526302664
110.34,2,08:13:08.526302664
110.35,1,08:13:31.965256653
110.35,1,08:13:41.675294760
110.35,1,08:13:51.410654859
110.35,1,08:14:10.805920456
110.35,1,08:14:10.806240480
110.34,1,08:14:17.910481726
110.34,1,08:14:17.910649990
110.34,9,08:14:17.910664935
110.34,3,08:14:17.910664935
110.34,2,08:14:17.910664935
110.34,1,08:14:17.910827396
110.34,1,08:14:17.910842279
110.34,1,08:14:17.911025245
110.34,14,08:14:17.911059792
110.34,30,08:14:17.911059792
110.34,5,08:14:17.911059792
110.34,1,08:14:17.947883375
110.34,9,08:14:17.947944463
110.34,1,08:14:17.968796841
110.34,3,08:14:17.968885314
110.34,7,08:14:17.968900748
110.34,5,08:14:19.513711605
110.34,2,08:14:23.519626396
110.34,1,08:14:41.789496768
110.34,1,08:14:41.806474432
110.35,1,08:14:59.405926873
110.35,1,08:15:00.848596475
110.35,1,08:15:00.848709636
110.35,1,08:15:00.848726798
110.35,4,08:15:00.848726798
110.35,4,08:15:00.849007473
110.35,1,08:15:00.945718426
110.35,3,08:15:00.945796521
110.35,26,08:15:00.965773380
110.35,9,08:15:00.965860726
110.35,7,08:15:00.965876160
110.35,1,08:15:10.658373882
110.35,2,08:15:10.658373882
110.35,2,08:15:10.658564397
110.35,1,08:15:10.679731262
110.35,26,08:15:10.700438215
110.35,9,08:15:10.700561878
110.35,1,08:15:10.700582353
110.35,9,08:15:10.700582353
110.35,1,08:15:11.173892408
110.35,1,08:15:11.174015207
110.35,1,08:15:11.174033639
110.35,1,08:15:11.174049710
110.35,1,08:15:28.751862696
110.35,28,08:15:28.774927446
110.35,10,08:15:28.775014121
110.35,1,08:15:30.708835140
110.35,1,08:15:30.708928528
110.35,1,08:15:30.708950519
110.35,9,08:15:30.708950519
110.35,1,08:15:30.729338967
110.35,2,08:15:30.750238518
110.35,1,08:15:30.769559015
110.35,1,08:15:31.263702861
110.35,1,08:15:31.284229181
110.35,1,08:15:31.303527192
110.35,1,08:15:31.763190264
110.35,1,08:15:32.263348430
110.35,9,08:15:32.763572006
110.35,1,08:15:32.763671581
110.35,1,08:15:32.763688604
110.35,1,08:15:33.263458240
110.35,1,08:15:33.263474150
110.35,1,08:15:33.763370431
110.35,1,08:15:33.763447170
110.35,1,08:15:34.263607978
110.35,1,08:15:34.763430075
110.35,1,08:15:35.263704953
110.35,1,08:15:35.263782236
110.35,1,08:15:35.263796902
110.35,1,08:15:35.762825979
110.35,1,08:15:36.263300491
110.35,1,08:15:36.763125258
110.35,1,08:15:36.784469631
110.35,1,08:15:36.803114493
110.35,1,08:15:36.821301116
110.35,1,08:15:36.839366996
110.35,1,08:15:36.859183361
110.35,1,08:15:36.947777570
110.35,1,08:15:36.986931533
110.35,1,08:15:37.028183983
110.35,2,08:15:37.045880168
110.35,1,08:15:37.045968326
110.35,1,08:15:37.045983709
110.35,1,08:15:37.067527231
110.35,1,08:15:37.087627942
110.35,1,08:15:37.106648033
110.35,1,08:15:37.263901172
110.35,1,08:15:38.268831334
110.35,1,08:15:41.022488389
110.35,1,08:15:51.235209463
110.35,2,08:15:51.235898934
110.35,6,08:15:51.256751110
110.35,1,08:15:51.256751110
110.36,11,08:16:06.540222377
110.36,1,08:16:10.755590866
110.36,2,08:16:28.485744973
110.36,1,08:16:28.485953117
110.36,2,08:16:28.485953117
110.36,1,08:16:28.485967280
110.36,1,08:16:28.486148367
110.36,9,08:16:28.486148367
110.36,4,08:16:38.788840666
110.36,13,08:16:38.789226158
110.36,3,08:16:38.789242970
110.36,1,08:16:38.789242970
110.36,2,08:16:38.789242970
110.36,10,08:16:38.789660707
110.36,23,08:16:38.789913032
110.36,4,08:16:44.204324802
110.36,6,08:16:44.207451436
110.36,2,08:16:46.892112319
110.36,1,08:16:46.893432987
110.36,1,08:16:46.893856669
110.36,31,08:18:18.685634553
110.36,2,08:18:28.830025958
110.36,2,08:18:28.830179850
110.36,1,08:18:28.830491546
110.36,15,08:18:28.830491546
110.35,1,08:18:30.642398469
110.35,24,08:18:30.642755661
110.35,9,08:18:30.643613832
110.35,3,08:18:30.643613832
110.35,1,08:18:30.643911084
110.35,9,08:18:30.643928415
110.35,1,08:18:30.644008876
110.35,9,08:18:30.647861013
110.35,6,08:18:30.808850344
110.35,4,08:18:30.808850344
110.35,2,08:18:30.821621238
110.35,1,08:18:32.694707777
110.35,1,08:18:32.694994110
110.35,13,08:18:35.262472130
110.35,15,08:18:35.262472130
110.35,6,08:18:35.262472130
110.36,25,08:18:43.952077370
110.36,12,08:18:43.952297340
110.36,1,08:18:43.952313139
110.36,7,08:18:43.952313139
110.36,2,08:18:43.952478015
110.36,15,08:18:43.952495033
110.36,2,08:18:43.952495033
110.36,7,08:18:43.952509989
110.36,1,08:18:43.952509989
110.36,7,08:18:43.952523618
110.36,8,08:18:43.952694847
110.36,10,08:18:43.952724079
110.36,12,08:18:49.677675263
110.36,1,08:18:49.677817378
110.36,32,08:18:49.677832344
110.36,2,08:18:49.677832344
110.36,1,08:18:49.677832344
110.36,8,08:18:49.678034482
110.36,6,08:18:49.678057778
110.36,1,08:19:08.033533836
110.36,1,08:19:08.033547749
110.36,1,08:19:08.033678360
110.36,9,08:19:08.033697355
110.36,1,08:19:08.033697355
110.36,25,08:19:14.810020383
110.36,25,08:19:34.110697463
110.36,7,08:19:34.111201312
110.36,1,08:19:34.111201312
110.36,6,08:19:34.111201312
110.36,10,08:19:43.496818393
110.36,1,08:19:44.991318687
110.36,1,08:19:44.991692491
110.36,8,08:19:44.991692491
110.36,10,08:19:44.991797121
110.36,1,08:19:44.991999096
110.36,14,08:19:44.993633024
110.36,1,08:19:44.993710150
110.36,9,08:19:46.668263230
110.36,12,08:19:46.668280939
110.36,4,08:19:46.670878802
110.36,25,08:19:50.117593262
110.36,1,08:19:50.117667986
110.36,21,08:19:50.117850604
110.36,1,08:19:50.117959820
110.36,1,08:19:50.118340548
110.36,1,08:19:50.118597797
110.36,1,08:19:50.118967370
110.36,1,08:19:50.119045223
110.36,1,08:19:50.119231636
110.36,1,08:19:50.120147475
110.36,2,08:19:50.121599604
110.36,10,08:19:50.407329290
110.36,11,08:19:50.407347281
110.36,1,08:19:54.925716531
110.36,1,08:19:56.072501379
110.36,11,08:19:56.073927214
110.36,12,08:19:56.074488240
110.36,1,08:19:56.074713290
110.36,3,08:19:56.074985457
110.36,2,08:19:56.101251417
110.36,18,08:19:58.088023148
110.36,1,08:19:58.099043403
110.36,1,08:19:59.253592454
110.36,16,08:20:01.303933646
110.36,3,08:20:01.304254924
110.36,22,08:20:02.706005894
110.36,17,08:20:02.706005894
110.36,1,08:20:02.706140313
110.36,3,08:20:02.706157408
110.36,10,08:20:02.706157408
110.36,5,08:20:02.706157408
110.36,9,08:20:02.706157408
110.36,2,08:20:02.706175514
110.36,6,08:20:02.707028997
110.36,10,08:20:02.869481101
110.36,2,08:20:04.172381029
110.36,2,08:20:04.172546780
110.36,4,08:20:04.172546780
110.36,3,08:20:04.172546780
110.36,4,08:20:04.172850673
110.36,7,08:20:04.172866597
110.36,11,08:20:04.173286744
110.36,15,08:20:04.173300059
110.36,6,08:20:04.173562603
110.36,10,08:20:04.173594567
110.36,1,08:20:04.173658296
110.36,4,08:20:04.173694049
110.36,3,08:20:04.173716264
110.36,6,08:20:05.057266713
110.36,2,08:20:07.001279682
110.37,1,08:20:21.960267180
110.37,8,08:20:21.960267180
110.37,6,08:20:21.960542675
110.37,1,08:20:26.004025751
110.37,1,08:20:26.004200013
110.37,1,08:20:26.004215463
110.37,1,08:20:26.004388179
110.37,1,08:20:26.004422595
110.37,6,08:20:26.004422595
110.37,8,08:20:26.004422595
110.37,9,08:20:26.004422595
110.37,30,08:20:26.004422595
110.37,6,08:20:26.004598508
110.37,27,08:20:26.004876457
110.37,13,08:20:26.006721134
110.36,2,08:20:40.900461563
110.36,25,08:20:40.900585979
110.36,1,08:20:40.900600513
110.36,2,08:20:40.900600513
110.36,1,08:20:40.900815044
110.36,1,08:20:40.900832177
110.36,9,08:20:43.683226175
110.36,1,08:20:43.683326504
110.36,1,08:20:43.683345672
110.36,13,08:20:43.683682940
110.36,36,08:20:44.904089800
110.36,10,08:20:44.904111022
110.36,2,08:20:44.904111022
110.36,1,08:20:44.904111022
110.36,47,08:20:44.904111022
110.37,1,08:20:49.250875358
110.37,5,08:20:49.250941886
110.37,6,08:21:05.740741022
110.37,2,08:21:05.740767982
110.37,5,08:21:05.741059989
110.37,1,08:21:05.741059989
110.38,1,08:21:25.527172626
110.36,10,08:21:48.763777157
110.36,1,08:21:48.763794290
110.36,5,08:21:48.763794290
110.36,2,08:21:48.763794290
110.36,9,08:21:48.763794290
110.36,30,08:21:48.764440511
110.36,1,08:21:48.764454696
110.36,2,08:21:48.764469137
110.36,10,08:21:48.764487544
110.36,8,08:21:48.764487544
110.36,9,08:21:48.764487544
110.36,1,08:21:48.765019864
110.36,15,08:21:55.533609878
110.36,1,08:21:55.533739526
110.36,9,08:21:55.533754393
110.36,1,08:21:55.533754393
110.36,3,08:21:55.533754393
110.36,1,08:21:55.533981461
110.36,25,08:21:55.533999708
110.36,12,08:21:55.533999708
110.36,18,08:22:01.110290906
110.36,1,08:22:01.110368672
110.36,2,08:22:35.578936719
110.36,1,08:22:35.579001505
110.36,25,08:23:09.665505473
110.36,15,08:23:24.181589733
110.36,1,08:23:24.181750818
110.36,9,08:23:24.181750818
110.36,1,08:23:24.181764991
110.36,6,08:23:24.181779922
110.36,1,08:23:24.181779922
110.36,11,08:23:24.181799868
110.36,1,08:23:24.181799868
110.36,37,08:23:24.181799868
110.36,11,08:23:33.631660183
110.37,20,08:23:59.683234532
110.37,23,08:23:59.683488477
110.37,1,08:23:59.683502787
110.37,1,08:23:59.683518138
110.37,1,08:23:59.683533552
110.37,2,08:23:59.726930226
110.36,1,08:25:17.028731019
110.36,1,08:25:17.028811204
110.36,3,08:25:43.786209837
110.36,22,08:25:43.786224995
110.36,13,08:25:43.797027999
110.36,6,08:25:43.797130235
110.36,1,08:25:43.797148892
110.36,5,08:25:43.797148892
110.36,5,08:25:43.807861108
110.36,1,08:25:43.807876512
110.36,1,08:25:43.807979123
110.36,1,08:25:43.807996352
110.36,9,08:25:43.807996352
110.36,7,08:25:43.807996352
110.36,1,08:25:43.818685848
110.36,12,08:25:43.818685848
110.36,9,08:25:43.818762886
110.36,3,08:25:43.819242936
110.36,25,08:25:43.829629837
110.36,2,08:25:46.014278569
110.36,9,08:25:50.001176522
110.36,15,08:25:50.001558351
110.36,19,08:25:50.011991054
110.36,5,08:25:50.011991054
110.36,12,08:25:50.022663712
110.36,11,08:25:50.022749958
110.36,3,08:25:50.022765273
110.36,24,08:25:50.059986916
110.36,1,08:25:50.070618610
110.36,12,08:25:50.070618610
110.36,11,08:25:50.070700704
110.36,1,08:25:50.070962255
110.36,1,08:25:50.071812952
110.36,6,08:25:50.081401130
110.36,10,08:25:50.081637867
110.36,4,08:25:50.081737566
110.36,2,08:25:50.082030404
110.36,1,08:25:50.082137994
110.36,3,08:25:50.082256685
110.36,5,08:25:52.866560819
110.36,3,08:25:52.866646058
110.36,1,08:25:54.286638986
110.36,16,08:25:57.439328076
110.36,9,08:25:57.439407558
110.36,25,08:26:02.234093845
110.36,21,08:26:02.234106310
110.36,4,08:26:02.234202124
110.36,7,08:26:02.234202124
110.36,16,08:26:02.234220051
110.36,12,08:26:02.234220051
110.36,10,08:26:25.309747072
110.36,9,08:26:25.310021065
110.36,9,08:26:25.310035916
110.36,28,08:26:25.310035916
110.36,12,08:26:25.310035916
110.36,14,08:26:25.310151241
110.36,4,08:26:25.310165113
110.36,1,08:26:25.310180399
110.36,30,08:26:25.310180399
110.36,11,08:26:25.310194374
110.36,7,08:26:25.310208591
110.36,7,08:26:25.310509061
110.36,1,08:26:25.310523289
110.36,10,08:26:25.310751393
110.36,1,08:26:25.311143525
110.36,1,08:26:25.311162862
110.36,2,08:26:56.000838716
110.37,1,08:27:06.270841492
110.37,1,08:27:06.270855655
110.37,1,08:27:06.270958416
110.37,1,08:27:06.270977155
110.37,94,08:27:06.270977155
110.37,5,08:27:06.271413267
110.37,1,08:27:06.271722269
110.37,21,08:27:06.271741202
110.37,3,08:27:06.271930338
110.37,1,08:27:06.271949180
110.37,12,08:27:06.282390225
110.37,12,08:27:06.282473118
110.37,10,08:27:06.293202562
110.37,12,08:27:06.293202562
110.37,2,08:27:06.293202562
110.37,26,08:27:06.303985344
110.37,26,08:27:18.930191527
110.37,12,08:27:18.930205341
110.37,1,08:27:18.930278629
110.37,11,08:27:18.941062389
110.37,12,08:27:18.941138729
110.37,3,08:27:18.941138729
110.38,1,08:27:22.024130949
110.38,1,08:27:22.024145528
110.38,1,08:27:22.024207010
110.38,14,08:27:46.400705571
110.38,9,08:27:46.400705571
110.38,1,08:27:46.400729514
110.38,5,08:27:46.400729514
110.38,15,08:27:46.400729514
110.38,26,08:27:46.400729514
110.38,19,08:27:46.400729514
110.38,3,08:27:46.400729514
110.38,7,08:27:46.430639549
110.37,1,08:28:11.645818984
110.37,3,08:28:11.645919176
110.37,5,08:28:11.645919176
110.37,1,08:28:11.646116280
110.37,1,08:28:11.646245672
110.37,2,08:28:20.154484514
110.37,25,08:28:20.154583596
110.37,15,08:28:20.154608251
110.37,10,08:28:20.154704543
110.37,2,08:28:20.165468666
110.37,2,08:28:20.948203452
110.37,1,08:28:20.959143456
110.37,1,08:28:20.959333706
110.37,2,08:28:20.970164636
110.37,2,08:28:20.980946595
110.37,2,08:28:20.991666142
110.37,2,08:28:21.002622979
110.37,2,08:28:21.013448177
110.37,2,08:28:21.710377663
110.37,2,08:28:21.721280004
110.37,1,08:28:21.732190760
110.37,1,08:28:21.732259509
110.37,2,08:28:21.743121232
110.37,2,08:28:21.754023743
110.37,2,08:28:21.764574362
110.37,2,08:28:21.775464447
110.37,2,08:28:21.786253389
110.37,2,08:28:21.796813659
110.37,2,08:28:21.807729309
110.37,2,08:28:21.818972302
110.37,2,08:28:23.944299295
110.37,5,08:28:23.945005295
110.37,2,08:28:23.955329846
110.37,1,08:28:23.966092510
110.37,1,08:28:23.982889413
110.37,2,08:28:23.993574672
110.37,2,08:28:58.754061779
110.37,1,08:28:58.754061779
110.37,2,08:28:58.754139152
110.36,3,08:29:05.421556917
110.36,2,08:29:05.421645518
110.36,8,08:29:05.421645518
110.36,21,08:29:05.421890190
110.36,14,08:29:05.422101604
110.36,1,08:29:05.422123892
110.36,7,08:29:05.422123892
110.36,3,08:29:05.422145825
110.36,1,08:29:05.422145825
110.35,9,08:29:10.155511876
110.35,1,08:29:10.155526048
110.35,4,08:29:10.155608808
110.35,2,08:29:10.155608808
110.35,2,08:29:10.155624248
110.36,9,08:29:16.246576512
110.36,1,08:29:16.246649904
110.36,2,08:29:16.246667495
110.36,1,08:29:21.000641604
110.36,12,08:29:21.000894727
110.36,1,08:29:21.000894727
110.36,4,08:29:21.000894727
110.36,1,08:29:21.000911424
110.37,1,08:29:27.766740833
110.37,12,08:29:27.766833770
110.37,9,08:29:27.766833770
110.37,2,08:29:27.766853249
110.38,1,08:29:27.768178460
110.37,8,08:29:34.089272758
110.37,40,08:29:34.089353584
110.37,2,08:29:34.089353584
110.37,25,08:29:36.052311736
110.37,1,08:29:37.827333774
110.37,1,08:29:44.849484886
110.36,1,08:30:00.539224347
110.36,1,08:30:00.539248338
110.35,1,08:30:00.539557737
110.35,6,08:30:00.539571848
110.34,1,08:30:00.539640328
110.34,2,08:30:00.539654498
110.33,1,08:30:00.539695212
110.25,47,08:30:00.539711260
110.25,3,08:30:00.540240795
110.18,90,08:30:00.545740913
110.21,5,08:30:00.545740913
110.31,1,08:30:00.565075408
110.31,1,08:30:00.566447020
110.31,1,08:30:00.566706043
110.32,1,08:30:00.566719790
110.32,2,08:30:00.566816506
110.31,6,08:30:00.566933278
110.31,1,08:30:00.566933278
110.3,1,08:30:00.567077317
110.3,7,08:30:00.604305399
110.31,1,08:30:00.604383639
110.3,2,08:30:00.606110684
110.3,1,08:30:00.606110684
110.31,1,08:30:00.606209075
110.29,11,08:30:00.618687363
110.27,1,08:30:00.618706061
110.29,1,08:30:00.618706061
110.26,1,08:30:00.619827109
110.26,11,08:30:00.661956273
110.28,2,08:30:00.662398340
110.27,2,08:30:00.662520708
110.29,4,08:30:00.662803629
110.29,2,08:30:00.674076658
110.29,2,08:30:00.674591735
110.27,6,08:30:00.675775101
110.27,1,08:30:00.675775101
110.29,1,08:30:00.675868225
110.28,2,08:30:00.705571048
110.27,14,08:30:00.719599211
110.26,6,08:30:00.719701688
110.26,1,08:30:00.748786594
110.25,1,08:30:00.748890517
110.25,1,08:30:00.946855737
110.24,6,08:30:01.117359843
110.24,2,08:30:01.117436275
110.17,1,08:30:02.433880952
110.16,6,08:30:02.489310886
110.16,1,08:30:02.489310886
110.16,9,08:30:02.489501407
110.13,2,08:30:03.094782068
110.14,1,08:30:04.751714002
110.15,11,08:30:05.400824317
110.16,10,08:30:05.401013159
110.16,1,08:30:05.401013159
110.17,2,08:30:05.401338618
110.16,3,08:30:05.863955908
110.16,1,08:30:06.148274112
110.16,1,08:30:06.149309756
110.16,3,08:30:06.149664562
110.15,4,08:30:06.787891013
110.15,1,08:30:06.831217074
110.16,1,08:30:06.855339188
110.16,4,08:30:06.855430419
110.16,1,08:30:06.855448422
110.16,5,08:30:07.002733776
110.16,1,08:30:07.002752559
110.17,2,08:30:07.522837006
110.17,1,08:30:07.522963244
110.17,1,08:30:07.522989858
110.17,2,08:30:07.522989858
110.16,5,08:30:07.954162963
110.15,1,08:30:08.313014114
110.16,1,08:30:09.200295061
110.17,1,08:30:09.817082275
110.18,3,08:30:09.818042071
110.18,2,08:30:09.818042071
110.18,1,08:30:09.818042071
110.18,5,08:30:09.818062810
110.16,1,08:30:11.046054821
110.16,3,08:30:11.046054821
110.15,1,08:30:11.046311752
110.15,3,08:30:11.046326065
110.15,19,08:30:11.047192292
110.15,60,08:30:11.047284454
110.15,7,08:30:11.047827303
110.15,21,08:30:11.047846301
110.15,10,08:30:11.047954817
110.15,7,08:30:11.047972065
110.15,1,08:30:11.096271869
110.16,2,08:30:11.517642300
110.15,3,08:30:12.138205733
110.15,11,08:30:12.138205733
110.15,8,08:30:12.138531383
110.14,2,08:30:13.398206902
110.15,1,08:30:13.426541963
110.15,3,08:30:13.426541963
110.15,11,08:30:13.426541963
110.15,3,08:30:13.426634702
110.15,3,08:30:13.441938149
110.15,11,08:30:13.441938149
110.15,3,08:30:13.442012747
110.15,16,08:30:13.595999089
110.16,8,08:30:13.648141826
110.16,1,08:30:13.648154965
110.16,5,08:30:13.648251224
110.16,1,08:30:13.648269438
110.16,2,08:30:13.648269438
110.16,1,08:30:13.648875120
110.16,9,08:30:13.678156856
110.16,3,08:30:13.678244556
110.17,1,08:30:15.038391922
110.17,12,08:30:15.038391922
110.17,5,08:30:15.038469535
110.18,14,08:30:15.877660987
110.18,3,08:30:15.877763799
110.18,2,08:30:15.877780407
110.18,1,08:30:15.877780407
110.19,1,08:30:15.931718861
110.19,6,08:30:15.931816551
110.19,4,08:30:15.931831307
110.19,2,08:30:15.931831307
110.18,21,08:30:18.617369626
110.18,1,08:30:18.617369626
110.18,4,08:30:18.618433850
110.17,2,08:30:19.711811369
110.17,1,08:30:19.711914655
110.17,4,08:30:19.711939542
110.17,22,08:30:20.449123442
110.17,1,08:30:20.449309879
110.16,9,08:30:20.449324417
110.16,1,08:30:20.449324417
110.16,1,08:30:20.449338990
110.16,3,08:30:20.449338990
110.16,9,08:30:20.449356069
110.16,3,08:30:20.449356069
110.16,7,08:30:20.449371966
110.16,22,08:30:20.449371966
110.16,1,08:30:20.449371966
110.16,15,08:30:20.449385371
110.15,1,08:30:20.449767789
110.15,14,08:30:20.449789530
110.15,6,08:30:20.449804276
110.15,9,08:30:20.449817815
110.17,6,08:30:21.075564148
110.16,2,08:30:22.487656274
110.16,1,08:30:23.237257223
110.16,1,08:30:23.249577026
110.16,1,08:30:23.262051702
110.16,1,08:30:23.278421511
110.16,1,08:30:23.290396200
110.16,1,08:30:23.301185191
110.16,1,08:30:23.313439765
110.16,1,08:30:23.325621532
110.16,1,08:30:23.337839850
110.16,1,08:30:23.349967217
110.16,1,08:30:23.361938287
110.16,1,08:30:23.916280260
110.16,1,08:30:23.965399283
110.16,1,08:30:23.975947094
110.16,1,08:30:23.986588692
110.16,1,08:30:23.997316560
110.16,1,08:30:24.004079956
110.16,1,08:30:24.007922728
110.16,1,08:30:24.018587530
110.16,1,08:30:24.029665996
110.16,1,08:30:24.040753568
110.16,1,08:30:24.053760493
110.16,1,08:30:24.064355023
110.16,1,08:30:24.074933435
110.16,1,08:30:24.085922477
110.16,1,08:30:24.096755333
110.16,1,08:30:24.107504691
110.16,3,08:30:24.107706202
110.16,4,08:30:24.107794794
110.16,1,08:30:25.013699275
110.16,8,08:30:25.014156823
110.16,1,08:30:25.502200088
110.16,1,08:30:25.512844720
110.16,1,08:30:25.523636155
110.16,1,08:30:25.534286687
110.16,1,08:30:25.545018057
110.16,1,08:30:25.555882842
110.16,1,08:30:25.566536537
110.16,1,08:30:25.589258745
110.16,1,08:30:25.599997217
110.16,1,08:30:25.610540571
110.16,1,08:30:25.621314216
110.16,1,08:30:25.631954195
110.16,1,08:30:25.642669461
110.16,1,08:30:25.653381639
110.16,1,08:30:25.664179791
110.16,1,08:30:25.674739016
110.16,1,08:30:25.685408208
110.16,1,08:30:25.695876802
110.16,1,08:30:25.706489140
110.16,1,08:30:25.717071529
110.16,1,08:30:26.347739864
110.16,1,08:30:26.358460758
110.16,1,08:30:26.369093567
110.16,1,08:30:26.379644951
110.16,1,08:30:26.390232963
110.16,1,08:30:26.401031308
110.16,1,08:30:26.411419348
110.16,1,08:30:26.422021132
110.16,1,08:30:26.433065989
110.16,1,08:30:26.443792036
110.16,1,08:30:26.454467218
110.16,1,08:30:26.465031198
110.16,1,08:30:26.475636874
110.16,1,08:30:26.486275692
110.16,1,08:30:26.496889972
110.16,1,08:30:26.507507838
110.16,1,08:30:26.518108925
110.16,1,08:30:26.528678534
110.16,1,08:30:26.540471637
110.16,1,08:30:26.551116291
110.16,1,08:30:26.561765442
110.16,1,08:30:26.572356443
110.16,1,08:30:26.582959945
110.16,1,08:30:26.593535237
110.16,1,08:30:26.614219602
110.16,1,08:30:26.624939918
110.16,1,08:30:26.637772978
110.16,1,08:30:26.667224070
110.16,1,08:30:26.677831691
110.16,1,08:30:26.688494487
110.16,1,08:30:26.699159295
110.16,1,08:30:26.709768913
110.16,2,08:30:26.709952734
110.16,28,08:30:26.710045009
110.16,14,08:30:26.710238292
110.16,1,08:30:26.710238292
110.16,6,08:30:26.710238292
110.16,1,08:30:26.834085370
110.16,1,08:30:26.849366479
110.16,1,08:30:29.859921575
110.16,1,08:30:29.920709411
110.16,1,08:30:29.931452299
110.16,1,08:30:29.942117223
110.16,1,08:30:29.952682559
110.16,1,08:30:29.963342395
110.16,1,08:30:29.973945683
110.16,1,08:30:29.984561951
110.16,1,08:30:29.995195588
110.16,1,08:30:30.005822723
110.16,1,08:30:30.016462139
110.16,1,08:30:30.027078055
110.16,1,08:30:30.037699292
110.16,1,08:30:30.048316859
110.16,1,08:30:30.058931136
110.16,1,08:30:30.069505644
110.16,1,08:30:30.080103147
110.16,1,08:30:30.090719200
110.16,1,08:30:30.101307960
110.16,1,08:30:30.111936163
110.17,11,08:30:30.496139772
110.17,1,08:30:33.998239936
110.17,1,08:30:35.628791300
110.17,1,08:30:35.628899632
110.17,6,08:30:35.628899632
110.17,1,08:30:35.628917018
110.17,10,08:30:35.739792282
110.17,4,08:30:35.780711727
110.17,4,08:30:36.059209097
110.16,1,08:30:36.656626283
110.16,3,08:30:36.657025979
110.16,3,08:30:36.657039883
110.16,11,08:30:36.657039883
110.16,8,08:30:36.657055157
110.16,2,08:30:37.077238469
110.16,6,08:30:37.713167261
110.15,1,08:30:37.866788175
110.15,11,08:30:37.866904040
110.15,4,08:30:37.867207260
110.15,1,08:30:37.867223935
110.15,2,08:30:37.867919960
110.15,1,08:30:37.869095756
110.15,2,08:30:37.869112206
110.15,1,08:30:37.869112206
110.15,2,08:30:37.870074358
110.15,1,08:30:37.870464687
110.15,1,08:30:37.870482201
110.15,2,08:30:37.870482201
110.14,1,08:30:38.907383076
110.14,1,08:30:38.907397466
110.14,1,08:30:38.907534567
110.14,1,08:30:39.462749576
110.14,1,08:30:39.462851000
110.15,2,08:30:41.365056940
110.15,1,08:30:41.365242177
110.15,1,08:30:41.365340032
110.16,2,08:30:41.905284217
110.16,4,08:30:41.905669190
110.14,3,08:30:42.880386999
110.13,3,08:30:43.153151971
110.13,3,08:30:43.185062232
110.12,2,08:30:43.185062232
110.12,13,08:30:43.185297308
110.12,6,08:30:43.185311474
110.12,3,08:30:43.185325624
110.12,1,08:30:43.185339993
110.12,3,08:30:43.185339993
110.12,1,08:30:43.185356223
110.12,3,08:30:43.185659378
110.12,3,08:30:43.185995607
110.12,16,08:30:43.186194654
110.12,1,08:30:43.186424782
110.12,30,08:30:43.186471723
110.12,1,08:30:44.904715863
110.12,1,08:30:44.915355740
110.12,1,08:30:44.925940228
110.12,1,08:30:44.936488352
110.12,1,08:30:44.947098301
110.12,1,08:30:44.957619597
110.12,1,08:30:44.968160281
110.12,1,08:30:44.978754891
110.12,1,08:30:44.989284717
110.12,1,08:30:44.999836235
110.12,1,08:30:45.010366637
110.12,1,08:30:45.020957811
110.12,1,08:30:45.031491796
110.12,1,08:30:45.042033094
110.12,1,08:30:45.052647876
110.12,1,08:30:45.063175838
110.12,1,08:30:45.073671904
110.12,1,08:30:45.084195112
110.12,1,08:30:45.094777159
110.12,1,08:30:45.105377804
110.12,1,08:30:45.115979419
110.12,1,08:30:45.126556774
110.12,1,08:30:45.137188721
110.12,1,08:30:45.147769476
110.12,1,08:30:45.158368383
110.12,1,08:30:45.168946792
110.12,1,08:30:45.179514013
110.12,1,08:30:45.190139717
110.12,1,08:30:45.200681245
110.12,1,08:30:45.211306933
110.12,1,08:30:45.221974395
110.12,1,08:30:45.232587584
110.12,1,08:30:45.243157820
110.12,1,08:30:45.253791873
110.12,1,08:30:45.264478699
110.12,1,08:30:45.275055294
110.12,1,08:30:45.285614003
110.12,1,08:30:45.296213183
110.12,1,08:30:45.306783367
110.12,1,08:30:45.317927974
110.12,1,08:30:45.329225105
110.12,1,08:30:45.339745875
110.12,1,08:30:45.350329598
110.12,1,08:30:45.360970999
110.12,1,08:30:45.371517493
110.12,1,08:30:45.382137284
110.12,1,08:30:45.392723240
110.12,1,08:30:45.403274798
110.12,1,08:30:45.413884051
110.12,1,08:30:45.424514233
110.12,1,08:30:45.435104878
110.12,1,08:30:45.445648153
110.12,1,08:30:45.456229218
110.12,1,08:30:45.466845030
110.12,1,08:30:45.477466322
110.12,1,08:30:45.488097352
110.12,1,08:30:45.498661130
110.12,1,08:30:45.509205999
110.12,1,08:30:45.519867518
110.12,1,08:30:45.530433525
110.12,1,08:30:45.540961697
110.12,1,08:30:45.551563437
110.12,1,08:30:45.562099055
110.12,1,08:30:45.572667489
110.12,1,08:30:45.583270659
110.12,5,08:30:45.583459024
110.12,1,08:30:46.197200025
110.12,11,08:30:46.197217229
110.12,2,08:30:46.197217229
110.12,1,08:30:46.197217229
110.12,1,08:30:46.197232690
110.12,4,08:30:46.197232690
110.12,1,08:30:46.197949394
110.12,21,08:30:46.197967580
110.12,1,08:30:47.685390948
110.12,1,08:30:47.685407425
110.12,1,08:30:47.696015625
110.12,1,08:30:47.706654162
110.12,1,08:30:47.717257815
110.12,1,08:30:47.727876185
110.12,1,08:30:47.738473070
110.12,1,08:30:47.749148199
110.12,1,08:30:47.760545461
110.12,1,08:30:48.023280133
110.12,1,08:30:48.033832382
110.12,1,08:30:48.048934547
110.12,1,08:30:48.059397657
110.12,1,08:30:48.069894657
110.12,1,08:30:48.097658071
110.12,1,08:30:48.108192480
110.12,1,08:30:48.118742523
110.12,1,08:30:48.129331085
110.12,1,08:30:48.140001785
110.12,1,08:30:48.150435131
110.12,1,08:30:48.161005332
110.12,1,08:30:48.171540249
110.12,11,08:30:48.180184447
110.12,1,08:30:48.181141717
110.12,1,08:30:50.692476868
110.11,2,08:30:52.480948913
110.11,11,08:30:52.480963591
110.11,10,08:30:52.481102692
110.11,1,08:30:52.505120362
110.11,2,08:30:52.505223545
110.11,2,08:30:52.505245628
110.11,1,08:30:52.505245628
110.11,4,08:30:52.505460777
110.11,1,08:30:52.505578299
110.11,8,08:30:52.505578299
110.11,1,08:30:53.715470688
110.1,3,08:30:54.623350056
110.1,1,08:30:54.668897291
110.1,2,08:30:54.674149403
110.08,2,08:30:59.298880823
110.08,1,08:31:00.608760189
110.09,1,08:31:02.397312859
110.09,1,08:31:02.397326459
110.09,11,08:31:02.397341886
110.09,3,08:31:02.397341886
110.09,1,08:31:02.397341886
110.09,3,08:31:02.397355937
110.09,1,08:31:02.397371041
110.09,1,08:31:02.397388135
110.09,3,08:31:02.397388135
110.09,1,08:31:02.397404123
110.09,1,08:31:02.397813867
110.09,1,08:31:02.398489088
110.09,7,08:31:02.398504800
110.09,1,08:31:02.398504800
110.09,1,08:31:02.398539226
110.09,1,08:31:02.398710967
110.09,2,08:31:02.403123540
110.09,1,08:31:02.403274056
110.09,1,08:31:02.403681914
110.09,1,08:31:02.403697715
110.09,1,08:31:02.403948115
110.09,2,08:31:02.404191727
110.08,1,08:31:11.115594959
110.09,1,08:31:13.643479869
110.09,5,08:31:13.643479869
110.09,1,08:31:13.643734445
110.09,3,08:31:14.031113451
110.09,3,08:31:14.097265004
110.09,1,08:31:14.097280530
110.09,3,08:31:14.140314384
110.09,1,08:31:14.140398208
110.09,1,08:31:14.140516236
110.09,2,08:31:14.140692870
110.09,1,08:31:14.140901263
110.09,1,08:31:16.799472946
110.09,3,08:31:16.799597030
110.09,2,08:31:16.799597030
110.09,1,08:31:18.572845845
110.09,7,08:31:18.572845845
110.09,5,08:31:20.046856825
110.09,1,08:31:20.737642311
110.1,1,08:31:26.916245905
110.1,1,08:31:27.286517085
110.1,1,08:31:27.286775725
110.1,1,08:31:27.286798160
110.09,1,08:31:35.323899329
110.09,5,08:31:35.323914973
110.09,4,08:31:35.323936702
110.09,3,08:31:35.323951883
110.09,1,08:31:35.323951883
110.09,1,08:31:36.049761194
110.08,3,08:31:36.200351484
110.08,1,08:31:36.200530984
110.08,1,08:31:36.200552498
110.08,9,08:31:36.200552498
110.08,17,08:31:36.200552498
110.08,4,08:31:36.200573807
110.08,7,08:31:36.200573807
110.08,1,08:31:36.200573807
110.08,3,08:31:36.200573807
110.08,56,08:31:36.252041824
110.08,27,08:31:36.262921147
110.08,29,08:31:36.263241284
110.08,1,08:31:36.273843869
110.08,4,08:31:36.274011589
110.08,3,08:31:36.274034406
110.08,10,08:31:36.274034406
110.08,1,08:31:37.279470485
110.08,1,08:31:37.279759236
110.08,44,08:31:37.279897987
110.08,1,08:31:37.279897987
110.09,2,08:31:37.281506383
110.09,1,08:31:37.281524123
110.09,2,08:31:37.281524123
110.09,1,08:31:37.281542975
110.09,3,08:31:37.282282232
110.09,3,08:31:37.282299701
110.08,20,08:31:37.290411606
110.08,12,08:31:37.290411606
110.08,8,08:31:37.301216200
110.08,6,08:31:37.301425521
110.08,4,08:31:37.301440068
110.08,10,08:31:37.301454915
110.08,1,08:31:37.301454915
110.08,5,08:31:37.301471271
110.08,3,08:31:37.301471271
110.08,2,08:31:37.301471271
110.08,6,08:31:37.312352901
110.08,1,08:31:37.312429805
110.07,2,08:31:37.981596287
110.07,1,08:31:39.885823459
110.07,1,08:31:44.337288801
110.07,1,08:31:44.337578815
110.07,1,08:31:44.337850974
110.07,1,08:31:44.338061365
110.07,1,08:31:47.339329238
110.06,4,08:31:56.768660465
110.06,2,08:31:56.768660465
110.06,10,08:31:56.768660465
110.06,1,08:31:56.768686709
110.06,5,08:31:56.768686709
110.06,8,08:31:56.768686709
110.06,1,08:31:57.404006122
110.06,1,08:31:57.404022064
110.06,1,08:31:57.867521967
110.06,1,08:31:59.949683749
110.05,1,08:32:04.527563413
110.06,12,08:32:06.635561361
110.07,1,08:32:07.459775441
110.07,1,08:32:07.459790187
110.07,3,08:32:07.459790187
110.07,1,08:32:07.459804011
110.07,1,08:32:07.459818103
110.07,1,08:32:07.459831854
110.07,1,08:32:07.459845579
110.07,1,08:32:07.459859758
110.07,1,08:32:07.459886031
110.07,12,08:32:07.460069528
110.07,1,08:32:13.867473714
110.07,1,08:32:13.867508339
110.07,2,08:32:13.867508339
110.08,5,08:32:13.868071042
110.08,24,08:32:13.868382079
110.08,18,08:32:13.868586434
110.08,1,08:32:13.868600076
110.08,1,08:32:13.868614623
110.08,1,08:32:13.868627432
110.08,1,08:32:13.868641106
110.08,1,08:32:13.868655698
110.08,1,08:32:13.868669573
110.08,1,08:32:13.868684475
110.08,1,08:32:13.868858376
110.08,8,08:32:13.868874439
110.08,3,08:32:13.868899818
110.08,6,08:32:13.868913447
110.08,1,08:32:13.868928063
110.08,1,08:32:13.868942386
110.08,1,08:32:13.868962053
110.08,1,08:32:13.868977624
110.08,1,08:32:13.868995029
110.08,1,08:32:13.869011413
110.08,3,08:32:13.869033513
110.08,9,08:32:13.869074930
110.08,3,08:32:13.869093625
110.08,1,08:32:13.870492017
110.08,1,08:32:13.870506698
110.08,1,08:32:13.870538455
110.08,2,08:32:13.870695095
110.08,1,08:32:13.870984301
110.08,12,08:32:13.879443885
110.08,3,08:32:13.879443885
110.08,1,08:32:13.879972291
110.08,2,08:32:13.879972291
110.08,3,08:32:13.879972291
110.08,1,08:32:13.952403837
110.08,2,08:32:13.952554666
110.08,8,08:32:13.952647142
110.08,11,08:32:13.952780963
110.08,1,08:32:13.952780963
110.08,1,08:32:15.313543491
110.08,1,08:32:15.314414367
110.08,12,08:32:15.315057683
110.08,2,08:32:16.636669322
110.08,7,08:32:16.636750208
110.08,1,08:32:19.116595462
110.08,9,08:32:19.116616019
110.08,1,08:32:19.117543781
110.08,1,08:32:19.117558731
110.09,16,08:32:26.243894527
110.09,1,08:32:26.243908469
110.09,1,08:32:26.243994073
110.09,5,08:32:26.244010665
110.09,1,08:32:26.244010665
110.09,2,08:32:26.244010665
110.09,7,08:32:26.244750724
110.09,1,08:32:26.244859210
110.09,1,08:32:26.244884363
110.09,2,08:32:26.244884363
110.09,1,08:32:26.245149362
110.09,10,08:32:26.245149362
110.09,1,08:32:26.245296830
110.08,2,08:32:36.423699545
110.08,1,08:32:39.612150258
110.08,140,08:32:48.724427771
110.08,1,08:32:48.724681242
110.08,10,08:32:48.724681242
110.08,1,08:32:52.016872577
110.08,2,08:32:52.016872577
110.08,4,08:32:52.016872577
110.08,10,08:32:52.016872577
110.08,1,08:32:52.017631291
110.08,5,08:32:52.017990814
110.08,4,08:32:53.055126467
110.08,1,08:32:53.055205529
110.07,2,08:32:56.912316468
110.07,1,08:32:56.912502598
110.07,1,08:32:56.912519959
110.07,6,08:32:56.912519959
110.07,1,08:32:56.912534576
110.07,1,08:32:56.912912339
110.07,1,08:32:56.913232444
110.07,23,08:32:56.913514536
110.07,10,08:32:56.913514536
110.07,1,08:32:56.914040863
110.07,2,08:32:56.924046388
110.07,2,08:32:56.924166848
110.07,1,08:32:56.924166848
110.07,50,08:33:02.137845450
110.07,1,08:33:02.137968138
110.07,4,08:33:02.137991831
110.07,1,08:33:02.137991831
110.07,2,08:33:02.137991831
110.07,16,08:33:02.138579347
110.07,24,08:33:02.148718745
110.07,6,08:33:02.148814414
110.07,1,08:33:02.148837470
110.07,24,08:33:02.148837470
110.07,3,08:33:02.148837470
110.07,1,08:33:02.159699392
110.07,9,08:33:02.159804477
110.07,1,08:33:02.159804477
110.07,1,08:33:02.159829360
110.06,12,08:33:07.501228933
110.06,3,08:33:07.501517616
110.06,2,08:33:07.501675364
110.06,15,08:33:07.501675364
110.06,8,08:33:07.501675364
110.06,6,08:33:07.501695256
110.06,1,08:33:07.501695256
110.06,3,08:33:07.501695256
110.06,4,08:33:07.507992483
110.06,1,08:33:07.508428316
110.07,15,08:33:08.763843654
110.07,2,08:33:17.618409488
110.07,2,08:33:17.618430230
110.07,4,08:33:17.618446970
110.07,2,08:33:17.618606928
110.07,4,08:33:17.618648483
110.07,14,08:33:17.619364143
110.07,1,08:33:17.619383756
110.07,8,08:33:17.630033415
110.07,1,08:33:17.630164282
110.07,1,08:33:17.630191777
110.07,12,08:33:17.630191777
110.07,3,08:33:17.630191777
110.07,7,08:33:17.630191777
110.07,18,08:33:17.630640004
110.07,1,08:33:17.631541961
110.07,9,08:33:17.631541961
110.07,4,08:33:17.632106335
110.07,19,08:33:17.696118491
110.06,5,08:33:19.232906636
110.06,3,08:33:19.232906636
110.06,18,08:33:20.413144182
110.06,8,08:33:20.413218009
110.06,1,08:33:20.413739026
110.06,1,08:33:23.413747619
110.06,1,08:33:23.413839312
110.06,12,08:33:23.413857257
110.06,2,08:33:23.413857257
110.06,9,08:33:23.413857257
110.05,5,08:33:27.275203162
110.05,1,08:33:27.275203162
110.06,1,08:33:31.429777577
110.06,1,08:33:31.429951599
110.06,3,08:33:31.429965679
110.06,9,08:33:31.429981739
110.06,1,08:33:31.429981739
110.06,2,08:33:31.429996143
110.06,1,08:33:31.429996143
110.06,1,08:33:31.430016785
110.06,2,08:33:31.430016785
110.06,3,08:33:31.430016785
110.06,1,08:33:31.476305047
110.06,3,08:33:36.698176606
110.06,11,08:33:36.698206270
110.06,3,08:33:36.698275329
110.06,46,08:33:36.699783997
110.06,9,08:33:36.699834726
110.06,4,08:33:36.699857338
110.06,1,08:33:36.700102451
110.06,1,08:33:36.707079950
110.06,9,08:33:36.707097137
110.06,3,08:33:51.748272568
110.06,4,08:33:51.748272568
110.06,1,08:33:51.748272568
110.06,2,08:33:52.939966684
110.06,1,08:33:52.939981667
110.06,1,08:34:01.630097164
110.06,1,08:34:01.630112281
110.06,1,08:34:01.630126649
110.06,1,08:34:01.630141183
110.06,2,08:34:01.630154835
110.06,1,08:34:01.630170294
110.06,5,08:34:01.630184627
110.06,2,08:34:01.630201375
110.07,1,08:34:03.621136363
110.07,4,08:34:03.621257016
110.07,12,08:34:03.621560616
110.07,4,08:34:03.621863818
110.07,1,08:34:03.621878071
110.07,1,08:34:03.621893421
110.07,1,08:34:03.621912625
110.07,2,08:34:03.622027828
110.07,7,08:34:03.622386656
110.07,2,08:34:03.622576803
110.07,1,08:34:03.622595143
110.07,2,08:34:03.622755200
110.07,2,08:34:03.623016339
110.07,1,08:34:03.623047975
110.06,2,08:34:07.999805736
110.06,2,08:34:08.000107739
110.06,3,08:34:08.000407539
110.06,1,08:34:09.863663179
110.05,3,08:34:14.319387309
110.05,1,08:34:14.322369645
110.06,9,08:34:20.999979216
110.06,1,08:34:21.000080096
110.06,1,08:34:21.000096502
110.06,2,08:34:28.014939018
110.06,1,08:34:28.014953731
110.06,15,08:34:28.014953731
110.06,9,08:34:28.014974364
110.06,7,08:34:28.014974364
110.06,1,08:34:31.994784808
110.07,3,08:34:33.723087115
110.07,3,08:34:33.723305774
110.07,21,08:34:33.723453054
110.07,11,08:34:33.723453054
110.07,1,08:34:33.723453054
110.07,2,08:34:33.723781322
110.07,9,08:34:33.723799180
110.07,20,08:34:33.723799180
110.07,1,08:34:33.745205170
110.07,1,08:34:33.745309470
110.07,4,08:34:33.747654768
110.07,4,08:34:33.830915307
110.06,4,08:34:40.316486483
110.06,40,08:34:40.316707322
110.06,2,08:34:40.317064310
110.06,2,08:34:40.317285228
110.06,14,08:34:40.317285228
110.07,1,08:34:53.117164748
110.07,4,08:34:53.117164748
110.08,1,08:34:58.467405580
110.08,2,08:35:00.744961401
110.08,1,08:35:00.744980459
110.08,2,08:35:00.744980459
110.08,3,08:35:00.744980459
110.08,6,08:35:00.744980459
110.08,1,08:35:00.745604965
110.08,1,08:35:00.745783330
110.08,3,08:35:01.230878706
110.08,3,08:35:01.230968318
110.08,1,08:35:01.230984069
110.08,6,08:35:01.230984069
110.08,1,08:35:04.551578346
110.08,2,08:35:06.409728615
110.08,1,08:35:06.410298557
110.08,2,08:35:06.410298557
110.09,3,08:35:15.241791411
110.09,1,08:35:15.241805906
110.09,1,08:35:15.242458687
110.09,1,08:35:15.242473465
110.09,4,08:35:15.242473465
110.09,6,08:35:15.242493999
110.09,3,08:35:15.364204128
110.1,2,08:35:16.152530601
110.1,1,08:35:16.152530601
110.1,1,08:35:16.152699158
110.1,1,08:35:16.152713667
110.1,2,08:35:16.152713667
110.1,1,08:35:16.152727705
110.1,12,08:35:16.152727705
110.1,5,08:35:16.152743814
110.1,2,08:35:16.152743814
110.1,4,08:35:16.152743814
110.1,10,08:35:16.152743814
110.1,1,08:35:16.152881977
110.1,1,08:35:16.152897020
110.1,4,08:35:16.152897020
110.1,1,08:35:16.152911241
110.1,1,08:35:16.152925654
110.1,6,08:35:16.152925654
110.1,6,08:35:16.152939401
110.1,7,08:35:16.152953993
110.1,2,08:35:16.152971449
110.1,5,08:35:16.152971449
110.1,1,08:35:16.152986220
110.1,1,08:35:16.153552120
110.09,6,08:35:17.341339587
110.1,6,08:35:28.204345720
110.11,3,08:35:29.393890607
110.11,1,08:35:29.393890607
110.11,4,08:35:29.393904285
110.11,13,08:35:29.393904285
110.11,3,08:35:29.393922064
110.11,4,08:35:29.393922064
110.11,1,08:35:29.393922064
110.11,12,08:35:29.393922064
110.11,2,08:35:29.393936850
110.11,1,08:35:29.393936850
110.11,6,08:35:29.393936850
110.11,5,08:35:29.394086760
110.11,12,08:35:29.394753551
110.11,3,08:35:29.394998552
110.11,2,08:35:29.395056668
110.11,3,08:35:29.395250437
110.11,5,08:35:34.991077120
110.11,5,08:35:35.413654757
110.11,1,08:35:35.413755394
110.11,1,08:35:35.413780578
110.11,1,08:35:35.415010715
110.11,6,08:35:35.415010715
110.11,3,08:35:35.415010715
110.11,1,08:35:35.416196244
110.11,4,08:35:35.416457949
110.11,1,08:35:35.416473511
110.11,1,08:35:35.416491857
110.11,1,08:35:35.416587004
110.11,2,08:35:35.416619472
110.11,5,08:35:35.416634995
110.11,3,08:35:35.648906434
110.11,3,08:35:35.649080261
110.11,1,08:35:35.649986817
110.11,3,08:35:35.650047908
110.12,1,08:35:41.139368007
110.12,1,08:35:41.139479481
110.12,1,08:35:41.139494720
110.12,3,08:35:41.139494720
110.11,6,08:35:42.897159069
110.11,2,08:35:42.897313964
110.11,6,08:35:42.897338265
110.11,1,08:35:42.897338265
110.11,6,08:35:42.897366975
110.11,8,08:35:42.897366975
110.11,1,08:35:42.897366975
110.11,12,08:35:42.897366975
110.11,1,08:35:42.898170166
110.11,21,08:35:45.012061659
110.11,1,08:35:45.012145156
110.12,1,08:35:51.157127992
110.12,2,08:35:51.157249640
110.12,2,08:35:51.157286674
110.12,1,08:35:59.867735290
110.12,8,08:35:59.867751629
110.12,1,08:35:59.868405552
110.12,6,08:35:59.868405552
110.12,3,08:36:01.587126246
110.12,1,08:36:01.587126246
110.12,6,08:36:01.587451601
110.12,1,08:36:01.587467063
110.12,5,08:36:01.587467063
110.12,6,08:36:03.871686399
110.12,1,08:36:03.871981122
110.11,3,08:36:07.232023717
110.12,2,08:36:08.502803333
110.12,1,08:36:08.507387449
110.12,1,08:36:08.526875724
110.12,2,08:36:08.526971496
110.12,1,08:36:08.526989884
110.12,2,08:36:08.526989884
110.13,1,08:36:10.305750218
110.13,1,08:36:10.811682653
110.13,2,08:36:11.905810723
110.14,1,08:36:16.091357013
110.14,4,08:36:16.091505259
110.14,1,08:36:16.091505259
110.14,4,08:36:16.091528357
110.14,14,08:36:16.091528357
110.14,2,08:36:16.091528357
110.14,12,08:36:16.091528357
110.14,1,08:36:16.091544248
110.14,5,08:36:16.091544248
110.14,3,08:36:16.091544248
110.14,6,08:36:16.093867327
110.14,1,08:36:16.093867327
110.14,2,08:36:16.528689887
110.14,9,08:36:16.529502393
110.15,14,08:36:17.009151220
110.15,2,08:36:17.009165239
110.15,1,08:36:17.009300890
110.15,4,08:36:17.009321435
110.15,1,08:36:17.009321435
110.15,2,08:36:17.009321435
110.15,12,08:36:17.009321435
110.15,1,08:36:17.009335117
110.15,7,08:36:17.009335117
110.15,2,08:36:17.009335117
110.15,6,08:36:17.534051719
110.15,10,08:36:17.534144534
110.15,25,08:36:17.534160263
110.15,9,08:36:17.534160263
110.15,1,08:36:17.564126341
110.15,1,08:36:17.761161072
110.16,34,08:36:18.109680747
110.16,1,08:36:18.109694693
110.16,14,08:36:18.109754187
110.16,1,08:36:18.781766249
110.16,1,08:36:18.781916902
110.16,1,08:36:18.781930380
110.16,2,08:36:18.781947330
110.16,5,08:36:18.781947330
110.16,1,08:36:18.781947330
110.16,12,08:36:18.781947330
110.16,5,08:36:18.781964927
110.16,1,08:36:18.781964927
110.16,6,08:36:18.781964927
110.16,10,08:36:18.781964927
110.16,3,08:36:18.781964927
110.16,24,08:36:19.101423835
110.16,5,08:36:19.101423835
110.16,11,08:36:19.101503028
110.16,10,08:36:19.101522375
110.16,4,08:36:27.299189690
110.16,2,08:36:27.299218067
110.16,13,08:36:27.299218067
110.16,11,08:36:27.299218067
110.16,4,08:36:29.219783677
110.16,1,08:36:29.368685529
110.16,1,08:36:29.368766719
110.16,1,08:36:29.368782003
110.16,1,08:36:29.369002654
110.16,3,08:36:34.276101991
110.16,12,08:36:34.276101991
110.16,10,08:36:35.048402587
110.16,6,08:36:35.048774797
110.16,69,08:36:35.189970346
110.16,1,08:36:35.190292166
110.15,99,08:36:35.190305750
110.15,1,08:36:35.190320649
110.15,6,08:36:35.190320649
110.15,2,08:36:35.190335654
110.15,6,08:36:35.190335654
110.15,1,08:36:35.190350022
110.15,1,08:36:35.190364943
110.15,12,08:36:35.190364943
110.15,21,08:36:35.190364943
110.15,10,08:36:35.190379202
110.15,1,08:36:35.190392847
110.15,12,08:36:35.190406850
110.14,1,08:36:35.190731045
110.15,3,08:36:35.191694523
110.16,2,08:36:42.752667456
110.16,9,08:36:42.770719591
110.16,6,08:36:42.770719591
110.16,6,08:36:42.770976628
110.16,3,08:36:42.771275626
110.16,1,08:36:42.771376730
110.16,1,08:36:50.949591788
110.16,1,08:36:50.949608876
110.16,5,08:36:51.396116393
110.16,10,08:36:57.128944423
110.16,2,08:36:57.731446190
110.16,6,08:36:57.731472757
110.16,2,08:36:57.731472757
110.15,3,08:37:02.258336445
110.15,1,08:37:02.258350486
110.15,9,08:37:02.258524719
110.15,1,08:37:02.258543574
110.15,2,08:37:02.258543574
110.15,3,08:37:02.258543574
110.15,6,08:37:02.258569362
110.15,1,08:37:02.258569362
110.15,4,08:37:02.258569362
110.15,24,08:37:02.258569362
110.15,11,08:37:02.258569362
110.15,3,08:37:02.259620385
110.15,6,08:37:02.259641944
110.15,1,08:37:02.259659266
110.15,1,08:37:02.259674728
110.15,6,08:37:02.259693794
110.15,2,08:37:02.259709401
110.15,6,08:37:02.259722882
110.15,1,08:37:02.259946861
110.15,4,08:37:02.259962173
110.15,1,08:37:02.260009272
110.15,6,08:37:02.260152530
110.15,1,08:37:02.260167986
110.15,3,08:37:02.260219474
110.15,1,08:37:02.260960132
110.14,16,08:37:04.846318039
110.14,5,08:37:04.846873421
110.14,13,08:37:06.190375196
110.14,4,08:37:06.190803899
110.12,2,08:37:12.225822953
110.12,1,08:37:12.226082064
110.11,2,08:37:17.297964641
110.12,10,08:37:24.756955616
110.12,10,08:37:26.739770395
110.12,2,08:37:30.899752869
110.12,1,08:37:30.899752869
110.12,1,08:37:30.899872133
110.12,1,08:37:30.899901544
110.12,1,08:37:30.900215900
110.12,1,08:37:31.076261923
110.12,2,08:37:31.076331487
110.11,1,08:37:38.129366563
110.11,5,08:37:38.130331650
110.11,9,08:37:38.130474111
110.11,1,08:37:38.130490949
110.11,1,08:37:38.130514229
110.12,1,08:37:51.462374902
110.12,5,08:37:51.462374902
110.12,1,08:37:51.462392179
110.12,1,08:38:01.468421768
110.13,4,08:38:02.243792198
110.13,2,08:38:02.243908550
110.13,1,08:38:02.243927491
110.13,7,08:38:02.243927491
110.13,1,08:38:02.243944400
110.13,12,08:38:02.243944400
110.13,20,08:38:02.243944400
110.13,8,08:38:02.691693378
110.13,7,08:38:02.691801141
110.13,1,08:38:02.691818073
110.13,6,08:38:02.691818073
110.13,1,08:38:02.691833132
110.13,25,08:38:02.691833132
110.12,1,08:38:05.562603064
110.12,6,08:38:05.562617550
110.12,1,08:38:05.562617550
110.12,2,08:38:05.562632814
110.12,1,08:38:05.562632814
110.12,3,08:38:06.515280462
110.12,2,08:38:06.515349757
110.12,1,08:38:16.216884326
110.12,2,08:38:16.216959766
110.12,2,08:38:16.216974185
110.12,2,08:38:38.961582735
110.12,1,08:38:38.961596424
110.12,2,08:38:38.961721282
110.12,1,08:38:38.961721282
110.12,1,08:38:38.961742834
110.12,9,08:38:38.961742834
110.12,2,08:38:38.961742834
110.12,5,08:38:38.961742834
110.12,6,08:38:41.655693590
110.12,9,08:38:41.655693590
110.12,10,08:38:41.723185106
110.12,2,08:38:45.739692905
110.12,1,08:38:45.739710505
110.12,3,08:38:45.739710505
110.12,1,08:38:45.739819000
110.12,2,08:38:45.739841931
110.12,5,08:38:45.739841931
110.12,9,08:38:45.739841931
110.12,1,08:38:45.739841931
110.12,1,08:38:45.740240805
110.12,2,08:39:01.496442403
110.12,9,08:39:01.496532816
110.12,1,08:39:01.496556310
110.12,3,08:39:01.496556310
110.12,10,08:39:04.917752191
110.11,6,08:39:13.034442257
110.11,2,08:39:13.034442257
110.11,7,08:39:13.034442257
110.11,5,08:39:13.034681041
110.11,2,08:39:13.540087569
110.11,1,08:39:17.168302043
110.11,1,08:39:17.168322014
110.11,1,08:39:17.168373547
110.11,1,08:39:17.168390523
110.11,2,08:39:17.168419780
110.11,5,08:39:17.168448635
110.11,2,08:39:17.168448635
110.11,10,08:39:17.168464430
110.11,1,08:39:17.168478510
110.11,1,08:39:17.169860953
110.11,1,08:39:17.169879113
110.11,3,08:39:22.089781534
110.11,2,08:39:22.089781534
110.11,1,08:39:22.089888386
110.11,8,08:39:22.089903931
110.11,2,08:39:22.089903931
110.11,9,08:39:22.089903931
110.11,5,08:39:36.531708934
110.11,4,08:39:36.531708934
110.11,1,08:39:36.531708934
110.11,1,08:39:36.531901669
110.11,15,08:39:36.531915224
110.11,1,08:39:36.531930777
110.11,8,08:39:36.531930777
110.11,3,08:39:36.531930777
110.11,20,08:39:36.531930777
110.11,1,08:39:36.531944977
110.11,8,08:39:36.531944977
110.11,1,08:39:36.531964440
110.11,3,08:39:36.531964440
110.11,12,08:39:36.533251127
110.11,11,08:39:49.081058029
110.11,1,08:39:49.081058029
110.11,1,08:39:49.081254762
110.11,1,08:39:49.081271514
110.11,5,08:39:49.081271514
110.11,11,08:39:49.081271514
110.11,17,08:39:49.081271514
110.11,1,08:39:49.081464999
110.11,3,08:39:49.081480106
110.11,1,08:39:49.081480106
110.11,5,08:39:49.081480106
110.11,6,08:39:49.082105670
110.11,32,08:39:49.082231158
110.12,1,08:39:49.872690159
110.11,6,08:39:55.665003830
110.11,24,08:39:55.665003830
110.11,12,08:39:55.665107274
110.11,2,08:39:55.665125303
110.11,1,08:39:55.665125303
110.11,12,08:39:55.665125303
110.11,17,08:39:57.747414514
110.11,26,08:40:00.998867455
110.11,1,08:40:00.998867455
110.11,2,08:40:00.999025606
110.11,1,08:40:00.999040492
110.11,1,08:40:00.999238896
110.11,1,08:40:00.999260473
110.11,2,08:40:00.999260473
110.11,11,08:40:00.999500220
110.1,2,08:40:04.393190928
110.1,1,08:40:04.393190928
110.1,2,08:40:04.393207316
110.1,1,08:40:04.393207316
110.1,1,08:40:04.393235507
110.1,3,08:40:04.393235507
110.11,1,08:40:04.982498816
110.11,2,08:40:04.982512947
110.1,12,08:40:11.801803288
110.1,29,08:40:11.801803288
110.1,1,08:40:11.802065560
110.1,5,08:40:11.802081752
110.1,1,08:40:11.802097202
110.1,14,08:40:11.802097202
110.1,1,08:40:11.802110837
110.1,2,08:40:11.802125227
110.1,1,08:40:11.802139775
110.1,8,08:40:11.803146101
110.1,14,08:40:11.803179431
110.1,3,08:40:23.152417959
110.1,5,08:40:23.152417959
110.1,20,08:40:23.152616510
110.1,12,08:40:23.152616510
110.1,9,08:40:23.152631514
110.1,1,08:40:23.152631514
110.1,14,08:40:23.152816730
110.1,9,08:40:23.152834682
110.1,7,08:40:23.153647084
110.1,6,08:40:23.153705427
110.11,4,08:40:30.580747310
110.11,2,08:40:30.580747310
110.11,1,08:40:30.580747310
110.11,1,08:40:30.580843267
110.11,2,08:40:30.580843267
110.11,5,08:40:30.580861500
110.11,1,08:40:30.580861500
110.11,5,08:40:30.581272764
110.11,1,08:40:30.581569406
110.11,2,08:40:30.581569406
110.11,1,08:40:41.029351335
110.11,10,08:40:41.029351335
110.11,4,08:40:41.029554174
110.11,2,08:40:41.029988240
110.11,1,08:40:41.030905100
110.12,1,08:40:43.011585295
110.12,1,08:40:43.011600401
110.11,1,08:40:43.012211486
110.12,1,08:40:50.008803930
110.12,1,08:40:50.008969050
110.12,2,08:40:50.008991760
110.12,3,08:40:50.008991760
110.12,5,08:40:50.008991760
110.12,1,08:40:50.008991760
110.12,1,08:40:50.009015268
110.12,2,08:40:50.009643924
110.12,1,08:41:05.557305920
110.12,1,08:41:09.744425747
110.12,1,08:41:11.488621508
110.12,1,08:41:11.499538690
110.11,6,08:41:23.387649630
110.11,2,08:41:23.387649630
110.11,1,08:41:23.387667965
110.11,9,08:41:23.387667965
110.11,1,08:41:29.172791785
110.1,2,08:41:51.660014154
110.1,1,08:41:51.660036614
110.1,25,08:41:51.660036614
110.1,2,08:41:51.660036614
110.1,4,08:41:51.660036614
110.1,5,08:41:51.660036614
110.1,12,08:41:51.660036614
110.1,1,08:41:51.660049315
110.1,6,08:41:51.660379805
110.1,1,08:41:51.660379805
110.1,1,08:41:51.660414467
110.1,2,08:41:51.660414467
110.1,3,08:41:51.660825509
110.1,2,08:41:51.662160978
110.1,2,08:41:51.662193547
110.1,5,08:41:51.662193547
110.1,2,08:41:51.680465303
110.1,20,08:41:51.680831705
110.1,1,08:41:51.684251013
110.1,20,08:41:51.726485904
110.1,1,08:41:54.390528300
110.1,1,08:41:54.390546617
110.1,9,08:42:00.804722509
110.1,1,08:42:00.804722509
110.1,1,08:42:00.804866068
110.1,1,08:42:00.804885123
110.1,4,08:42:00.804885123
110.1,1,08:42:00.804902551
110.1,5,08:42:00.804902551
110.09,1,08:42:27.717817046
110.09,1,08:42:32.656026995
110.09,2,08:42:32.656026995
110.09,1,08:42:32.656190688
110.09,3,08:42:37.735851337
110.09,1,08:42:37.742379217
110.09,8,08:42:37.742706689
110.09,1,08:42:37.742807576
110.09,2,08:42:40.044062479
110.09,18,08:42:40.044277154
110.09,21,08:42:40.044675439
110.09,1,08:42:40.044675439
110.09,10,08:42:40.045446634
110.1,1,08:42:51.748664609
110.1,9,08:42:51.748678432
110.1,2,08:42:51.748800254
110.1,6,08:42:51.748800254
110.1,1,08:42:51.748815818
110.1,5,08:42:51.748815818
110.1,9,08:43:17.013824258
110.1,8,08:43:17.013991726
110.1,6,08:43:17.013991726
110.1,2,08:43:17.014481227
110.1,6,08:43:19.697577938
110.1,1,08:43:19.697669339
110.1,2,08:43:19.698215569
110.1,6,08:43:19.698243262
110.09,1,08:43:24.474036649
110.09,4,08:43:24.474277141
110.09,8,08:43:24.474292724
110.09,1,08:43:24.474292724
110.09,20,08:43:24.474292724
110.09,1,08:43:24.474306549
110.09,1,08:43:24.474472873
110.09,1,08:43:24.474487779
110.09,1,08:43:24.474502258
110.09,9,08:43:24.474515733
110.09,5,08:43:24.474913868
110.09,12,08:43:24.474913868
110.09,14,08:43:24.474965384
110.09,9,08:43:31.628357132
110.1,1,08:43:35.820504160
110.1,2,08:43:35.820598712
110.1,1,08:43:35.820790572
110.1,1,08:43:35.820806316
110.1,2,08:43:35.853179550
110.1,3,08:43:36.018753329
110.1,5,08:43:36.018885858
110.1,1,08:43:36.018904001
110.1,2,08:43:36.018904001
110.1,1,08:43:36.018930958
110.1,3,08:43:36.136968695
110.1,4,08:43:36.137591100
110.1,15,08:43:36.137591100
110.1,1,08:43:36.137610683
110.1,4,08:43:36.137610683
110.1,5,08:43:36.137752354
110.1,1,08:43:42.104253966
110.11,1,08:43:57.875058955
110.1,75,08:44:05.605945944
110.1,13,08:44:06.370564342
110.1,10,08:44:21.429875282
110.1,1,08:44:21.430207770
110.1,2,08:44:21.430207770
110.1,1,08:44:33.357084206
110.1,2,08:44:33.357248649
110.1,1,08:44:33.357271031
110.1,2,08:44:33.357271031
110.1,1,08:44:33.357289459
110.1,9,08:44:33.357289459
110.09,1,08:44:33.357289459
110.1,5,08:44:33.357289459
110.1,1,08:44:33.974386827
110.1,1,08:44:33.974409733
110.1,1,08:44:56.474496936
110.1,5,08:44:57.818826348
110.1,1,08:45:32.227696231
110.1,1,08:45:40.002528794
110.11,5,08:45:55.735463709
110.11,1,08:45:55.735463709
110.11,2,08:45:55.735752835
110.11,1,08:46:05.296485759
110.11,1,08:46:05.296610296
110.11,2,08:46:05.296628655
110.11,1,08:46:05.296628655
110.11,1,08:46:05.296643644
110.11,1,08:46:05.296912919
110.12,1,08:46:11.244743451
110.12,2,08:46:12.789100948
110.12,2,08:46:12.789130629
110.12,1,08:46:12.789156772
110.12,6,08:46:19.361620399
110.12,1,08:46:19.361919486
110.12,6,08:46:19.361919486
110.11,1,08:46:23.719795474
110.11,1,08:46:23.720006991
110.11,1,08:46:23.720039596
110.1,3,08:46:26.439558404
110.09,1,08:46:36.246064200
110.09,2,08:46:36.246064200
110.09,1,08:46:36.280168073
110.09,1,08:46:38.711133888
110.1,2,08:46:58.763741355
110.1,9,08:46:58.763863390
110.1,1,08:46:58.763863390
110.1,1,08:46:58.763883812
110.1,4,08:46:58.763883812
110.1,3,08:47:05.800983743
110.1,4,08:47:05.801279397
110.1,4,08:47:05.801402635
110.1,2,08:47:05.801402635
110.1,17,08:47:05.801531416
110.1,1,08:47:05.801531416
110.11,2,08:47:05.816192025
110.11,5,08:47:05.816192025
110.11,1,08:47:05.816427794
110.11,9,08:47:05.816441388
110.11,11,08:47:05.816459113
110.11,17,08:47:05.816459113
110.11,2,08:47:05.816459113
110.11,1,08:47:05.816459113
110.11,5,08:47:05.816476668
110.11,1,08:47:05.816476668
110.11,5,08:47:05.816491125
110.11,3,08:47:05.816491125
110.11,8,08:47:05.816491125
110.11,12,08:47:05.816506515
110.11,7,08:47:05.816506515
110.11,5,08:47:05.816520233
110.11,1,08:47:05.816534521
110.11,5,08:47:05.816549740
110.11,3,08:47:13.610872376
110.1,1,08:47:36.164354999
110.1,2,08:47:36.164478154
110.1,1,08:47:36.164495375
110.1,1,08:47:38.777485914
110.1,2,08:47:38.777615238
110.1,1,08:47:38.777639209
110.1,2,08:47:38.777639209
110.11,4,08:47:42.349251101
110.11,9,08:47:42.349518893
110.11,6,08:47:42.349535277
110.11,19,08:47:42.349535277
110.11,9,08:47:42.349535277
110.11,1,08:47:42.349535277
110.11,2,08:47:42.349639164
110.11,1,08:47:42.349653091
110.11,1,08:47:42.349667402
110.11,10,08:47:42.349667402
110.11,3,08:47:42.349684374
110.11,3,08:47:42.350048230
110.11,1,08:47:42.350063590
110.11,11,08:47:42.350063590
110.11,12,08:47:42.351158711
110.11,1,08:48:08.813010255
110.11,1,08:48:08.813650828
110.11,4,08:48:08.813650828
110.11,3,08:48:08.814254978
110.11,2,08:48:08.814782053
110.11,4,08:48:08.824253895
110.11,1,08:48:08.824253895
110.11,2,08:48:54.948566532
110.11,3,08:48:54.948700730
110.11,1,08:48:54.959243468
110.11,1,08:48:54.959258540
110.11,2,08:48:54.959258540
110.11,1,08:48:54.970070925
110.11,2,08:48:54.970070925
110.11,2,08:48:54.970166500
110.11,1,08:48:54.970166500
110.11,6,08:48:54.980835055
110.11,1,08:48:54.981180556
110.11,1,08:49:03.443881256
110.11,2,08:49:03.443905135
110.11,2,08:49:03.443928850
110.11,1,08:49:09.945748806
110.11,2,08:49:13.044417038
110.11,5,08:49:13.044431252
110.11,1,08:49:32.969874707
110.11,6,08:49:32.969874707
110.11,1,08:49:32.969952127
110.12,1,08:49:57.768538551
110.12,3,08:49:57.768684318
110.12,1,08:49:57.768684318
110.12,1,08:49:57.768698568
110.12,5,08:49:57.768698568
110.11,4,08:49:59.964542957
110.11,1,08:49:59.964562595
110.11,1,08:49:59.964614768
110.11,2,08:50:04.573111261
110.11,1,08:50:04.573276075
110.11,9,08:50:04.573298228
110.11,1,08:50:04.573298228
110.11,2,08:50:04.573298228
110.11,32,08:50:04.573317815
110.11,1,08:50:04.573317815
110.11,4,08:50:04.573850355
110.11,2,08:50:04.573947155
110.11,1,08:50:04.574110957
110.11,5,08:50:04.574582596
110.11,15,08:50:04.574582596
110.11,9,08:50:06.734593627
110.11,1,08:50:06.945729239
110.11,1,08:50:09.183783140
110.11,2,08:50:09.183783140
110.11,1,08:50:09.183910362
110.11,2,08:50:09.183910362
110.11,4,08:50:09.184281632
110.11,1,08:50:09.184281632
110.11,5,08:50:09.184298602
110.11,2,08:50:09.184298602
110.11,4,08:50:09.184298602
110.11,8,08:50:09.184597123
110.11,11,08:50:09.314360702
110.11,4,08:50:16.971150050
110.11,7,08:50:16.971415573
110.11,3,08:50:16.972003028
110.11,4,08:50:35.931861290
110.11,1,08:50:35.931877078
110.11,9,08:50:35.931877078
110.11,6,08:50:35.932014381
110.11,12,08:50:35.932014381
110.11,1,08:50:35.932332576
110.11,22,08:50:35.932332576
110.11,2,08:50:35.932488406
110.11,2,08:50:35.932526678
110.11,3,08:50:35.932526678
110.11,2,08:50:35.932541001
110.11,2,08:50:35.932655283
110.11,1,08:50:43.742027757
110.11,1,08:51:01.300091276
110.11,8,08:51:01.300255573
110.11,2,08:51:01.300285088
110.11,16,08:51:01.300516469
110.11,1,08:51:01.300695630
110.11,3,08:51:01.300695630
110.11,15,08:51:01.300711374
110.11,1,08:51:01.301039804
110.11,1,08:51:01.807826192
110.11,11,08:51:01.807826192
110.11,1,08:51:02.061035153
110.11,4,08:51:05.106960373
110.11,1,08:51:05.106960373
110.11,3,08:51:05.107033148
110.11,3,08:51:05.107333519
110.11,13,08:51:05.107358005
110.11,3,08:51:05.107358005
110.11,6,08:51:34.675764490
110.11,1,08:51:34.676365254
110.11,3,08:51:34.676795000
110.11,7,08:51:34.676795000
110.11,1,08:51:45.843889342
110.11,39,08:51:45.844028235
110.11,5,08:51:45.844028235
110.11,5,08:51:45.854618742
110.11,1,08:51:45.855142991
110.11,9,08:51:45.855776836
110.11,1,08:51:45.865347869
110.11,4,08:51:45.876429115
110.11,5,08:51:45.886958320
110.11,5,08:51:45.897494251
110.11,5,08:51:45.908023247
110.11,3,08:51:45.918634006
110.11,1,08:51:45.918634006
110.11,1,08:51:50.517511494
110.11,6,08:51:50.517529687
110.11,3,08:51:50.528426522
110.11,2,08:51:50.773239107
110.11,2,08:51:50.783524446
110.11,3,08:51:50.893187306
110.11,5,08:51:50.903641244
110.11,1,08:51:50.914184220
110.11,4,08:51:52.434589799
110.11,1,08:51:52.445228427
110.11,4,08:51:52.445228427
110.11,1,08:51:52.455890572
110.1,2,08:51:58.742950166
110.1,1,08:51:58.742950166
110.1,1,08:51:58.848134039
110.1,8,08:51:58.848228199
110.1,1,08:51:58.848228199
110.1,1,08:51:58.848320673
110.1,11,08:52:00.028414026
110.1,1,08:52:00.028501533
110.1,1,08:52:00.028763130
110.1,4,08:52:00.029010659
110.1,1,08:52:00.029035744
110.1,1,08:52:00.029052960
110.1,10,08:52:00.137491470
110.1,12,08:52:00.137707553
110.1,1,08:52:19.031928061
110.1,2,08:52:19.032155920
110.1,9,08:52:19.032155920
110.1,1,08:52:19.032170483
110.1,2,08:52:19.032170483
110.1,50,08:52:19.032170483
110.1,1,08:52:19.032184486
110.1,1,08:52:19.032198591
110.1,2,08:52:19.032198591
110.1,12,08:52:19.032213984
110.1,1,08:52:19.032213984
110.1,2,08:52:19.032213984
110.1,1,08:52:19.032574783
110.1,1,08:52:19.032588380
110.1,1,08:52:19.032602530
110.1,6,08:52:19.032617827
110.1,4,08:52:19.032617827
110.1,17,08:52:19.032631842
110.1,16,08:52:19.032652025
110.1,1,08:52:19.032666739
110.1,1,08:52:19.032683769
110.1,10,08:52:19.032697151
110.1,6,08:52:19.032715564
110.1,5,08:52:19.032732786
110.1,30,08:52:19.032753094
110.1,1,08:52:19.032772191
110.1,10,08:52:19.032785631
110.1,1,08:52:19.032804277
110.1,1,08:52:44.174974249
110.1,4,08:52:44.175146000
110.1,1,08:52:44.175172983
110.1,4,08:52:44.175172983
110.1,9,08:52:44.175172983
110.1,10,08:52:44.175172983
110.1,1,08:52:44.175189914
110.1,5,08:52:44.175189914
110.1,12,08:52:44.175189914
110.1,9,08:53:04.807491466
110.1,1,08:53:04.807505379
110.1,9,08:53:04.807745348
110.1,1,08:53:04.807745348
110.1,1,08:53:04.807759792
110.1,2,08:53:04.807759792
110.1,1,08:53:04.807901494
110.1,1,08:53:04.807916701
110.1,1,08:53:04.807931933
110.1,1,08:53:04.807950644
110.1,1,08:53:04.808145952
110.1,1,08:53:04.808160291
110.1,1,08:53:04.808174521
110.1,1,08:53:04.808188502
110.1,1,08:53:04.808202067
110.1,1,08:53:04.808216352
110.1,12,08:53:04.808239206
110.1,5,08:53:04.808255491
110.1,3,08:53:04.818838869
110.1,3,08:53:04.818933656
110.11,1,08:53:19.044670212
110.11,2,08:53:19.044670212
110.11,9,08:53:19.044800305
110.11,2,08:53:19.045152166
110.11,10,08:53:19.045152166
110.11,1,08:53:19.045152166
110.11,2,08:53:19.045169558
110.11,1,08:53:19.045169558
110.11,1,08:53:19.045317821
110.11,2,08:53:19.045317821
110.11,15,08:53:19.045317821
110.11,18,08:53:19.045317821
110.11,1,08:53:19.045536740
110.11,1,08:53:19.045685062
110.11,1,08:53:19.045709037
110.11,4,08:53:19.046197791
110.11,5,08:53:19.046225222
110.11,3,08:53:19.046272028
110.11,2,08:53:19.056606096
110.11,2,08:53:19.057222129
110.11,1,08:53:19.057238820
110.11,2,08:53:19.057238820
110.11,1,08:53:19.057260589
110.11,2,08:53:19.057260589
110.11,2,08:53:19.057611291
110.11,2,08:53:19.058144429
110.12,1,08:53:30.893728001
110.12,2,08:53:30.893868650
110.12,1,08:53:30.893868650
110.12,1,08:53:30.893884157
110.12,2,08:53:30.893884157
110.12,7,08:53:30.893898618
110.12,25,08:53:30.893898618
110.12,7,08:53:30.894344752
110.12,2,08:53:30.894344752
110.12,3,08:54:08.512561155
110.12,3,08:54:08.512776600
110.12,1,08:54:08.512798050
110.12,3,08:54:08.512798050
110.12,9,08:54:08.512798050
110.12,8,08:54:08.512820296
110.12,1,08:54:08.512820296
110.12,1,08:54:08.767676510
110.12,1,08:54:08.768469127
110.12,1,08:54:08.768486030
110.12,4,08:54:08.768486030
110.12,4,08:54:08.774668796
110.12,1,08:54:08.774918428
110.12,3,08:54:08.775025417
110.12,1,08:54:08.775025417
110.12,9,08:54:15.453632961
110.12,2,08:54:15.453632961
110.12,1,08:54:44.359413834
110.12,17,08:54:44.359413834
110.12,1,08:54:44.359443959
110.12,9,08:54:44.359877670
110.12,10,08:54:44.360244864
110.12,1,08:54:44.476467958
110.12,23,08:54:50.886564633
110.13,1,08:55:27.525223101
110.13,2,08:55:27.525223101
110.13,1,08:55:27.525351943
110.13,7,08:55:27.525377386
110.13,1,08:55:27.525377386
110.13,2,08:55:27.525377386
110.13,1,08:55:27.527909701
110.13,13,08:55:27.528150987
110.13,3,08:55:30.670014568
110.13,6,08:55:30.670014568
110.13,1,08:55:30.670086542
110.13,9,08:55:30.670388977
110.13,1,08:55:30.670388977
110.13,1,08:55:30.670492341
110.13,1,08:55:30.670509838
110.13,1,08:55:34.814002155
110.13,4,08:55:34.814120416
110.13,1,08:55:34.814144724
110.14,1,08:55:53.232461667
110.14,1,08:55:53.232478638
110.14,1,08:55:53.232911600
110.15,1,08:56:13.731225475
110.15,1,08:56:13.731239778
110.15,1,08:56:13.731420722
110.15,1,08:56:13.731445567
110.15,12,08:56:13.731445567
110.15,4,08:56:13.731445567
110.15,9,08:56:13.731478220
110.15,25,08:56:13.731478220
110.15,8,08:56:13.731478220
110.15,4,08:56:13.731478220
110.15,10,08:56:13.731478220
110.15,3,08:56:13.731478220
110.15,7,08:56:13.731478220
110.15,6,08:56:13.731478220
110.15,5,08:56:42.790115222
110.15,4,08:56:42.790198796
110.15,1,08:56:42.790198796
110.14,1,08:56:46.039472733
110.14,1,08:56:46.039548652
110.13,1,08:57:21.019080202
110.13,1,08:57:21.019095383
110.13,9,08:57:21.019095383
110.13,2,08:57:21.019179315
110.13,1,08:57:25.041757512
110.13,3,08:57:25.041757512
110.13,3,08:57:25.041880098
110.13,3,08:57:26.792738294
110.13,10,08:57:26.793087175
110.13,12,08:57:40.833630066
110.13,3,08:57:40.833644923
110.13,1,08:57:40.833644923
110.13,1,08:57:40.833659906
110.13,1,08:57:40.947529610
110.13,17,08:57:40.948166771
110.13,9,08:57:40.948261661
110.13,14,08:57:40.948546904
110.12,1,08:58:25.307721114
110.12,1,08:58:50.136893527
110.12,1,08:58:59.373063674
110.12,1,08:58:59.373078285
110.12,1,08:58:59.373247027
110.12,1,08:58:59.373261847
110.12,1,08:58:59.373275463
110.12,1,08:58:59.373291385
110.12,1,08:58:59.373335546
110.11,2,08:59:01.965430397
110.11,1,08:59:06.203434406
110.11,1,08:59:29.881820882
110.11,2,08:59:30.962717646
