bidVolume,bidPrice,askVolume,askPrice,timestamp
14,5074.25,14,5074.5,14:30:00.004430070
14,5074.25,14,5074.5,14:30:00.005523154
15,5074.25,14,5074.5,14:30:00.006501885
15,5074.25,13,5074.5,14:30:00.006603650
15,5074.25,13,5074.5,14:30:00.006609279
14,5074.25,13,5074.5,14:30:00.007809639
14,5074.25,13,5074.5,14:30:00.007917539
14,5074.25,13,5074.5,14:30:00.007968804
14,5074.25,14,5074.5,14:30:00.010678989
14,5074.25,14,5074.5,14:30:00.010783200
14,5074.25,14,5074.5,14:30:00.010962231
14,5074.25,14,5074.5,14:30:00.010962231
14,5074.25,14,5074.5,14:30:00.013814646
14,5074.25,14,5074.5,14:30:00.020984497
14,5074.25,14,5074.5,14:30:00.020984497
14,5074.25,13,5074.5,14:30:00.023094898
15,5074.25,13,5074.5,14:30:00.023110648
20,5074.25,13,5074.5,14:30:00.023140822
20,5074.25,10,5074.5,14:30:00.023158157
20,5074.25,9,5074.5,14:30:00.023164381
20,5074.25,9,5074.5,14:30:00.023209559
20,5074.25,12,5074.5,14:30:00.023218833
20,5074.25,13,5074.5,14:30:00.023321250
19,5074.25,13,5074.5,14:30:00.023330005
19,5074.25,14,5074.5,14:30:00.023692385
14,5074.25,14,5074.5,14:30:00.024118275
14,5074.25,14,5074.5,14:30:00.024236124
14,5074.25,15,5074.5,14:30:00.024785191
12,5074.25,15,5074.5,14:30:00.028054316
12,5074.25,15,5074.5,14:30:00.028157944
13,5074.25,15,5074.5,14:30:00.028798177
14,5074.25,15,5074.5,14:30:00.028806728
14,5074.25,14,5074.5,14:30:00.029606362
14,5074.25,15,5074.5,14:30:00.029965583
14,5074.25,14,5074.5,14:30:00.031649179
14,5074.25,13,5074.5,14:30:00.031798424
15,5074.25,13,5074.5,14:30:00.031813483
14,5074.25,13,5074.5,14:30:00.031983950
14,5074.25,14,5074.5,14:30:00.032160747
14,5074.25,15,5074.5,14:30:00.032168430
13,5074.25,15,5074.5,14:30:00.033197633
12,5074.25,15,5074.5,14:30:00.033206247
11,5074.25,15,5074.5,14:30:00.033212698
8,5074.25,15,5074.5,14:30:00.033221700
8,5074.25,18,5074.5,14:30:00.033249890
8,5074.25,18,5074.5,14:30:00.033314883
8,5074.25,18,5074.5,14:30:00.033599599
8,5074.25,18,5074.5,14:30:00.033599599
8,5074.25,18,5074.5,14:30:00.033609872
8,5074.25,18,5074.5,14:30:00.033609872
8,5074.25,18,5074.5,14:30:00.036506621
10,5074.25,18,5074.5,14:30:00.036935170
10,5074.25,18,5074.5,14:30:00.037040792
11,5074.25,18,5074.5,14:30:00.037140579
13,5074.25,18,5074.5,14:30:00.037150413
13,5074.25,18,5074.5,14:30:00.037312090
13,5074.25,18,5074.5,14:30:00.039471216
13,5074.25,18,5074.5,14:30:00.039471216
11,5074.25,18,5074.5,14:30:00.041596237
10,5074.25,18,5074.5,14:30:00.041602167
10,5074.25,18,5074.5,14:30:00.041710435
10,5074.25,18,5074.5,14:30:00.043733823
10,5074.25,18,5074.5,14:30:00.047198757
11,5074.25,18,5074.5,14:30:00.051972914
12,5074.25,18,5074.5,14:30:00.051979387
13,5074.25,18,5074.5,14:30:00.052017247
13,5074.25,18,5074.5,14:30:00.052093476
12,5074.25,18,5074.5,14:30:00.052390617
11,5074.25,18,5074.5,14:30:00.052689590
10,5074.25,18,5074.5,14:30:00.052695536
10,5074.25,18,5074.5,14:30:00.053732642
11,5074.25,18,5074.5,14:30:00.057798993
12,5074.25,18,5074.5,14:30:00.057806439
12,5074.25,18,5074.5,14:30:00.057904787
12,5074.25,18,5074.5,14:30:00.063757665
12,5074.25,18,5074.5,14:30:00.082816998
12,5074.25,18,5074.5,14:30:00.082921061
12,5074.25,18,5074.5,14:30:00.102610092
12,5074.25,15,5074.5,14:30:00.109960765
13,5074.25,15,5074.5,14:30:00.110054168
13,5074.25,14,5074.5,14:30:00.110060815
13,5074.25,13,5074.5,14:30:00.110070726
14,5074.25,13,5074.5,14:30:00.111693781
19,5074.25,13,5074.5,14:30:00.111700735
18,5074.25,13,5074.5,14:30:00.111790376
13,5074.25,13,5074.5,14:30:00.112918908
12,5074.25,13,5074.5,14:30:00.113019072
12,5074.25,14,5074.5,14:30:00.113026019
9,5074.25,14,5074.5,14:30:00.117421059
9,5074.25,15,5074.5,14:30:00.117506741
8,5074.25,15,5074.5,14:30:00.117560560
9,5074.25,15,5074.5,14:30:00.117733149
8,5074.25,15,5074.5,14:30:00.119203281
7,5074.25,15,5074.5,14:30:00.119212148
5,5074.25,15,5074.5,14:30:00.119221320
5,5074.25,18,5074.5,14:30:00.119248571
5,5074.25,23,5074.5,14:30:00.119725314
5,5074.25,23,5074.5,14:30:00.119808039
6,5074.25,23,5074.5,14:30:00.122353460
7,5074.25,23,5074.5,14:30:00.122531118
8,5074.25,23,5074.5,14:30:00.122539073
10,5074.25,23,5074.5,14:30:00.122543953
8,5074.25,23,5074.5,14:30:00.122723893
7,5074.25,23,5074.5,14:30:00.122732376
6,5074.25,23,5074.5,14:30:00.122739509
5,5074.25,23,5074.5,14:30:00.122900460
6,5074.25,23,5074.5,14:30:00.127405680
6,5074.25,23,5074.5,14:30:00.128027478
5,5074.25,23,5074.5,14:30:00.137246067
57,5074.0,23,5074.5,14:30:00.137916785
57,5074.0,23,5074.5,14:30:00.137916785
57,5074.0,1,5074.25,14:30:00.137925707
57,5074.0,2,5074.25,14:30:00.137925707
57,5074.0,2,5074.25,14:30:00.137942971
57,5074.0,2,5074.25,14:30:00.137947848
57,5074.0,3,5074.25,14:30:00.137967323
57,5074.0,3,5074.25,14:30:00.138012777
56,5074.0,3,5074.25,14:30:00.138022569
56,5074.0,3,5074.25,14:30:00.138031510
55,5074.0,3,5074.25,14:30:00.138045146
55,5074.0,3,5074.25,14:30:00.138053872
54,5074.0,3,5074.25,14:30:00.138060999
54,5074.0,4,5074.25,14:30:00.138105889
54,5074.0,23,5074.5,14:30:00.138272702
54,5074.0,23,5074.5,14:30:00.138272702
2,5074.25,23,5074.5,14:30:00.138285617
2,5074.25,24,5074.5,14:30:00.138329219
2,5074.25,24,5074.5,14:30:00.138359741
3,5074.25,24,5074.5,14:30:00.138384740
4,5074.25,24,5074.5,14:30:00.138390215
8,5074.25,24,5074.5,14:30:00.138418014
15,5074.25,24,5074.5,14:30:00.138430757
16,5074.25,24,5074.5,14:30:00.138442975
16,5074.25,24,5074.5,14:30:00.138448863
16,5074.25,19,5074.5,14:30:00.138516333
16,5074.25,19,5074.5,14:30:00.138533863
17,5074.25,19,5074.5,14:30:00.138543268
16,5074.25,19,5074.5,14:30:00.138578651
9,5074.25,19,5074.5,14:30:00.138586709
9,5074.25,19,5074.5,14:30:00.138879189
9,5074.25,19,5074.5,14:30:00.138879189
10,5074.25,19,5074.5,14:30:00.139639751
10,5074.25,19,5074.5,14:30:00.139854008
13,5074.25,19,5074.5,14:30:00.139881653
13,5074.25,18,5074.5,14:30:00.140493403
14,5074.25,18,5074.5,14:30:00.146850446
14,5074.25,17,5074.5,14:30:00.147235689
14,5074.25,17,5074.5,14:30:00.147483746
14,5074.25,17,5074.5,14:30:00.147483746
14,5074.25,17,5074.5,14:30:00.147597361
15,5074.25,17,5074.5,14:30:00.147605780
14,5074.25,17,5074.5,14:30:00.148271599
13,5074.25,17,5074.5,14:30:00.152734665
10,5074.25,17,5074.5,14:30:00.154386170
10,5074.25,18,5074.5,14:30:00.154903345
10,5074.25,17,5074.5,14:30:00.157201688
10,5074.25,16,5074.5,14:30:00.157290644
11,5074.25,16,5074.5,14:30:00.157298347
11,5074.25,17,5074.5,14:30:00.157307998
14,5074.25,17,5074.5,14:30:00.157393552
11,5074.25,17,5074.5,14:30:00.166492459
10,5074.25,17,5074.5,14:30:00.166585165
10,5074.25,18,5074.5,14:30:00.166678181
10,5074.25,18,5074.5,14:30:00.176473057
10,5074.25,17,5074.5,14:30:00.180699069
11,5074.25,17,5074.5,14:30:00.180706262
14,5074.25,17,5074.5,14:30:00.180715194
13,5074.25,17,5074.5,14:30:00.180937409
10,5074.25,17,5074.5,14:30:00.180988959
10,5074.25,18,5074.5,14:30:00.181093569
13,5074.25,18,5074.5,14:30:00.195574197
13,5074.25,17,5074.5,14:30:00.195580329
14,5074.25,17,5074.5,14:30:00.195586790
25,5074.25,17,5074.5,14:30:00.197413742
25,5074.25,16,5074.5,14:30:00.197556371
25,5074.25,13,5074.5,14:30:00.197564793
25,5074.25,10,5074.5,14:30:00.199135469
30,5074.25,10,5074.5,14:30:00.199327918
30,5074.25,9,5074.5,14:30:00.199425798
30,5074.25,6,5074.5,14:30:00.209841247
30,5074.25,4,5074.5,14:30:00.209848847
30,5074.25,3,5074.5,14:30:00.209857788
30,5074.25,5,5074.5,14:30:00.210253897
30,5074.25,6,5074.5,14:30:00.210265827
30,5074.25,7,5074.5,14:30:00.210274160
30,5074.25,8,5074.5,14:30:00.210393703
30,5074.25,8,5074.5,14:30:00.219990904
30,5074.25,7,5074.5,14:30:00.236513042
30,5074.25,6,5074.5,14:30:00.236525897
30,5074.25,4,5074.5,14:30:00.236543574
30,5074.25,3,5074.5,14:30:00.236626900
30,5074.25,2,5074.5,14:30:00.239097513
30,5074.25,56,5074.75,14:30:00.239295100
30,5074.25,56,5074.75,14:30:00.239295100
31,5074.25,56,5074.75,14:30:00.239295100
1,5074.5,56,5074.75,14:30:00.239351521
2,5074.5,56,5074.75,14:30:00.239362789
2,5074.5,56,5074.75,14:30:00.239388300
2,5074.5,55,5074.75,14:30:00.239394422
2,5074.5,55,5074.75,14:30:00.239394422
2,5074.5,55,5074.75,14:30:00.239400771
2,5074.5,55,5074.75,14:30:00.239412774
4,5074.5,55,5074.75,14:30:00.239419744
5,5074.5,55,5074.75,14:30:00.239430855
5,5074.5,54,5074.75,14:30:00.239472276
5,5074.5,54,5074.75,14:30:00.239490459
5,5074.5,54,5074.75,14:30:00.239496910
6,5074.5,54,5074.75,14:30:00.239542770
6,5074.5,51,5074.75,14:30:00.239547654
9,5074.5,51,5074.75,14:30:00.239561238
10,5074.5,51,5074.75,14:30:00.239661842
10,5074.5,51,5074.75,14:30:00.239707235
10,5074.5,51,5074.75,14:30:00.244769321
11,5074.5,51,5074.75,14:30:00.245308695
11,5074.5,44,5074.75,14:30:00.245316989
12,5074.5,44,5074.75,14:30:00.245429110
13,5074.5,44,5074.75,14:30:00.245453181
13,5074.5,44,5074.75,14:30:00.245461690
13,5074.5,44,5074.75,14:30:00.245616774
13,5074.5,44,5074.75,14:30:00.245616774
13,5074.5,44,5074.75,14:30:00.245625001
12,5074.5,44,5074.75,14:30:00.247743192
13,5074.5,44,5074.75,14:30:00.248223413
12,5074.5,44,5074.75,14:30:00.248738556
12,5074.5,43,5074.75,14:30:00.249829944
11,5074.5,43,5074.75,14:30:00.258647783
11,5074.5,46,5074.75,14:30:00.288682926
10,5074.5,46,5074.75,14:30:00.288920454
8,5074.5,46,5074.75,14:30:00.288928554
7,5074.5,46,5074.75,14:30:00.288935952
6,5074.5,46,5074.75,14:30:00.289035253
8,5074.5,46,5074.75,14:30:00.293764091
9,5074.5,46,5074.75,14:30:00.293929099
10,5074.5,46,5074.75,14:30:00.293937637
10,5074.5,43,5074.75,14:30:00.294005581
11,5074.5,43,5074.75,14:30:00.294111100
11,5074.5,43,5074.75,14:30:00.298773184
14,5074.5,43,5074.75,14:30:00.301355575
15,5074.5,43,5074.75,14:30:00.325644049
15,5074.5,43,5074.75,14:30:00.327502855
15,5074.5,43,5074.75,14:30:00.327768073
15,5074.5,43,5074.75,14:30:00.347461059
15,5074.5,43,5074.75,14:30:00.359833238
15,5074.5,43,5074.75,14:30:00.363654531
15,5074.5,43,5074.75,14:30:00.363654531
15,5074.5,43,5074.75,14:30:00.364063259
15,5074.5,43,5074.75,14:30:00.364115100
15,5074.5,42,5074.75,14:30:00.366047799
15,5074.5,42,5074.75,14:30:00.366178246
15,5074.5,42,5074.75,14:30:00.366188995
15,5074.5,41,5074.75,14:30:00.387943875
15,5074.5,41,5074.75,14:30:00.391161271
15,5074.5,41,5074.75,14:30:00.398326059
15,5074.5,40,5074.75,14:30:00.441345404
15,5074.5,40,5074.75,14:30:00.441808296
15,5074.5,40,5074.75,14:30:00.441827637
14,5074.5,40,5074.75,14:30:00.447845448
14,5074.5,40,5074.75,14:30:00.455687379
16,5074.5,40,5074.75,14:30:00.456371607
16,5074.5,38,5074.75,14:30:00.460288537
16,5074.5,37,5074.75,14:30:00.460298003
16,5074.5,34,5074.75,14:30:00.460308608
20,5074.5,34,5074.75,14:30:00.460369678
21,5074.5,34,5074.75,14:30:00.460407820
26,5074.5,34,5074.75,14:30:00.460423843
27,5074.5,34,5074.75,14:30:00.460433916
26,5074.5,34,5074.75,14:30:00.460460455
27,5074.5,34,5074.75,14:30:00.460481229
27,5074.5,34,5074.75,14:30:00.460525198
26,5074.5,34,5074.75,14:30:00.460556088
26,5074.5,34,5074.75,14:30:00.461153464
26,5074.5,34,5074.75,14:30:00.461153464
27,5074.5,34,5074.75,14:30:00.468866163
27,5074.5,34,5074.75,14:30:00.468982950
28,5074.5,34,5074.75,14:30:00.469265608
29,5074.5,34,5074.75,14:30:00.469274322
29,5074.5,33,5074.75,14:30:00.469416440
29,5074.5,33,5074.75,14:30:00.469551623
28,5074.5,33,5074.75,14:30:00.471123681
30,5074.5,33,5074.75,14:30:00.477677330
30,5074.5,33,5074.75,14:30:00.484664357
30,5074.5,33,5074.75,14:30:00.484664357
29,5074.5,33,5074.75,14:30:00.486342480
28,5074.5,33,5074.75,14:30:00.486454521
27,5074.5,33,5074.75,14:30:00.486573624
27,5074.5,33,5074.75,14:30:00.505201533
27,5074.5,33,5074.75,14:30:00.505210614
27,5074.5,33,5074.75,14:30:00.505220762
27,5074.5,33,5074.75,14:30:00.505226381
27,5074.5,33,5074.75,14:30:00.505237897
27,5074.5,33,5074.75,14:30:00.505251370
27,5074.5,33,5074.75,14:30:00.505259933
27,5074.5,33,5074.75,14:30:00.505298799
27,5074.5,33,5074.75,14:30:00.505305164
27,5074.5,33,5074.75,14:30:00.505319084
27,5074.5,33,5074.75,14:30:00.505324530
27,5074.5,33,5074.75,14:30:00.505333228
27,5074.5,33,5074.75,14:30:00.505343020
27,5074.5,33,5074.75,14:30:00.505348150
27,5074.5,33,5074.75,14:30:00.505353008
27,5074.5,33,5074.75,14:30:00.505358198
27,5074.5,33,5074.75,14:30:00.505382496
27,5074.5,34,5074.75,14:30:00.525278242
27,5074.5,34,5074.75,14:30:00.541126049
27,5074.5,34,5074.75,14:30:00.541126049
28,5074.5,34,5074.75,14:30:00.547489890
28,5074.5,31,5074.75,14:30:00.596443997
28,5074.5,30,5074.75,14:30:00.596641938
28,5074.5,29,5074.75,14:30:00.596641938
28,5074.5,14,5074.75,14:30:00.596673519
28,5074.5,13,5074.75,14:30:00.596709139
29,5074.5,13,5074.75,14:30:00.596709139
29,5074.5,9,5074.75,14:30:00.596746448
29,5074.5,55,5075.0,14:30:00.596845553
29,5074.5,55,5075.0,14:30:00.596845553
30,5074.5,55,5075.0,14:30:00.596845553
1,5074.75,55,5075.0,14:30:00.596845553
1,5074.75,55,5075.0,14:30:00.596845553
3,5074.75,55,5075.0,14:30:00.596850814
4,5074.75,55,5075.0,14:30:00.596856862
4,5074.75,55,5075.0,14:30:00.596932605
4,5074.75,55,5075.0,14:30:00.596944644
5,5074.75,55,5075.0,14:30:00.596962142
6,5074.75,55,5075.0,14:30:00.596997787
6,5074.75,55,5075.0,14:30:00.597012600
6,5074.75,55,5075.0,14:30:00.597027132
6,5074.75,55,5075.0,14:30:00.597034274
6,5074.75,55,5075.0,14:30:00.597041526
6,5074.75,55,5075.0,14:30:00.597047411
6,5074.75,54,5075.0,14:30:00.597062995
6,5074.75,53,5075.0,14:30:00.597075293
6,5074.75,53,5075.0,14:30:00.597080906
6,5074.75,53,5075.0,14:30:00.597093946
7,5074.75,53,5075.0,14:30:00.597106669
7,5074.75,53,5075.0,14:30:00.597113703
7,5074.75,53,5075.0,14:30:00.597130929
6,5074.75,53,5075.0,14:30:00.597280885
7,5074.75,53,5075.0,14:30:00.597280885
35,5074.5,53,5075.0,14:30:00.597533834
35,5074.5,53,5075.0,14:30:00.597533834
33,5074.5,53,5075.0,14:30:00.597562112
33,5074.5,4,5074.75,14:30:00.597574672
33,5074.5,6,5074.75,14:30:00.597586094
33,5074.5,7,5074.75,14:30:00.597591290
32,5074.5,7,5074.75,14:30:00.597636856
32,5074.5,9,5074.75,14:30:00.597650370
32,5074.5,10,5074.75,14:30:00.597678527
32,5074.5,11,5074.75,14:30:00.597693356
33,5074.5,11,5074.75,14:30:00.597702141
34,5074.5,11,5074.75,14:30:00.597719095
35,5074.5,11,5074.75,14:30:00.597725450
35,5074.5,12,5074.75,14:30:00.597731514
34,5074.5,12,5074.75,14:30:00.597736506
34,5074.5,13,5074.75,14:30:00.597768523
34,5074.5,13,5074.75,14:30:00.597780318
34,5074.5,13,5074.75,14:30:00.597889390
34,5074.5,13,5074.75,14:30:00.597889390
34,5074.5,12,5074.75,14:30:00.598018808
34,5074.5,12,5074.75,14:30:00.598802752
34,5074.5,13,5074.75,14:30:00.598907947
33,5074.5,13,5074.75,14:30:00.598987917
33,5074.5,16,5074.75,14:30:00.599000013
32,5074.5,16,5074.75,14:30:00.599024023
28,5074.5,16,5074.75,14:30:00.599084684
27,5074.5,16,5074.75,14:30:00.599420041
27,5074.5,16,5074.75,14:30:00.599602240
27,5074.5,16,5074.75,14:30:00.599602240
26,5074.5,16,5074.75,14:30:00.607069142
25,5074.5,16,5074.75,14:30:00.607174860
24,5074.5,16,5074.75,14:30:00.607181602
23,5074.5,16,5074.75,14:30:00.607298763
18,5074.5,16,5074.75,14:30:00.607364639
18,5074.5,17,5074.75,14:30:00.607459371
18,5074.5,17,5074.75,14:30:00.609818651
18,5074.5,17,5074.75,14:30:00.609818651
18,5074.5,16,5074.75,14:30:00.609839397
18,5074.5,17,5074.75,14:30:00.614996851
18,5074.5,17,5074.75,14:30:00.617362406
18,5074.5,17,5074.75,14:30:00.617362406
16,5074.5,17,5074.75,14:30:00.621509443
15,5074.5,17,5074.75,14:30:00.621517218
14,5074.5,17,5074.75,14:30:00.621648060
13,5074.5,17,5074.75,14:30:00.621925928
12,5074.5,17,5074.75,14:30:00.621938857
12,5074.5,23,5074.75,14:30:00.621944466
12,5074.5,26,5074.75,14:30:00.621969686
10,5074.5,26,5074.75,14:30:00.622167984
9,5074.5,26,5074.75,14:30:00.622280220
9,5074.5,26,5074.75,14:30:00.623138472
9,5074.5,26,5074.75,14:30:00.623138472
12,5074.5,26,5074.75,14:30:00.625698568
9,5074.5,26,5074.75,14:30:00.630058201
8,5074.5,26,5074.75,14:30:00.635694267
7,5074.5,26,5074.75,14:30:00.635906093
6,5074.5,26,5074.75,14:30:00.635906093
4,5074.5,26,5074.75,14:30:00.636053362
4,5074.5,25,5074.75,14:30:00.647013762
5,5074.5,25,5074.75,14:30:00.647081559
6,5074.5,25,5074.75,14:30:00.647093885
7,5074.5,25,5074.75,14:30:00.647109563
8,5074.5,25,5074.75,14:30:00.647168418
9,5074.5,25,5074.75,14:30:00.647216461
10,5074.5,25,5074.75,14:30:00.647222403
9,5074.5,25,5074.75,14:30:00.649772644
8,5074.5,25,5074.75,14:30:00.649814856
8,5074.5,25,5074.75,14:30:00.650773268
9,5074.5,25,5074.75,14:30:00.684847431
10,5074.5,25,5074.75,14:30:00.684853377
13,5074.5,25,5074.75,14:30:00.684860903
13,5074.5,19,5074.75,14:30:00.684965116
13,5074.5,18,5074.75,14:30:00.685050443
13,5074.5,19,5074.75,14:30:00.699113450
14,5074.5,19,5074.75,14:30:00.713499785
14,5074.5,18,5074.75,14:30:00.721029616
14,5074.5,18,5074.75,14:30:00.721139491
14,5074.5,19,5074.75,14:30:00.721837527
13,5074.5,19,5074.75,14:30:00.721923247
12,5074.5,19,5074.75,14:30:00.721944813
11,5074.5,19,5074.75,14:30:00.722147652
12,5074.5,19,5074.75,14:30:00.725566559
13,5074.5,19,5074.75,14:30:00.725578380
12,5074.5,19,5074.75,14:30:00.729054617
11,5074.5,19,5074.75,14:30:00.729062364
11,5074.5,54,5075.0,14:30:00.737764492
11,5074.5,53,5075.0,14:30:00.737764492
11,5074.5,53,5075.0,14:30:00.737764492
13,5074.5,53,5075.0,14:30:00.737764492
15,5074.5,53,5075.0,14:30:00.737764492
16,5074.5,53,5075.0,14:30:00.737771733
16,5074.5,2,5074.75,14:30:00.737777404
17,5074.5,2,5074.75,14:30:00.737785538
21,5074.5,2,5074.75,14:30:00.737792281
23,5074.5,2,5074.75,14:30:00.737803567
23,5074.5,4,5074.75,14:30:00.737816469
23,5074.5,3,5074.75,14:30:00.737927872
23,5074.5,1,5074.75,14:30:00.737927872
23,5074.5,53,5075.0,14:30:00.737927872
23,5074.5,53,5075.0,14:30:00.737927872
2,5074.75,53,5075.0,14:30:00.737927872
2,5074.75,53,5075.0,14:30:00.737927872
2,5074.75,53,5075.0,14:30:00.737954041
9,5074.75,53,5075.0,14:30:00.737965273
10,5074.75,53,5075.0,14:30:00.737974685
8,5074.75,53,5075.0,14:30:00.737988135
8,5074.75,53,5075.0,14:30:00.737995866
8,5074.75,53,5075.0,14:30:00.738003322
8,5074.75,54,5075.0,14:30:00.738014974
6,5074.75,54,5075.0,14:30:00.738178942
6,5074.75,54,5075.0,14:30:00.738178942
5,5074.75,54,5075.0,14:30:00.738178942
5,5074.75,54,5075.0,14:30:00.738178942
5,5074.75,54,5075.0,14:30:00.738178942
5,5074.75,53,5075.0,14:30:00.738245753
23,5074.5,53,5075.0,14:30:00.738319165
23,5074.5,53,5075.0,14:30:00.738319165
23,5074.5,3,5074.75,14:30:00.738319165
29,5074.5,3,5074.75,14:30:00.738319165
29,5074.5,5,5074.75,14:30:00.738319165
29,5074.5,4,5074.75,14:30:00.738319165
29,5074.5,2,5074.75,14:30:00.738334855
29,5074.5,53,5075.0,14:30:00.738334855
29,5074.5,53,5075.0,14:30:00.738334855
1,5074.75,53,5075.0,14:30:00.738334855
1,5074.75,53,5075.0,14:30:00.738334855
30,5074.5,53,5075.0,14:30:00.738386697
30,5074.5,53,5075.0,14:30:00.738386697
30,5074.5,2,5074.75,14:30:00.738423251
30,5074.5,3,5074.75,14:30:00.738444419
30,5074.5,4,5074.75,14:30:00.738450106
30,5074.5,5,5074.75,14:30:00.738455024
30,5074.5,6,5074.75,14:30:00.738462509
30,5074.5,6,5074.75,14:30:00.738514129
30,5074.5,8,5074.75,14:30:00.738520513
30,5074.5,9,5074.75,14:30:00.738532872
30,5074.5,10,5074.75,14:30:00.738546408
30,5074.5,10,5074.75,14:30:00.738552383
30,5074.5,10,5074.75,14:30:00.738559167
30,5074.5,10,5074.75,14:30:00.738574012
30,5074.5,11,5074.75,14:30:00.738579126
29,5074.5,11,5074.75,14:30:00.738633028
29,5074.5,10,5074.75,14:30:00.738765501
29,5074.5,11,5074.75,14:30:00.753359977
23,5074.5,11,5074.75,14:30:00.823813459
23,5074.5,14,5074.75,14:30:00.823927842
23,5074.5,15,5074.75,14:30:00.828970385
22,5074.5,15,5074.75,14:30:00.829069741
23,5074.5,15,5074.75,14:30:00.871815685
23,5074.5,12,5074.75,14:30:00.872674454
23,5074.5,15,5074.75,14:30:00.872959788
20,5074.5,15,5074.75,14:30:00.873154688
19,5074.5,15,5074.75,14:30:00.878818315
18,5074.5,15,5074.75,14:30:00.878863984
17,5074.5,15,5074.75,14:30:00.878964981
15,5074.5,15,5074.75,14:30:00.882609986
15,5074.5,15,5074.75,14:30:00.906003392
15,5074.5,18,5074.75,14:30:00.915101777
13,5074.5,18,5074.75,14:30:00.915108199
10,5074.5,18,5074.75,14:30:00.915218323
9,5074.5,18,5074.75,14:30:00.915248170
9,5074.5,24,5074.75,14:30:00.915327765
9,5074.5,24,5074.75,14:30:00.915623765
9,5074.5,24,5074.75,14:30:00.915623765
40,5074.25,24,5074.75,14:30:00.918374227
40,5074.25,24,5074.75,14:30:00.918374227
40,5074.25,1,5074.5,14:30:00.918387856
40,5074.25,2,5074.5,14:30:00.918406416
40,5074.25,6,5074.5,14:30:00.918411885
40,5074.25,7,5074.5,14:30:00.918515250
40,5074.25,8,5074.5,14:30:00.918521452
39,5074.25,8,5074.5,14:30:00.918543395
39,5074.25,8,5074.5,14:30:00.918548739
40,5074.25,8,5074.5,14:30:00.918555654
39,5074.25,8,5074.5,14:30:00.918568292
39,5074.25,7,5074.5,14:30:00.918657289
38,5074.25,7,5074.5,14:30:00.918657289
38,5074.25,7,5074.5,14:30:00.918657289
38,5074.25,6,5074.5,14:30:00.918857608
38,5074.25,4,5074.5,14:30:00.918857608
38,5074.25,2,5074.5,14:30:00.918857608
38,5074.25,1,5074.5,14:30:00.919016304
38,5074.25,25,5074.75,14:30:00.919016304
38,5074.25,25,5074.75,14:30:00.919016304
4,5074.5,25,5074.75,14:30:00.919016304
8,5074.5,25,5074.75,14:30:00.919026115
10,5074.5,25,5074.75,14:30:00.919026115
6,5074.5,25,5074.75,14:30:00.919121522
7,5074.5,25,5074.75,14:30:00.919152729
8,5074.5,25,5074.75,14:30:00.919160220
4,5074.5,25,5074.75,14:30:00.919167926
4,5074.5,25,5074.75,14:30:00.919180976
2,5074.5,25,5074.75,14:30:00.919227866
2,5074.5,25,5074.75,14:30:00.919276754
1,5074.5,25,5074.75,14:30:00.919373837
38,5074.25,25,5074.75,14:30:00.919544283
38,5074.25,25,5074.75,14:30:00.919544283
38,5074.25,2,5074.5,14:30:00.919642070
38,5074.25,4,5074.5,14:30:00.919654371
39,5074.25,4,5074.5,14:30:00.919666902
39,5074.25,10,5074.5,14:30:00.920600422
39,5074.25,11,5074.5,14:30:00.920693425
39,5074.25,12,5074.5,14:30:00.920708616
39,5074.25,13,5074.5,14:30:00.920717352
38,5074.25,13,5074.5,14:30:00.921234614
37,5074.25,13,5074.5,14:30:00.921342213
37,5074.25,16,5074.5,14:30:00.924131439
36,5074.25,16,5074.5,14:30:00.925101809
37,5074.25,16,5074.5,14:30:00.925760440
36,5074.25,16,5074.5,14:30:00.926547176
35,5074.25,16,5074.5,14:30:00.926645744
34,5074.25,16,5074.5,14:30:00.926679607
34,5074.25,16,5074.5,14:30:00.926686417
34,5074.25,16,5074.5,14:30:00.926692010
29,5074.25,16,5074.5,14:30:00.926786592
28,5074.25,16,5074.5,14:30:00.926941248
28,5074.25,16,5074.5,14:30:00.927157377
28,5074.25,16,5074.5,14:30:00.927157377
28,5074.25,17,5074.5,14:30:00.928129063
27,5074.25,17,5074.5,14:30:00.928795022
27,5074.25,16,5074.5,14:30:00.929316556
27,5074.25,16,5074.5,14:30:00.930196475
27,5074.25,16,5074.5,14:30:00.930196475
27,5074.25,16,5074.5,14:30:00.937556866
27,5074.25,16,5074.5,14:30:00.938083114
27,5074.25,19,5074.5,14:30:00.938308187
24,5074.25,19,5074.5,14:30:00.938405760
20,5074.25,19,5074.5,14:30:00.938453499
20,5074.25,20,5074.5,14:30:00.938511945
20,5074.25,25,5074.5,14:30:00.938920158
20,5074.25,25,5074.5,14:30:00.939339552
20,5074.25,25,5074.5,14:30:00.942567515
20,5074.25,24,5074.5,14:30:00.948087303
20,5074.25,19,5074.5,14:30:00.948341548
20,5074.25,19,5074.5,14:30:00.966939373
20,5074.25,19,5074.5,14:30:00.966979578
20,5074.25,19,5074.5,14:30:00.967044191
19,5074.25,19,5074.5,14:30:00.976275411
19,5074.25,19,5074.5,14:30:00.976275411
21,5074.25,19,5074.5,14:30:01.004475473
21,5074.25,19,5074.5,14:30:01.004584576
24,5074.25,19,5074.5,14:30:01.004591889
21,5074.25,19,5074.5,14:30:01.004963419
19,5074.25,19,5074.5,14:30:01.005236932
20,5074.25,19,5074.5,14:30:01.016063822
22,5074.25,19,5074.5,14:30:01.016136909
25,5074.25,19,5074.5,14:30:01.021181579
25,5074.25,16,5074.5,14:30:01.021213922
22,5074.25,16,5074.5,14:30:01.022397265
22,5074.25,16,5074.5,14:30:01.032807935
22,5074.25,16,5074.5,14:30:01.032807935
22,5074.25,16,5074.5,14:30:01.036839947
20,5074.25,16,5074.5,14:30:01.046476672
20,5074.25,19,5074.5,14:30:01.046483383
20,5074.25,20,5074.5,14:30:01.046494633
20,5074.25,19,5074.5,14:30:01.046597177
20,5074.25,20,5074.5,14:30:01.056566873
20,5074.25,19,5074.5,14:30:01.057612881
20,5074.25,19,5074.5,14:30:01.059561522
20,5074.25,19,5074.5,14:30:01.059561522
59,5074.0,19,5074.5,14:30:01.083158491
29,5074.0,19,5074.5,14:30:01.083158491
29,5074.0,19,5074.5,14:30:01.083158491
29,5074.0,1,5074.25,14:30:01.083168753
29,5074.0,2,5074.25,14:30:01.083192347
29,5074.0,6,5074.25,14:30:01.083204565
29,5074.0,6,5074.25,14:30:01.083231430
29,5074.0,6,5074.25,14:30:01.083236323
29,5074.0,6,5074.25,14:30:01.083278461
29,5074.0,7,5074.25,14:30:01.083287674
29,5074.0,9,5074.25,14:30:01.083293696
29,5074.0,10,5074.25,14:30:01.083302014
29,5074.0,11,5074.25,14:30:01.083309978
29,5074.0,11,5074.25,14:30:01.083348661
29,5074.0,11,5074.25,14:30:01.083354219
29,5074.0,11,5074.25,14:30:01.083381689
29,5074.0,11,5074.25,14:30:01.083389750
28,5074.0,11,5074.25,14:30:01.083428527
28,5074.0,11,5074.25,14:30:01.083468848
25,5074.0,11,5074.25,14:30:01.083480832
28,5074.0,11,5074.25,14:30:01.083489060
29,5074.0,11,5074.25,14:30:01.083494609
28,5074.0,11,5074.25,14:30:01.083535119
27,5074.0,11,5074.25,14:30:01.083543231
27,5074.0,11,5074.25,14:30:01.083552754
28,5074.0,11,5074.25,14:30:01.083555894
29,5074.0,11,5074.25,14:30:01.083565107
29,5074.0,10,5074.25,14:30:01.083650162
29,5074.0,13,5074.25,14:30:01.083650162
28,5074.0,13,5074.25,14:30:01.083650162
28,5074.0,13,5074.25,14:30:01.083650162
29,5074.0,13,5074.25,14:30:01.083659086
29,5074.0,9,5074.25,14:30:01.083821164
29,5074.0,8,5074.25,14:30:01.083821164
29,5074.0,30,5074.5,14:30:01.083947630
29,5074.0,30,5074.5,14:30:01.083947630
2,5074.25,30,5074.5,14:30:01.083947630
2,5074.25,30,5074.5,14:30:01.083947630
2,5074.25,30,5074.5,14:30:01.083952654
1,5074.25,30,5074.5,14:30:01.084031517
1,5074.25,30,5074.5,14:30:01.084031517
5,5074.25,30,5074.5,14:30:01.084056208
7,5074.25,30,5074.5,14:30:01.084056208
9,5074.25,30,5074.5,14:30:01.084068666
9,5074.25,30,5074.5,14:30:01.084074221
13,5074.25,30,5074.5,14:30:01.084086288
13,5074.25,30,5074.5,14:30:01.084094346
13,5074.25,29,5074.5,14:30:01.084118606
14,5074.25,29,5074.5,14:30:01.084125720
12,5074.25,29,5074.5,14:30:01.084140539
12,5074.25,29,5074.5,14:30:01.084146392
12,5074.25,29,5074.5,14:30:01.084152402
13,5074.25,29,5074.5,14:30:01.084182514
14,5074.25,29,5074.5,14:30:01.084225891
14,5074.25,28,5074.5,14:30:01.084233463
13,5074.25,28,5074.5,14:30:01.084274907
9,5074.25,28,5074.5,14:30:01.084469796
9,5074.25,28,5074.5,14:30:01.084583384
9,5074.25,28,5074.5,14:30:01.084583384
9,5074.25,28,5074.5,14:30:01.084807813
11,5074.25,28,5074.5,14:30:01.086646980
9,5074.25,28,5074.5,14:30:01.086878966
12,5074.25,28,5074.5,14:30:01.086923168
12,5074.25,22,5074.5,14:30:01.087567984
12,5074.25,22,5074.5,14:30:01.087971077
10,5074.25,22,5074.5,14:30:01.091213581
6,5074.25,22,5074.5,14:30:01.091222650
3,5074.25,22,5074.5,14:30:01.091311372
3,5074.25,23,5074.5,14:30:01.091343904
2,5074.25,23,5074.5,14:30:01.091417470
1,5074.25,23,5074.5,14:30:01.091425028
1,5074.25,22,5074.5,14:30:01.091516557
1,5074.25,22,5074.5,14:30:01.091779384
3,5074.25,22,5074.5,14:30:01.091823312
5,5074.25,22,5074.5,14:30:01.091830761
6,5074.25,22,5074.5,14:30:01.091942120
6,5074.25,21,5074.5,14:30:01.093276157
6,5074.25,20,5074.5,14:30:01.093377388
6,5074.25,20,5074.5,14:30:01.093387167
7,5074.25,20,5074.5,14:30:01.093465143
10,5074.25,20,5074.5,14:30:01.093568358
11,5074.25,20,5074.5,14:30:01.093672456
11,5074.25,20,5074.5,14:30:01.094936939
12,5074.25,20,5074.5,14:30:01.101256481
12,5074.25,20,5074.5,14:30:01.104232186
12,5074.25,20,5074.5,14:30:01.107972514
11,5074.25,20,5074.5,14:30:01.111607240
11,5074.25,20,5074.5,14:30:01.111752555
12,5074.25,20,5074.5,14:30:01.120340049
12,5074.25,17,5074.5,14:30:01.120378271
16,5074.25,17,5074.5,14:30:01.120411308
21,5074.25,17,5074.5,14:30:01.120717302
21,5074.25,16,5074.5,14:30:01.120939518
21,5074.25,16,5074.5,14:30:01.124020707
21,5074.25,16,5074.5,14:30:01.124020707
21,5074.25,13,5074.5,14:30:01.124681414
21,5074.25,13,5074.5,14:30:01.125504257
21,5074.25,13,5074.5,14:30:01.125504257
22,5074.25,13,5074.5,14:30:01.133144756
22,5074.25,13,5074.5,14:30:01.134860698
20,5074.25,13,5074.5,14:30:01.135031745
21,5074.25,13,5074.5,14:30:01.135106661
22,5074.25,13,5074.5,14:30:01.141637782
22,5074.25,13,5074.5,14:30:01.171033766
21,5074.25,13,5074.5,14:30:01.174682448
22,5074.25,13,5074.5,14:30:01.174768485
22,5074.25,16,5074.5,14:30:01.192686296
21,5074.25,16,5074.5,14:30:01.204973018
21,5074.25,16,5074.5,14:30:01.204989520
16,5074.25,16,5074.5,14:30:01.205072876
12,5074.25,16,5074.5,14:30:01.205262803
11,5074.25,16,5074.5,14:30:01.205357589
12,5074.25,16,5074.5,14:30:01.216540656
12,5074.25,16,5074.5,14:30:01.217621519
11,5074.25,16,5074.5,14:30:01.218381096
11,5074.25,16,5074.5,14:30:01.235287008
12,5074.25,16,5074.5,14:30:01.247821142
14,5074.25,16,5074.5,14:30:01.253421777
15,5074.25,16,5074.5,14:30:01.253430049
15,5074.25,13,5074.5,14:30:01.253661801
20,5074.25,13,5074.5,14:30:01.253763982
20,5074.25,13,5074.5,14:30:01.256879565
21,5074.25,13,5074.5,14:30:01.257023670
25,5074.25,13,5074.5,14:30:01.279896228
25,5074.25,11,5074.5,14:30:01.279899665
28,5074.25,11,5074.5,14:30:01.279905959
28,5074.25,30,5074.75,14:30:01.281013111
28,5074.25,30,5074.75,14:30:01.281013111
4,5074.5,30,5074.75,14:30:01.281013111
5,5074.5,30,5074.75,14:30:01.281021387
6,5074.5,30,5074.75,14:30:01.281021387
2,5074.5,30,5074.75,14:30:01.281046286
1,5074.5,30,5074.75,14:30:01.281046286
28,5074.25,30,5074.75,14:30:01.281046286
28,5074.25,30,5074.75,14:30:01.281046286
2,5074.5,30,5074.75,14:30:01.281046286
5,5074.5,30,5074.75,14:30:01.281061803
5,5074.5,29,5074.75,14:30:01.281791667
5,5074.5,28,5074.75,14:30:01.281800976
5,5074.5,28,5074.75,14:30:01.281800976
5,5074.5,28,5074.75,14:30:01.281805910
6,5074.5,28,5074.75,14:30:01.281814784
4,5074.5,28,5074.75,14:30:01.281857444
4,5074.5,28,5074.75,14:30:01.281863169
4,5074.5,28,5074.75,14:30:01.281899174
4,5074.5,28,5074.75,14:30:01.281904265
4,5074.5,28,5074.75,14:30:01.281917545
5,5074.5,28,5074.75,14:30:01.281977278
6,5074.5,28,5074.75,14:30:01.282377321
7,5074.5,28,5074.75,14:30:01.282388710
9,5074.5,28,5074.75,14:30:01.282397712
10,5074.5,28,5074.75,14:30:01.282485435
11,5074.5,28,5074.75,14:30:01.282998796
11,5074.5,28,5074.75,14:30:01.288358188
11,5074.5,28,5074.75,14:30:01.288358188
11,5074.5,28,5074.75,14:30:01.288371615
11,5074.5,22,5074.75,14:30:01.289131636
12,5074.5,22,5074.75,14:30:01.289266026
12,5074.5,21,5074.75,14:30:01.289271642
14,5074.5,21,5074.75,14:30:01.289584263
14,5074.5,21,5074.75,14:30:01.291533291
12,5074.5,21,5074.75,14:30:01.295218671
12,5074.5,21,5074.75,14:30:01.298060991
10,5074.5,21,5074.75,14:30:01.322530137
9,5074.5,21,5074.75,14:30:01.322540761
8,5074.5,21,5074.75,14:30:01.322547434
8,5074.5,21,5074.75,14:30:01.322673772
8,5074.5,21,5074.75,14:30:01.323008515
8,5074.5,27,5074.75,14:30:01.323109589
5,5074.5,27,5074.75,14:30:01.323209364
4,5074.5,27,5074.75,14:30:01.323311465
7,5074.5,27,5074.75,14:30:01.329666700
8,5074.5,27,5074.75,14:30:01.329692675
9,5074.5,27,5074.75,14:30:01.329699418
10,5074.5,27,5074.75,14:30:01.329793010
9,5074.5,27,5074.75,14:30:01.330886062
8,5074.5,27,5074.75,14:30:01.332491762
8,5074.5,27,5074.75,14:30:01.350219940
9,5074.5,27,5074.75,14:30:01.375306411
10,5074.5,27,5074.75,14:30:01.375313023
10,5074.5,21,5074.75,14:30:01.394487764
9,5074.5,21,5074.75,14:30:01.394539448
8,5074.5,21,5074.75,14:30:01.394548738
9,5074.5,21,5074.75,14:30:01.405161660
10,5074.5,21,5074.75,14:30:01.405167208
12,5074.5,21,5074.75,14:30:01.405305307
12,5074.5,24,5074.75,14:30:01.423404069
10,5074.5,24,5074.75,14:30:01.423514356
9,5074.5,24,5074.75,14:30:01.423558491
8,5074.5,24,5074.75,14:30:01.423567781
9,5074.5,24,5074.75,14:30:01.430061711
10,5074.5,24,5074.75,14:30:01.430069227
12,5074.5,24,5074.75,14:30:01.430155274
14,5074.5,24,5074.75,14:30:01.436613276
14,5074.5,21,5074.75,14:30:01.436828106
14,5074.5,18,5074.75,14:30:01.438582215
14,5074.5,18,5074.75,14:30:01.438659721
14,5074.5,18,5074.75,14:30:01.438659721
14,5074.5,18,5074.75,14:30:01.438687436
14,5074.5,21,5074.75,14:30:01.440857714
12,5074.5,21,5074.75,14:30:01.441416685
11,5074.5,21,5074.75,14:30:01.441473838
10,5074.5,21,5074.75,14:30:01.441477611
12,5074.5,21,5074.75,14:30:01.445695904
14,5074.5,21,5074.75,14:30:01.445703760
14,5074.5,21,5074.75,14:30:01.465079857
14,5074.5,21,5074.75,14:30:01.477986268
14,5074.5,21,5074.75,14:30:01.477986268
14,5074.5,21,5074.75,14:30:01.487116467
12,5074.5,21,5074.75,14:30:01.510805214
10,5074.5,21,5074.75,14:30:01.514661698
10,5074.5,21,5074.75,14:30:01.534484083
10,5074.5,21,5074.75,14:30:01.534484083
10,5074.5,21,5074.75,14:30:01.570288911
10,5074.5,21,5074.75,14:30:01.570407556
12,5074.5,21,5074.75,14:30:01.581940957
14,5074.5,21,5074.75,14:30:01.581947642
14,5074.5,21,5074.75,14:30:01.590730760
14,5074.5,21,5074.75,14:30:01.590730760
14,5074.5,21,5074.75,14:30:01.600115826
14,5074.5,21,5074.75,14:30:01.600160828
12,5074.5,21,5074.75,14:30:01.601751078
10,5074.5,21,5074.75,14:30:01.601761923
7,5074.5,21,5074.75,14:30:01.601840641
9,5074.5,21,5074.75,14:30:01.602335013
7,5074.5,21,5074.75,14:30:01.607792826
7,5074.5,21,5074.75,14:30:01.614234037
7,5074.5,21,5074.75,14:30:01.614244620
9,5074.5,21,5074.75,14:30:01.614605014
11,5074.5,21,5074.75,14:30:01.614667627
14,5074.5,21,5074.75,14:30:01.614687128
12,5074.5,21,5074.75,14:30:01.615772419
9,5074.5,21,5074.75,14:30:01.615870761
12,5074.5,21,5074.75,14:30:01.623001023
12,5074.5,21,5074.75,14:30:01.654302260
14,5074.5,21,5074.75,14:30:01.669715307
12,5074.5,21,5074.75,14:30:01.708584287
9,5074.5,21,5074.75,14:30:01.708590892
12,5074.5,21,5074.75,14:30:01.711480434
12,5074.5,14,5074.75,14:30:01.734569124
14,5074.5,14,5074.75,14:30:01.734600220
17,5074.5,14,5074.75,14:30:01.734641388
19,5074.5,14,5074.75,14:30:01.734653731
23,5074.5,14,5074.75,14:30:01.734660410
23,5074.5,16,5074.75,14:30:01.734672109
23,5074.5,16,5074.75,14:30:01.734690564
21,5074.5,16,5074.75,14:30:01.734750539
22,5074.5,16,5074.75,14:30:01.734775036
22,5074.5,17,5074.75,14:30:01.734788329
18,5074.5,17,5074.75,14:30:01.734804310
19,5074.5,17,5074.75,14:30:01.735283321
19,5074.5,17,5074.75,14:30:01.739661214
19,5074.5,17,5074.75,14:30:01.739712127
16,5074.5,17,5074.75,14:30:01.765228908
13,5074.5,17,5074.75,14:30:01.807726908
11,5074.5,17,5074.75,14:30:01.807735452
9,5074.5,17,5074.75,14:30:01.807745916
9,5074.5,23,5074.75,14:30:01.807842846
9,5074.5,23,5074.75,14:30:01.826614540
9,5074.5,23,5074.75,14:30:01.838000188
9,5074.5,23,5074.75,14:30:01.838915160
9,5074.5,23,5074.75,14:30:01.839054391
12,5074.5,23,5074.75,14:30:01.860170692
13,5074.5,23,5074.75,14:30:01.860271981
15,5074.5,23,5074.75,14:30:01.860279968
16,5074.5,23,5074.75,14:30:01.860287472
16,5074.5,17,5074.75,14:30:01.860296301
16,5074.5,17,5074.75,14:30:01.883069766
16,5074.5,17,5074.75,14:30:01.893370086
15,5074.5,17,5074.75,14:30:01.897526275
13,5074.5,17,5074.75,14:30:01.897557213
12,5074.5,17,5074.75,14:30:01.897568644
9,5074.5,17,5074.75,14:30:01.897670345
9,5074.5,23,5074.75,14:30:01.897902078
10,5074.5,23,5074.75,14:30:01.898285970
11,5074.5,23,5074.75,14:30:01.898291878
13,5074.5,23,5074.75,14:30:01.898304627
16,5074.5,23,5074.75,14:30:01.898400673
16,5074.5,17,5074.75,14:30:01.899524312
13,5074.5,17,5074.75,14:30:01.909058600
12,5074.5,17,5074.75,14:30:01.917158668
10,5074.5,17,5074.75,14:30:01.917245940
9,5074.5,17,5074.75,14:30:01.917331801
8,5074.5,17,5074.75,14:30:01.917345152
9,5074.5,17,5074.75,14:30:01.917732606
10,5074.5,17,5074.75,14:30:01.917739390
13,5074.5,17,5074.75,14:30:01.917746859
12,5074.5,17,5074.75,14:30:01.920517846
11,5074.5,17,5074.75,14:30:01.920529389
8,5074.5,17,5074.75,14:30:01.920636066
5,5074.5,17,5074.75,14:30:01.920859504
5,5074.5,20,5074.75,14:30:01.920949595
6,5074.5,20,5074.75,14:30:01.921429941
7,5074.5,20,5074.75,14:30:01.921443519
8,5074.5,20,5074.75,14:30:01.921548353
11,5074.5,20,5074.75,14:30:01.921554782
8,5074.5,20,5074.75,14:30:01.922255539
7,5074.5,20,5074.75,14:30:01.922369618
6,5074.5,20,5074.75,14:30:01.922377192
5,5074.5,20,5074.75,14:30:01.922456500
30,5074.25,20,5074.75,14:30:01.926105370
30,5074.25,20,5074.75,14:30:01.926105370
30,5074.25,2,5074.5,14:30:01.926110234
30,5074.25,6,5074.5,14:30:01.926121281
30,5074.25,7,5074.5,14:30:01.926121281
30,5074.25,8,5074.5,14:30:01.926121281
30,5074.25,8,5074.5,14:30:01.926138433
30,5074.25,7,5074.5,14:30:01.926145054
30,5074.25,6,5074.5,14:30:01.926152856
30,5074.25,2,5074.5,14:30:01.926166613
30,5074.25,2,5074.5,14:30:01.926173970
30,5074.25,4,5074.5,14:30:01.926186578
30,5074.25,5,5074.5,14:30:01.926252867
29,5074.25,5,5074.5,14:30:01.926432846
28,5074.25,5,5074.5,14:30:01.926449371
28,5074.25,3,5074.5,14:30:01.926460097
28,5074.25,27,5074.75,14:30:01.926585380
28,5074.25,27,5074.75,14:30:01.926585380
29,5074.25,27,5074.75,14:30:01.926585380
28,5074.25,27,5074.75,14:30:01.926585380
28,5074.25,1,5074.5,14:30:01.926585380
28,5074.25,2,5074.5,14:30:01.926585380
28,5074.25,4,5074.5,14:30:01.926585380
29,5074.25,4,5074.5,14:30:01.926585380
29,5074.25,4,5074.5,14:30:01.926590052
29,5074.25,4,5074.5,14:30:01.926590052
29,5074.25,4,5074.5,14:30:01.926594897
29,5074.25,2,5074.5,14:30:01.926600922
29,5074.25,28,5074.75,14:30:01.926762968
29,5074.25,28,5074.75,14:30:01.926762968
2,5074.5,28,5074.75,14:30:01.926783931
4,5074.5,28,5074.75,14:30:01.926791151
4,5074.5,28,5074.75,14:30:01.926791151
4,5074.5,28,5074.75,14:30:01.926802549
6,5074.5,28,5074.75,14:30:01.926814396
6,5074.5,28,5074.75,14:30:01.926821765
10,5074.5,28,5074.75,14:30:01.926828885
10,5074.5,28,5074.75,14:30:01.926939006
11,5074.5,28,5074.75,14:30:01.926972194
12,5074.5,28,5074.75,14:30:01.927039254
13,5074.5,28,5074.75,14:30:01.927163212
9,5074.5,28,5074.75,14:30:01.927217786
12,5074.5,28,5074.75,14:30:01.928984439
9,5074.5,28,5074.75,14:30:01.930301976
7,5074.5,28,5074.75,14:30:01.931612339
5,5074.5,28,5074.75,14:30:01.931621424
3,5074.5,28,5074.75,14:30:01.931697579
2,5074.5,28,5074.75,14:30:01.931718811
29,5074.25,28,5074.75,14:30:01.931954218
29,5074.25,3,5074.5,14:30:01.931954218
29,5074.25,3,5074.5,14:30:01.931954218
29,5074.25,28,5074.75,14:30:01.932040901
29,5074.25,28,5074.75,14:30:01.932040901
29,5074.25,2,5074.5,14:30:01.932050031
29,5074.25,4,5074.5,14:30:01.932069593
30,5074.25,4,5074.5,14:30:01.932178289
30,5074.25,4,5074.5,14:30:01.932706873
29,5074.25,4,5074.5,14:30:01.932822155
29,5074.25,4,5074.5,14:30:01.932942788
29,5074.25,4,5074.5,14:30:01.933341916
29,5074.25,4,5074.5,14:30:01.933341916
29,5074.25,7,5074.5,14:30:01.934353776
26,5074.25,7,5074.5,14:30:01.934362154
26,5074.25,8,5074.5,14:30:01.934452082
26,5074.25,9,5074.5,14:30:01.934460483
26,5074.25,10,5074.5,14:30:01.934569816
25,5074.25,10,5074.5,14:30:01.934600393
25,5074.25,10,5074.5,14:30:01.957433548
25,5074.25,10,5074.5,14:30:01.957433548
25,5074.25,10,5074.5,14:30:01.962938660
25,5074.25,10,5074.5,14:30:01.962950843
25,5074.25,10,5074.5,14:30:01.962996620
25,5074.25,10,5074.5,14:30:01.965690457
25,5074.25,10,5074.5,14:30:01.979657734
25,5074.25,10,5074.5,14:30:01.979657734
25,5074.25,9,5074.5,14:30:02.004362735
25,5074.25,9,5074.5,14:30:02.004433063
25,5074.25,10,5074.5,14:30:02.004448279
26,5074.25,10,5074.5,14:30:02.005016441
26,5074.25,9,5074.5,14:30:02.025646079
26,5074.25,7,5074.5,14:30:02.025723895
26,5074.25,6,5074.5,14:30:02.025736027
26,5074.25,3,5074.5,14:30:02.025927751
26,5074.25,1,5074.5,14:30:02.026186596
26,5074.25,32,5074.75,14:30:02.026186596
26,5074.25,32,5074.75,14:30:02.026186596
1,5074.5,32,5074.75,14:30:02.026298413
2,5074.5,32,5074.75,14:30:02.026328227
2,5074.5,32,5074.75,14:30:02.026341575
4,5074.5,32,5074.75,14:30:02.026348465
4,5074.5,33,5074.75,14:30:02.026371304
4,5074.5,33,5074.75,14:30:02.026377013
4,5074.5,33,5074.75,14:30:02.026383048
4,5074.5,32,5074.75,14:30:02.026406616
2,5074.5,32,5074.75,14:30:02.026481139
3,5074.5,32,5074.75,14:30:02.026547077
3,5074.5,32,5074.75,14:30:02.026553608
2,5074.5,32,5074.75,14:30:02.026583916
2,5074.5,32,5074.75,14:30:02.026633332
2,5074.5,32,5074.75,14:30:02.026633332
2,5074.5,32,5074.75,14:30:02.026692353
3,5074.5,32,5074.75,14:30:02.026803396
2,5074.5,32,5074.75,14:30:02.028845910
3,5074.5,32,5074.75,14:30:02.031212998
2,5074.5,32,5074.75,14:30:02.031392730
3,5074.5,32,5074.75,14:30:02.032640267
2,5074.5,32,5074.75,14:30:02.033507352
3,5074.5,32,5074.75,14:30:02.033839237
3,5074.5,32,5074.75,14:30:02.040894784
5,5074.5,32,5074.75,14:30:02.041722336
6,5074.5,32,5074.75,14:30:02.041816521
8,5074.5,32,5074.75,14:30:02.042029107
11,5074.5,32,5074.75,14:30:02.042036282
12,5074.5,32,5074.75,14:30:02.042129782
12,5074.5,26,5074.75,14:30:02.042141763
13,5074.5,26,5074.75,14:30:02.042246257
14,5074.5,26,5074.75,14:30:02.042261954
14,5074.5,23,5074.75,14:30:02.042792787
16,5074.5,23,5074.75,14:30:02.043869874
16,5074.5,23,5074.75,14:30:02.048154338
16,5074.5,24,5074.75,14:30:02.049097160
16,5074.5,24,5074.75,14:30:02.058378628
16,5074.5,24,5074.75,14:30:02.065143388
16,5074.5,24,5074.75,14:30:02.065278092
16,5074.5,24,5074.75,14:30:02.065787718
16,5074.5,23,5074.75,14:30:02.093293044
16,5074.5,24,5074.75,14:30:02.093379574
11,5074.5,24,5074.75,14:30:02.099544457
9,5074.5,24,5074.75,14:30:02.099577299
37,5074.25,24,5074.75,14:30:02.099786175
37,5074.25,24,5074.75,14:30:02.099786175
37,5074.25,3,5074.5,14:30:02.099786175
37,5074.25,3,5074.5,14:30:02.099786175
37,5074.25,3,5074.5,14:30:02.099786175
33,5074.25,3,5074.5,14:30:02.099786175
33,5074.25,4,5074.5,14:30:02.099790414
33,5074.25,5,5074.5,14:30:02.099796193
33,5074.25,6,5074.5,14:30:02.099825806
33,5074.25,6,5074.5,14:30:02.099919930
33,5074.25,7,5074.5,14:30:02.100034265
33,5074.25,7,5074.5,14:30:02.100392212
33,5074.25,7,5074.5,14:30:02.100392212
32,5074.25,7,5074.5,14:30:02.100507984
32,5074.25,6,5074.5,14:30:02.100516553
31,5074.25,6,5074.5,14:30:02.100567758
31,5074.25,1,5074.5,14:30:02.101513185
31,5074.25,35,5074.75,14:30:02.101513185
31,5074.25,35,5074.75,14:30:02.101513185
31,5074.25,34,5074.75,14:30:02.101554785
2,5074.5,34,5074.75,14:30:02.101560168
3,5074.5,34,5074.75,14:30:02.101581128
6,5074.5,34,5074.75,14:30:02.101619075
6,5074.5,34,5074.75,14:30:02.101632477
8,5074.5,34,5074.75,14:30:02.101658532
9,5074.5,34,5074.75,14:30:02.101669242
13,5074.5,34,5074.75,14:30:02.101697531
13,5074.5,34,5074.75,14:30:02.101734776
13,5074.5,34,5074.75,14:30:02.101746549
14,5074.5,34,5074.75,14:30:02.101753641
14,5074.5,34,5074.75,14:30:02.101760287
12,5074.5,34,5074.75,14:30:02.101767846
13,5074.5,34,5074.75,14:30:02.101777401
14,5074.5,34,5074.75,14:30:02.101809245
10,5074.5,34,5074.75,14:30:02.101856030
10,5074.5,27,5074.75,14:30:02.101867041
9,5074.5,27,5074.75,14:30:02.101910017
8,5074.5,27,5074.75,14:30:02.101949983
8,5074.5,27,5074.75,14:30:02.102054047
8,5074.5,27,5074.75,14:30:02.102054047
11,5074.5,27,5074.75,14:30:02.102401404
11,5074.5,27,5074.75,14:30:02.105551554
12,5074.5,27,5074.75,14:30:02.105672373
13,5074.5,27,5074.75,14:30:02.105794781
13,5074.5,24,5074.75,14:30:02.126439217
15,5074.5,24,5074.75,14:30:02.126744724
13,5074.5,24,5074.75,14:30:02.129767524
15,5074.5,24,5074.75,14:30:02.159027894
15,5074.5,25,5074.75,14:30:02.164190360
12,5074.5,25,5074.75,14:30:02.175356300
15,5074.5,25,5074.75,14:30:02.176583250
17,5074.5,25,5074.75,14:30:02.178005517
18,5074.5,25,5074.75,14:30:02.178514633
16,5074.5,25,5074.75,14:30:02.189125832
13,5074.5,25,5074.75,14:30:02.203329687
12,5074.5,25,5074.75,14:30:02.207272797
15,5074.5,25,5074.75,14:30:02.233427078
15,5074.5,25,5074.75,14:30:02.233542857
15,5074.5,25,5074.75,14:30:02.233834404
15,5074.5,25,5074.75,14:30:02.233869982
12,5074.5,25,5074.75,14:30:02.233937716
12,5074.5,25,5074.75,14:30:02.259289213
15,5074.5,25,5074.75,14:30:02.267285451
12,5074.5,25,5074.75,14:30:02.307846618
12,5074.5,34,5074.75,14:30:02.324328852
5,5074.5,34,5074.75,14:30:02.324609670
5,5074.5,34,5074.75,14:30:02.324615504
34,5074.25,34,5074.75,14:30:02.324869292
34,5074.25,34,5074.75,14:30:02.324869292
34,5074.25,2,5074.5,14:30:02.324869292
34,5074.25,5,5074.5,14:30:02.324869292
33,5074.25,5,5074.5,14:30:02.324869292
33,5074.25,6,5074.5,14:30:02.324877228
33,5074.25,6,5074.5,14:30:02.324877228
33,5074.25,7,5074.5,14:30:02.324885225
33,5074.25,8,5074.5,14:30:02.324894041
33,5074.25,5,5074.5,14:30:02.324922957
33,5074.25,3,5074.5,14:30:02.324931674
33,5074.25,4,5074.5,14:30:02.324942608
32,5074.25,4,5074.5,14:30:02.325007937
32,5074.25,4,5074.5,14:30:02.325014168
31,5074.25,4,5074.5,14:30:02.325499535
31,5074.25,3,5074.5,14:30:02.325609370
31,5074.25,2,5074.5,14:30:02.325618721
31,5074.25,1,5074.5,14:30:02.325629339
31,5074.25,2,5074.5,14:30:02.341994447
31,5074.25,3,5074.5,14:30:02.342000133
31,5074.25,5,5074.5,14:30:02.342090343
31,5074.25,3,5074.5,14:30:02.342239143
30,5074.25,3,5074.5,14:30:02.342239143
30,5074.25,4,5074.5,14:30:02.342239143
30,5074.25,5,5074.5,14:30:02.342239143
30,5074.25,6,5074.5,14:30:02.342239143
30,5074.25,4,5074.5,14:30:02.342239143
30,5074.25,3,5074.5,14:30:02.342320194
30,5074.25,2,5074.5,14:30:02.342448060
30,5074.25,1,5074.5,14:30:02.342448060
30,5074.25,41,5074.75,14:30:02.342461826
30,5074.25,41,5074.75,14:30:02.342461826
30,5074.25,1,5074.5,14:30:02.342466661
30,5074.25,41,5074.75,14:30:02.342597586
30,5074.25,41,5074.75,14:30:02.342597586
2,5074.5,41,5074.75,14:30:02.342597586
2,5074.5,41,5074.75,14:30:02.342703063
2,5074.5,41,5074.75,14:30:02.342710775
32,5074.25,41,5074.75,14:30:02.342890264
32,5074.25,41,5074.75,14:30:02.342890264
2,5074.5,41,5074.75,14:30:02.347710152
4,5074.5,41,5074.75,14:30:02.347716633
6,5074.5,41,5074.75,14:30:02.347821732
6,5074.5,41,5074.75,14:30:02.347833806
7,5074.5,41,5074.75,14:30:02.347912217
8,5074.5,41,5074.75,14:30:02.347926368
8,5074.5,34,5074.75,14:30:02.348029810
7,5074.5,34,5074.75,14:30:02.348068352
10,5074.5,34,5074.75,14:30:02.348134068
11,5074.5,34,5074.75,14:30:02.348241930
12,5074.5,34,5074.75,14:30:02.348521215
11,5074.5,34,5074.75,14:30:02.355570077
12,5074.5,34,5074.75,14:30:02.357919885
7,5074.5,34,5074.75,14:30:02.380927575
6,5074.5,34,5074.75,14:30:02.381118597
5,5074.5,34,5074.75,14:30:02.381118597
36,5074.25,34,5074.75,14:30:02.381176985
36,5074.25,34,5074.75,14:30:02.381176985
36,5074.25,3,5074.5,14:30:02.381182655
36,5074.25,6,5074.5,14:30:02.381193894
33,5074.25,6,5074.5,14:30:02.381193894
29,5074.25,6,5074.5,14:30:02.381200806
29,5074.25,8,5074.5,14:30:02.381212832
29,5074.25,5,5074.5,14:30:02.381224419
29,5074.25,5,5074.5,14:30:02.381318818
29,5074.25,6,5074.5,14:30:02.381337106
29,5074.25,3,5074.5,14:30:02.381346844
29,5074.25,41,5074.75,14:30:02.381486405
29,5074.25,41,5074.75,14:30:02.381486405
1,5074.5,41,5074.75,14:30:02.381486405
6,5074.5,41,5074.75,14:30:02.381486405
6,5074.5,41,5074.75,14:30:02.381486405
7,5074.5,41,5074.75,14:30:02.381486405
8,5074.5,41,5074.75,14:30:02.381486405
8,5074.5,41,5074.75,14:30:02.381486405
10,5074.5,41,5074.75,14:30:02.381489234
11,5074.5,41,5074.75,14:30:02.381617717
11,5074.5,41,5074.75,14:30:02.381777742
9,5074.5,41,5074.75,14:30:02.384177733
8,5074.5,41,5074.75,14:30:02.384307569
7,5074.5,41,5074.75,14:30:02.384318206
6,5074.5,41,5074.75,14:30:02.384323010
1,5074.5,41,5074.75,14:30:02.384329487
32,5074.25,41,5074.75,14:30:02.384431582
32,5074.25,41,5074.75,14:30:02.384431582
32,5074.25,2,5074.5,14:30:02.398343763
32,5074.25,3,5074.5,14:30:02.398458466
32,5074.25,5,5074.5,14:30:02.398641833
32,5074.25,6,5074.5,14:30:02.398730696
31,5074.25,6,5074.5,14:30:02.398948396
30,5074.25,6,5074.5,14:30:02.399058645
30,5074.25,9,5074.5,14:30:02.410592426
30,5074.25,10,5074.5,14:30:02.410698915
27,5074.25,10,5074.5,14:30:02.419089660
27,5074.25,10,5074.5,14:30:02.419364082
27,5074.25,10,5074.5,14:30:02.419364082
27,5074.25,10,5074.5,14:30:02.460932751
27,5074.25,10,5074.5,14:30:02.460939253
27,5074.25,10,5074.5,14:30:02.461035838
27,5074.25,11,5074.5,14:30:02.519185450
27,5074.25,9,5074.5,14:30:02.536355137
27,5074.25,7,5074.5,14:30:02.536831112
27,5074.25,6,5074.5,14:30:02.536831112
27,5074.25,3,5074.5,14:30:02.536831112
27,5074.25,42,5074.75,14:30:02.537010615
27,5074.25,42,5074.75,14:30:02.537010615
3,5074.5,42,5074.75,14:30:02.537010615
3,5074.5,42,5074.75,14:30:02.537010615
3,5074.5,42,5074.75,14:30:02.537010615
7,5074.5,42,5074.75,14:30:02.537020126
9,5074.5,42,5074.75,14:30:02.537020126
7,5074.5,42,5074.75,14:30:02.537126503
7,5074.5,41,5074.75,14:30:02.537126503
7,5074.5,41,5074.75,14:30:02.537126503
8,5074.5,41,5074.75,14:30:02.537143416
8,5074.5,41,5074.75,14:30:02.537151496
4,5074.5,41,5074.75,14:30:02.537175685
2,5074.5,41,5074.75,14:30:02.537202591
1,5074.5,41,5074.75,14:30:02.537210844
31,5074.25,41,5074.75,14:30:02.537323957
31,5074.25,41,5074.75,14:30:02.537323957
1,5074.5,41,5074.75,14:30:02.537335426
31,5074.25,41,5074.75,14:30:02.537422923
31,5074.25,41,5074.75,14:30:02.537422923
31,5074.25,2,5074.5,14:30:02.537438753
32,5074.25,2,5074.5,14:30:02.537438753
32,5074.25,3,5074.5,14:30:02.537438753
32,5074.25,5,5074.5,14:30:02.537457716
31,5074.25,5,5074.5,14:30:02.537460993
31,5074.25,6,5074.5,14:30:02.537483535
30,5074.25,6,5074.5,14:30:02.537551849
30,5074.25,7,5074.5,14:30:02.537557482
27,5074.25,7,5074.5,14:30:02.537746711
27,5074.25,7,5074.5,14:30:02.537842937
27,5074.25,7,5074.5,14:30:02.537842937
27,5074.25,8,5074.5,14:30:02.537849033
27,5074.25,8,5074.5,14:30:02.537945103
27,5074.25,8,5074.5,14:30:02.537945103
27,5074.25,9,5074.5,14:30:02.537951720
27,5074.25,8,5074.5,14:30:02.537979906
27,5074.25,11,5074.5,14:30:02.538688637
27,5074.25,12,5074.5,14:30:02.540504088
27,5074.25,11,5074.5,14:30:02.540765182
26,5074.25,11,5074.5,14:30:02.544711130
26,5074.25,11,5074.5,14:30:02.544762879
26,5074.25,11,5074.5,14:30:02.544762879
25,5074.25,11,5074.5,14:30:02.544826982
25,5074.25,12,5074.5,14:30:02.544924523
25,5074.25,13,5074.5,14:30:02.544943199
25,5074.25,12,5074.5,14:30:02.545071963
25,5074.25,11,5074.5,14:30:02.545173594
24,5074.25,11,5074.5,14:30:02.594416457
24,5074.25,11,5074.5,14:30:02.601889731
24,5074.25,10,5074.5,14:30:02.619401054
24,5074.25,11,5074.5,14:30:02.619487788
24,5074.25,11,5074.5,14:30:02.619618841
4,5074.25,11,5074.5,14:30:02.637890272
4,5074.25,14,5074.5,14:30:02.637890272
4,5074.25,15,5074.5,14:30:02.637890272
4,5074.25,16,5074.5,14:30:02.637895491
4,5074.25,16,5074.5,14:30:02.637915402
3,5074.25,16,5074.5,14:30:02.638058806
2,5074.25,16,5074.5,14:30:02.638058806
2,5074.25,21,5074.5,14:30:02.638058806
1,5074.25,21,5074.5,14:30:02.638067894
3,5074.25,21,5074.5,14:30:02.638080307
3,5074.25,21,5074.5,14:30:02.638080307
6,5074.25,21,5074.5,14:30:02.638116567
7,5074.25,21,5074.5,14:30:02.638133146
8,5074.25,21,5074.5,14:30:02.638139915
8,5074.25,21,5074.5,14:30:02.638186803
8,5074.25,21,5074.5,14:30:02.638186803
9,5074.25,21,5074.5,14:30:02.638195113
13,5074.25,21,5074.5,14:30:02.638228525
13,5074.25,20,5074.5,14:30:02.638242567
14,5074.25,20,5074.5,14:30:02.638315356
15,5074.25,20,5074.5,14:30:02.638329516
12,5074.25,20,5074.5,14:30:02.638465292
12,5074.25,19,5074.5,14:30:02.638465292
12,5074.25,16,5074.5,14:30:02.638465292
18,5074.25,16,5074.5,14:30:02.638465292
20,5074.25,16,5074.5,14:30:02.638465292
21,5074.25,16,5074.5,14:30:02.638465292
17,5074.25,16,5074.5,14:30:02.638533261
19,5074.25,16,5074.5,14:30:02.638551556
19,5074.25,11,5074.5,14:30:02.638946869
19,5074.25,16,5074.5,14:30:02.639716373
19,5074.25,16,5074.5,14:30:02.639722764
19,5074.25,16,5074.5,14:30:02.639722764
19,5074.25,11,5074.5,14:30:02.642396532
19,5074.25,11,5074.5,14:30:02.646223448
19,5074.25,11,5074.5,14:30:02.646427289
19,5074.25,11,5074.5,14:30:02.646711045
19,5074.25,11,5074.5,14:30:02.646836375
19,5074.25,12,5074.5,14:30:02.647542816
19,5074.25,11,5074.5,14:30:02.648713591
19,5074.25,11,5074.5,14:30:02.649956602
19,5074.25,11,5074.5,14:30:02.652406569
19,5074.25,11,5074.5,14:30:02.652406569
19,5074.25,11,5074.5,14:30:02.652531054
19,5074.25,12,5074.5,14:30:02.738620241
19,5074.25,12,5074.5,14:30:02.738720333
19,5074.25,11,5074.5,14:30:02.738824559
19,5074.25,11,5074.5,14:30:02.741335627
19,5074.25,11,5074.5,14:30:02.741383820
19,5074.25,11,5074.5,14:30:02.848164798
19,5074.25,8,5074.5,14:30:02.849508662
24,5074.25,8,5074.5,14:30:02.849609797
24,5074.25,7,5074.5,14:30:02.849708388
24,5074.25,8,5074.5,14:30:02.850166474
24,5074.25,8,5074.5,14:30:02.850329761
24,5074.25,8,5074.5,14:30:02.850329761
24,5074.25,8,5074.5,14:30:02.851694748
24,5074.25,8,5074.5,14:30:02.853644349
24,5074.25,8,5074.5,14:30:02.864000539
24,5074.25,11,5074.5,14:30:02.874213436
19,5074.25,11,5074.5,14:30:02.874311841
19,5074.25,11,5074.5,14:30:02.907962620
19,5074.25,8,5074.5,14:30:02.912567151
24,5074.25,8,5074.5,14:30:02.913135262
24,5074.25,7,5074.5,14:30:02.940516966
24,5074.25,5,5074.5,14:30:02.940601547
24,5074.25,4,5074.5,14:30:02.940617212
24,5074.25,3,5074.5,14:30:02.940624994
27,5074.25,3,5074.5,14:30:02.940645561
31,5074.25,3,5074.5,14:30:02.940651372
31,5074.25,43,5074.75,14:30:02.940855607
31,5074.25,43,5074.75,14:30:02.940855607
3,5074.5,43,5074.75,14:30:02.940855607
4,5074.5,43,5074.75,14:30:02.940864074
5,5074.5,43,5074.75,14:30:02.940864074
9,5074.5,43,5074.75,14:30:02.940864074
9,5074.5,43,5074.75,14:30:02.940907536
9,5074.5,43,5074.75,14:30:02.940924226
10,5074.5,43,5074.75,14:30:02.940931288
11,5074.5,43,5074.75,14:30:02.940939000
12,5074.5,43,5074.75,14:30:02.940945023
14,5074.5,43,5074.75,14:30:02.940968511
15,5074.5,43,5074.75,14:30:02.940999750
15,5074.5,43,5074.75,14:30:02.941106178
15,5074.5,43,5074.75,14:30:02.941112425
16,5074.5,43,5074.75,14:30:02.941129007
16,5074.5,42,5074.75,14:30:02.941139644
16,5074.5,42,5074.75,14:30:02.941155830
16,5074.5,42,5074.75,14:30:02.941162375
16,5074.5,42,5074.75,14:30:02.941167271
14,5074.5,42,5074.75,14:30:02.941176042
10,5074.5,42,5074.75,14:30:02.941183895
13,5074.5,42,5074.75,14:30:02.941190247
14,5074.5,42,5074.75,14:30:02.941193252
14,5074.5,42,5074.75,14:30:02.941203835
14,5074.5,42,5074.75,14:30:02.941214923
14,5074.5,42,5074.75,14:30:02.941219790
13,5074.5,42,5074.75,14:30:02.941281522
13,5074.5,42,5074.75,14:30:02.941502631
13,5074.5,42,5074.75,14:30:02.941534792
13,5074.5,42,5074.75,14:30:02.941553646
13,5074.5,42,5074.75,14:30:02.941753782
13,5074.5,42,5074.75,14:30:02.943356874
13,5074.5,42,5074.75,14:30:02.943356874
14,5074.5,42,5074.75,14:30:02.943459352
17,5074.5,42,5074.75,14:30:02.943469506
17,5074.5,35,5074.75,14:30:02.943582206
18,5074.5,35,5074.75,14:30:02.943729249
18,5074.5,35,5074.75,14:30:02.943735978
18,5074.5,35,5074.75,14:30:02.943746209
17,5074.5,35,5074.75,14:30:02.946004997
14,5074.5,35,5074.75,14:30:02.949200300
14,5074.5,35,5074.75,14:30:02.952079677
14,5074.5,35,5074.75,14:30:02.952079677
14,5074.5,35,5074.75,14:30:02.952089485
14,5074.5,35,5074.75,14:30:02.952089485
15,5074.5,35,5074.75,14:30:02.953485730
16,5074.5,35,5074.75,14:30:02.953605339
16,5074.5,35,5074.75,14:30:02.953951662
16,5074.5,35,5074.75,14:30:02.954438959
19,5074.5,35,5074.75,14:30:02.954645203
19,5074.5,32,5074.75,14:30:02.954895416
19,5074.5,32,5074.75,14:30:02.955032334
19,5074.5,32,5074.75,14:30:02.955032334
19,5074.5,32,5074.75,14:30:02.955451025
19,5074.5,32,5074.75,14:30:02.955458861
19,5074.5,32,5074.75,14:30:02.958974635
19,5074.5,35,5074.75,14:30:02.973647193
18,5074.5,35,5074.75,14:30:02.973739659
15,5074.5,35,5074.75,14:30:02.973907970
12,5074.5,35,5074.75,14:30:02.989785090
11,5074.5,35,5074.75,14:30:02.989906123
10,5074.5,35,5074.75,14:30:02.989913410
9,5074.5,35,5074.75,14:30:02.990368152
8,5074.5,35,5074.75,14:30:02.990378101
5,5074.5,35,5074.75,14:30:02.990385352
4,5074.5,35,5074.75,14:30:02.990485287
8,5074.5,35,5074.75,14:30:02.990610701
8,5074.5,35,5074.75,14:30:02.990822308
8,5074.5,35,5074.75,14:30:02.990822308
10,5074.5,35,5074.75,14:30:02.991009198
11,5074.5,35,5074.75,14:30:02.991015550
12,5074.5,35,5074.75,14:30:02.991024402
13,5074.5,35,5074.75,14:30:02.991116221
12,5074.5,35,5074.75,14:30:03.024725405
10,5074.5,35,5074.75,14:30:03.024789032
9,5074.5,35,5074.75,14:30:03.024800255
8,5074.5,35,5074.75,14:30:03.024812495
10,5074.5,35,5074.75,14:30:03.029799770
12,5074.5,35,5074.75,14:30:03.029809546
10,5074.5,35,5074.75,14:30:03.030115231
8,5074.5,35,5074.75,14:30:03.030125078
6,5074.5,35,5074.75,14:30:03.034624991
26,5074.25,35,5074.75,14:30:03.034635750
26,5074.25,35,5074.75,14:30:03.034635750
26,5074.25,2,5074.5,14:30:03.034635750
25,5074.25,2,5074.5,14:30:03.034635750
25,5074.25,5,5074.5,14:30:03.034665778
25,5074.25,7,5074.5,14:30:03.034672799
24,5074.25,7,5074.5,14:30:03.034737188
23,5074.25,7,5074.5,14:30:03.034761515
23,5074.25,7,5074.5,14:30:03.034770920
23,5074.25,8,5074.5,14:30:03.034778283
24,5074.25,8,5074.5,14:30:03.034788056
24,5074.25,8,5074.5,14:30:03.035517616
24,5074.25,8,5074.5,14:30:03.035517616
24,5074.25,7,5074.5,14:30:03.036328039
24,5074.25,10,5074.5,14:30:03.036370638
24,5074.25,11,5074.5,14:30:03.036475559
24,5074.25,8,5074.5,14:30:03.040045557
24,5074.25,8,5074.5,14:30:03.042928262
24,5074.25,11,5074.5,14:30:03.043343925
23,5074.25,11,5074.5,14:30:03.101748863
22,5074.25,11,5074.5,14:30:03.101862942
22,5074.25,12,5074.5,14:30:03.127966105
19,5074.25,12,5074.5,14:30:03.128264311
14,5074.25,12,5074.5,14:30:03.128406381
14,5074.25,11,5074.5,14:30:03.128438071
14,5074.25,12,5074.5,14:30:03.128581709
14,5074.25,11,5074.5,14:30:03.128848722
14,5074.25,12,5074.5,14:30:03.136501920
13,5074.25,12,5074.5,14:30:03.145117515
12,5074.25,12,5074.5,14:30:03.171792786
12,5074.25,11,5074.5,14:30:03.204470149
16,5074.25,11,5074.5,14:30:03.204516857
17,5074.25,11,5074.5,14:30:03.204539667
22,5074.25,11,5074.5,14:30:03.204580107
21,5074.25,11,5074.5,14:30:03.204613451
21,5074.25,11,5074.5,14:30:03.207934043
21,5074.25,11,5074.5,14:30:03.207941400
21,5074.25,11,5074.5,14:30:03.208037645
16,5074.25,11,5074.5,14:30:03.227979837
16,5074.25,12,5074.5,14:30:03.228082714
16,5074.25,11,5074.5,14:30:03.261673265
21,5074.25,11,5074.5,14:30:03.267802087
24,5074.25,11,5074.5,14:30:03.269807273
24,5074.25,8,5074.5,14:30:03.269813369
24,5074.25,6,5074.5,14:30:03.269822892
24,5074.25,3,5074.5,14:30:03.269849920
24,5074.25,43,5074.75,14:30:03.270067899
24,5074.25,43,5074.75,14:30:03.270067899
2,5074.5,43,5074.75,14:30:03.270067899
2,5074.5,43,5074.75,14:30:03.270177600
5,5074.5,43,5074.75,14:30:03.270212910
5,5074.5,42,5074.75,14:30:03.270250514
5,5074.5,42,5074.75,14:30:03.270255752
5,5074.5,42,5074.75,14:30:03.270267420
4,5074.5,42,5074.75,14:30:03.270411212
4,5074.5,42,5074.75,14:30:03.270411212
28,5074.25,42,5074.75,14:30:03.270622746
28,5074.25,42,5074.75,14:30:03.270622746
28,5074.25,2,5074.5,14:30:03.270636311
27,5074.25,2,5074.5,14:30:03.270636311
27,5074.25,4,5074.5,14:30:03.270671156
27,5074.25,7,5074.5,14:30:03.270703989
27,5074.25,8,5074.5,14:30:03.270755903
27,5074.25,9,5074.5,14:30:03.270851092
27,5074.25,10,5074.5,14:30:03.270956778
27,5074.25,10,5074.5,14:30:03.271200959
27,5074.25,10,5074.5,14:30:03.271200959
26,5074.25,10,5074.5,14:30:03.271833698
26,5074.25,12,5074.5,14:30:03.274691960
26,5074.25,15,5074.5,14:30:03.276225751
25,5074.25,15,5074.5,14:30:03.276339299
25,5074.25,15,5074.5,14:30:03.277737024
25,5074.25,15,5074.5,14:30:03.277737024
25,5074.25,14,5074.5,14:30:03.278412989
25,5074.25,11,5074.5,14:30:03.278502901
25,5074.25,11,5074.5,14:30:03.302845213
25,5074.25,14,5074.5,14:30:03.303076123
26,5074.25,14,5074.5,14:30:03.303936883
26,5074.25,14,5074.5,14:30:03.317905386
27,5074.25,14,5074.5,14:30:03.317927703
27,5074.25,11,5074.5,14:30:03.336311751
28,5074.25,11,5074.5,14:30:03.336428262
29,5074.25,11,5074.5,14:30:03.341709179
29,5074.25,11,5074.5,14:30:03.341709179
29,5074.25,11,5074.5,14:30:03.356578547
29,5074.25,11,5074.5,14:30:03.387025843
29,5074.25,14,5074.5,14:30:03.388320637
26,5074.25,14,5074.5,14:30:03.404870683
22,5074.25,14,5074.5,14:30:03.404920204
22,5074.25,15,5074.5,14:30:03.405019742
17,5074.25,15,5074.5,14:30:03.405167406
16,5074.25,15,5074.5,14:30:03.405356018
16,5074.25,28,5074.5,14:30:03.406672042
16,5074.25,28,5074.5,14:30:03.406672042
15,5074.25,28,5074.5,14:30:03.406989910
15,5074.25,28,5074.5,14:30:03.407293116
14,5074.25,28,5074.5,14:30:03.417142633
13,5074.25,28,5074.5,14:30:03.420305779
13,5074.25,28,5074.5,14:30:03.420311840
13,5074.25,28,5074.5,14:30:03.436195379
11,5074.25,28,5074.5,14:30:03.439077792
10,5074.25,28,5074.5,14:30:03.439095812
10,5074.25,28,5074.5,14:30:03.453796435
10,5074.25,28,5074.5,14:30:03.453796435
10,5074.25,28,5074.5,14:30:03.453802678
10,5074.25,28,5074.5,14:30:03.453802678
9,5074.25,28,5074.5,14:30:03.521485645
9,5074.25,28,5074.5,14:30:03.521592969
8,5074.25,28,5074.5,14:30:03.532026779
7,5074.25,28,5074.5,14:30:03.532033205
8,5074.25,28,5074.5,14:30:03.532624145
9,5074.25,28,5074.5,14:30:03.532631896
9,5074.25,27,5074.5,14:30:03.536640101
10,5074.25,27,5074.5,14:30:03.536705405
12,5074.25,27,5074.5,14:30:03.536714477
11,5074.25,27,5074.5,14:30:03.536837654
9,5074.25,27,5074.5,14:30:03.539965749
8,5074.25,27,5074.5,14:30:03.540089508
7,5074.25,27,5074.5,14:30:03.540095784
7,5074.25,27,5074.5,14:30:03.576891249
7,5074.25,27,5074.5,14:30:03.582846876
8,5074.25,27,5074.5,14:30:03.591775721
9,5074.25,27,5074.5,14:30:03.591784231
11,5074.25,27,5074.5,14:30:03.591793613
14,5074.25,27,5074.5,14:30:03.618745241
15,5074.25,27,5074.5,14:30:03.627720475
19,5074.25,27,5074.5,14:30:03.627741592
20,5074.25,27,5074.5,14:30:03.627755986
20,5074.25,26,5074.5,14:30:03.627779868
19,5074.25,26,5074.5,14:30:03.627845223
24,5074.25,26,5074.5,14:30:03.627893077
23,5074.25,26,5074.5,14:30:03.627898760
23,5074.25,26,5074.5,14:30:03.648278870
18,5074.25,26,5074.5,14:30:03.651024529
14,5074.25,26,5074.5,14:30:03.651468285
11,5074.25,26,5074.5,14:30:03.651798912
9,5074.25,26,5074.5,14:30:03.656221469
8,5074.25,26,5074.5,14:30:03.656228758
7,5074.25,26,5074.5,14:30:03.656269620
3,5074.25,26,5074.5,14:30:03.656624482
3,5074.25,27,5074.5,14:30:03.656624482
2,5074.25,27,5074.5,14:30:03.656829206
41,5074.0,27,5074.5,14:30:03.656829206
41,5074.0,27,5074.5,14:30:03.656829206
41,5074.0,3,5074.25,14:30:03.656829206
42,5074.0,3,5074.25,14:30:03.656839015
42,5074.0,3,5074.25,14:30:03.656839015
41,5074.0,3,5074.25,14:30:03.656882753
40,5074.0,3,5074.25,14:30:03.656931573
40,5074.0,4,5074.25,14:30:03.656938530
40,5074.0,5,5074.25,14:30:03.656948811
39,5074.0,5,5074.25,14:30:03.656959714
39,5074.0,5,5074.25,14:30:03.656980492
40,5074.0,5,5074.25,14:30:03.657003334
40,5074.0,2,5074.25,14:30:03.657121844
41,5074.0,2,5074.25,14:30:03.657121844
41,5074.0,1,5074.25,14:30:03.657121844
41,5074.0,33,5074.5,14:30:03.657121844
41,5074.0,33,5074.5,14:30:03.657121844
41,5074.0,34,5074.5,14:30:03.657134114
41,5074.0,34,5074.5,14:30:03.657247541
2,5074.25,34,5074.5,14:30:03.657288783
7,5074.25,34,5074.5,14:30:03.657294902
10,5074.25,34,5074.5,14:30:03.657432616
11,5074.25,34,5074.5,14:30:03.657472246
12,5074.25,34,5074.5,14:30:03.657479216
12,5074.25,33,5074.5,14:30:03.657488086
12,5074.25,33,5074.5,14:30:03.657503175
12,5074.25,34,5074.5,14:30:03.657508890
12,5074.25,33,5074.5,14:30:03.657515380
12,5074.25,33,5074.5,14:30:03.657521620
12,5074.25,33,5074.5,14:30:03.657521620
13,5074.25,33,5074.5,14:30:03.657559931
13,5074.25,33,5074.5,14:30:03.657924015
13,5074.25,27,5074.5,14:30:03.657939337
14,5074.25,27,5074.5,14:30:03.658040369
15,5074.25,27,5074.5,14:30:03.658053237
15,5074.25,27,5074.5,14:30:03.669991593
15,5074.25,27,5074.5,14:30:03.669991593
15,5074.25,27,5074.5,14:30:03.705985778
14,5074.25,27,5074.5,14:30:03.721629187
17,5074.25,27,5074.5,14:30:03.822821461
18,5074.25,27,5074.5,14:30:03.823117492
17,5074.25,27,5074.5,14:30:03.823272875
18,5074.25,27,5074.5,14:30:03.825664404
15,5074.25,27,5074.5,14:30:03.854052846
15,5074.25,27,5074.5,14:30:03.854089205
14,5074.25,27,5074.5,14:30:03.854126316
14,5074.25,28,5074.5,14:30:03.854183344
14,5074.25,28,5074.5,14:30:03.854538817
11,5074.25,28,5074.5,14:30:03.854801264
6,5074.25,28,5074.5,14:30:03.854853227
3,5074.25,28,5074.5,14:30:03.855054402
3,5074.25,28,5074.5,14:30:03.855054402
44,5074.0,28,5074.5,14:30:03.855234671
44,5074.0,28,5074.5,14:30:03.855234671
44,5074.0,3,5074.25,14:30:03.855234671
44,5074.0,28,5074.5,14:30:03.855273818
44,5074.0,28,5074.5,14:30:03.855273818
44,5074.0,1,5074.25,14:30:03.855303127
44,5074.0,1,5074.25,14:30:03.855330468
43,5074.0,1,5074.25,14:30:03.855344065
42,5074.0,1,5074.25,14:30:03.855359592
42,5074.0,1,5074.25,14:30:03.855369563
42,5074.0,35,5074.5,14:30:03.855532143
42,5074.0,35,5074.5,14:30:03.855532143
42,5074.0,34,5074.5,14:30:03.855532143
42,5074.0,3,5074.25,14:30:03.855532143
42,5074.0,4,5074.25,14:30:03.855552815
42,5074.0,5,5074.25,14:30:03.855566009
42,5074.0,4,5074.25,14:30:03.855616666
42,5074.0,3,5074.25,14:30:03.855638942
42,5074.0,34,5074.5,14:30:03.855776030
42,5074.0,34,5074.5,14:30:03.855776030
42,5074.0,2,5074.25,14:30:03.855995419
42,5074.0,4,5074.25,14:30:03.856008223
42,5074.0,5,5074.25,14:30:03.856716467
42,5074.0,5,5074.25,14:30:03.856723357
42,5074.0,6,5074.25,14:30:03.856810386
42,5074.0,9,5074.25,14:30:03.857000089
42,5074.0,10,5074.25,14:30:03.857106181
42,5074.0,11,5074.25,14:30:03.857114143
42,5074.0,11,5074.25,14:30:03.857787558
41,5074.0,11,5074.25,14:30:03.858155488
40,5074.0,11,5074.25,14:30:03.858610995
37,5074.0,11,5074.25,14:30:03.860106203
34,5074.0,11,5074.25,14:30:03.860678477
34,5074.0,12,5074.25,14:30:03.860790169
34,5074.0,14,5074.25,14:30:03.860834499
34,5074.0,12,5074.25,14:30:03.860922914
34,5074.0,11,5074.25,14:30:03.861007610
33,5074.0,11,5074.25,14:30:03.861173962
33,5074.0,11,5074.25,14:30:03.861173962
33,5074.0,11,5074.25,14:30:03.861180628
33,5074.0,11,5074.25,14:30:03.861180628
33,5074.0,12,5074.25,14:30:03.861617843
33,5074.0,12,5074.25,14:30:03.861643514
33,5074.0,12,5074.25,14:30:03.861643514
32,5074.0,12,5074.25,14:30:03.861656324
31,5074.0,12,5074.25,14:30:03.861720178
30,5074.0,12,5074.25,14:30:03.861824628
30,5074.0,14,5074.25,14:30:03.861860037
30,5074.0,15,5074.25,14:30:03.861982506
30,5074.0,15,5074.25,14:30:03.862114509
30,5074.0,15,5074.25,14:30:03.862114509
30,5074.0,13,5074.25,14:30:03.862778055
30,5074.0,13,5074.25,14:30:03.864123020
29,5074.0,13,5074.25,14:30:03.864869636
29,5074.0,13,5074.25,14:30:03.865693407
29,5074.0,13,5074.25,14:30:03.865693407
29,5074.0,13,5074.25,14:30:03.867172822
29,5074.0,13,5074.25,14:30:03.867799379
29,5074.0,13,5074.25,14:30:03.867799379
29,5074.0,13,5074.25,14:30:03.869465230
29,5074.0,13,5074.25,14:30:03.879572646
29,5074.0,13,5074.25,14:30:03.880226848
29,5074.0,12,5074.25,14:30:03.882654305
29,5074.0,12,5074.25,14:30:03.882778641
32,5074.0,12,5074.25,14:30:03.891215640
32,5074.0,12,5074.25,14:30:03.891715707
29,5074.0,12,5074.25,14:30:03.925427347
29,5074.0,12,5074.25,14:30:03.925695752
29,5074.0,13,5074.25,14:30:03.927786956
29,5074.0,13,5074.25,14:30:03.933059097
30,5074.0,13,5074.25,14:30:03.933084807
30,5074.0,12,5074.25,14:30:03.933181663
30,5074.0,13,5074.25,14:30:03.938137280
30,5074.0,13,5074.25,14:30:03.938703739
30,5074.0,13,5074.25,14:30:03.938766899
30,5074.0,13,5074.25,14:30:03.939267053
30,5074.0,13,5074.25,14:30:03.939267053
30,5074.0,13,5074.25,14:30:03.954965654
30,5074.0,13,5074.25,14:30:03.954978864
30,5074.0,13,5074.25,14:30:03.955531708
30,5074.0,13,5074.25,14:30:03.955531708
30,5074.0,13,5074.25,14:30:03.955537679
30,5074.0,13,5074.25,14:30:03.955537679
29,5074.0,13,5074.25,14:30:03.974352944
28,5074.0,13,5074.25,14:30:03.974359063
28,5074.0,16,5074.25,14:30:03.974364372
22,5074.0,16,5074.25,14:30:03.974404900
22,5074.0,21,5074.25,14:30:03.974414117
22,5074.0,22,5074.25,14:30:03.974504250
21,5074.0,22,5074.25,14:30:03.974517971
20,5074.0,22,5074.25,14:30:03.974716248
20,5074.0,22,5074.25,14:30:03.974716248
21,5074.0,22,5074.25,14:30:03.974806924
20,5074.0,22,5074.25,14:30:03.975272323
20,5074.0,22,5074.25,14:30:03.975315732
20,5074.0,22,5074.25,14:30:03.987402523
20,5074.0,22,5074.25,14:30:03.987402523
20,5074.0,22,5074.25,14:30:03.987766409
20,5074.0,22,5074.25,14:30:03.987766409
20,5074.0,22,5074.25,14:30:04.004583201
20,5074.0,22,5074.25,14:30:04.009160676
22,5074.0,22,5074.25,14:30:04.023913409
22,5074.0,17,5074.25,14:30:04.024013705
22,5074.0,16,5074.25,14:30:04.024119218
22,5074.0,13,5074.25,14:30:04.033573645
25,5074.0,13,5074.25,14:30:04.033830127
25,5074.0,13,5074.25,14:30:04.034086311
25,5074.0,12,5074.25,14:30:04.049845384
25,5074.0,11,5074.25,14:30:04.049908045
26,5074.0,11,5074.25,14:30:04.049919242
26,5074.0,12,5074.25,14:30:04.049931319
25,5074.0,12,5074.25,14:30:04.050130328
25,5074.0,13,5074.25,14:30:04.050176703
25,5074.0,13,5074.25,14:30:04.050176703
26,5074.0,13,5074.25,14:30:04.050871610
26,5074.0,13,5074.25,14:30:04.053611937
26,5074.0,13,5074.25,14:30:04.055299705
26,5074.0,13,5074.25,14:30:04.055299705
23,5074.0,13,5074.25,14:30:04.056853455
23,5074.0,13,5074.25,14:30:04.087211673
23,5074.0,13,5074.25,14:30:04.095913346
23,5074.0,14,5074.25,14:30:04.107617915
23,5074.0,13,5074.25,14:30:04.109933402
26,5074.0,13,5074.25,14:30:04.112219070
23,5074.0,13,5074.25,14:30:04.114979139
23,5074.0,13,5074.25,14:30:04.115524928
23,5074.0,13,5074.25,14:30:04.115699601
23,5074.0,14,5074.25,14:30:04.116655456
23,5074.0,15,5074.25,14:30:04.116738025
23,5074.0,14,5074.25,14:30:04.127506978
23,5074.0,13,5074.25,14:30:04.127603777
23,5074.0,14,5074.25,14:30:04.152909260
23,5074.0,15,5074.25,14:30:04.153051317
21,5074.0,15,5074.25,14:30:04.153399632
21,5074.0,14,5074.25,14:30:04.166133709
21,5074.0,13,5074.25,14:30:04.166139757
23,5074.0,13,5074.25,14:30:04.166174465
21,5074.0,13,5074.25,14:30:04.170393936
21,5074.0,14,5074.25,14:30:04.170428727
21,5074.0,15,5074.25,14:30:04.170490683
41,5073.75,15,5074.25,14:30:04.174843635
49,5073.5,15,5074.25,14:30:04.174843635
48,5073.25,15,5074.25,14:30:04.174843635
5,5073.25,15,5074.25,14:30:04.174843635
5,5073.25,15,5074.25,14:30:04.174843635
5,5073.25,15,5074.25,14:30:04.174843635
5,5073.25,15,5074.25,14:30:04.174843635
5,5073.25,1,5074.0,14:30:04.174848659
5,5073.25,2,5074.0,14:30:04.174857376
5,5073.25,5,5074.0,14:30:04.174863891
5,5073.25,8,5074.0,14:30:04.174873184
5,5073.25,8,5074.0,14:30:04.174895780
5,5073.25,8,5074.0,14:30:04.174904177
5,5073.25,12,5074.0,14:30:04.174934309
5,5073.25,12,5074.0,14:30:04.174940229
5,5073.25,13,5074.0,14:30:04.174952613
5,5073.25,14,5074.0,14:30:04.175014458
5,5073.25,19,5074.0,14:30:04.175022250
5,5073.25,22,5074.0,14:30:04.175038477
5,5073.25,25,5074.0,14:30:04.175075265
5,5073.25,27,5074.0,14:30:04.175081979
5,5073.25,4,5073.75,14:30:04.175118933
5,5073.25,4,5073.75,14:30:04.175124969
5,5073.25,4,5073.75,14:30:04.175144351
5,5073.25,4,5073.75,14:30:04.175171846
6,5073.25,4,5073.75,14:30:04.175203117
6,5073.25,4,5073.75,14:30:04.175211915
6,5073.25,4,5073.75,14:30:04.175222468
6,5073.25,6,5073.75,14:30:04.175234257
6,5073.25,6,5073.75,14:30:04.175240472
6,5073.25,7,5073.75,14:30:04.175253122
6,5073.25,5,5073.75,14:30:04.175522088
6,5073.25,5,5073.75,14:30:04.175522088
6,5073.25,5,5073.75,14:30:04.175531835
2,5073.5,5,5073.75,14:30:04.175544830
2,5073.5,8,5073.75,14:30:04.175558257
2,5073.5,8,5073.75,14:30:04.175566623
2,5073.5,8,5073.75,14:30:04.175566623
2,5073.5,8,5073.75,14:30:04.175579209
2,5073.5,8,5073.75,14:30:04.175613119
2,5073.5,8,5073.75,14:30:04.175613119
2,5073.5,8,5073.75,14:30:04.175613119
2,5073.5,8,5073.75,14:30:04.175634106
2,5073.5,8,5073.75,14:30:04.175634106
2,5073.5,8,5073.75,14:30:04.175673719
3,5073.5,8,5073.75,14:30:04.175673719
5,5073.5,8,5073.75,14:30:04.175673719
8,5073.5,8,5073.75,14:30:04.175673719
9,5073.5,8,5073.75,14:30:04.175679050
9,5073.5,8,5073.75,14:30:04.175694820
9,5073.5,8,5073.75,14:30:04.175694820
9,5073.5,8,5073.75,14:30:04.175719479
9,5073.5,8,5073.75,14:30:04.175729524
9,5073.5,8,5073.75,14:30:04.175736682
9,5073.5,8,5073.75,14:30:04.175741150
9,5073.5,8,5073.75,14:30:04.175746606
9,5073.5,8,5073.75,14:30:04.175754024
9,5073.5,8,5073.75,14:30:04.175784345
9,5073.5,8,5073.75,14:30:04.175795981
9,5073.5,8,5073.75,14:30:04.175802947
9,5073.5,8,5073.75,14:30:04.175809984
9,5073.5,8,5073.75,14:30:04.175817024
9,5073.5,8,5073.75,14:30:04.175824477
9,5073.5,8,5073.75,14:30:04.175836766
9,5073.5,8,5073.75,14:30:04.175841598
9,5073.5,8,5073.75,14:30:04.175848071
9,5073.5,8,5073.75,14:30:04.175868465
9,5073.5,10,5073.75,14:30:04.175874213
9,5073.5,10,5073.75,14:30:04.175880923
9,5073.5,10,5073.75,14:30:04.175893253
9,5073.5,10,5073.75,14:30:04.175899311
9,5073.5,10,5073.75,14:30:04.175914799
12,5073.5,10,5073.75,14:30:04.175928883
12,5073.5,10,5073.75,14:30:04.175955360
12,5073.5,9,5073.75,14:30:04.176342821
12,5073.5,7,5073.75,14:30:04.176342821
12,5073.5,10,5073.75,14:30:04.176342821
12,5073.5,10,5073.75,14:30:04.176342821
12,5073.5,10,5073.75,14:30:04.176342821
12,5073.5,10,5073.75,14:30:04.176342821
12,5073.5,10,5073.75,14:30:04.176342821
12,5073.5,12,5073.75,14:30:04.176342821
12,5073.5,12,5073.75,14:30:04.176342821
12,5073.5,12,5073.75,14:30:04.176342821
12,5073.5,12,5073.75,14:30:04.176342821
12,5073.5,12,5073.75,14:30:04.176342821
12,5073.5,13,5073.75,14:30:04.176342821
12,5073.5,15,5073.75,14:30:04.176342821
12,5073.5,16,5073.75,14:30:04.176342821
12,5073.5,18,5073.75,14:30:04.176342821
12,5073.5,18,5073.75,14:30:04.176368457
12,5073.5,18,5073.75,14:30:04.176368457
12,5073.5,18,5073.75,14:30:04.176368457
12,5073.5,17,5073.75,14:30:04.176368457
13,5073.5,17,5073.75,14:30:04.176368457
13,5073.5,15,5073.75,14:30:04.176717660
13,5073.5,13,5073.75,14:30:04.176717660
14,5073.5,13,5073.75,14:30:04.176717660
15,5073.5,13,5073.75,14:30:04.176717660
15,5073.5,8,5073.75,14:30:04.176717660
15,5073.5,8,5073.75,14:30:04.176804763
16,5073.5,8,5073.75,14:30:04.176804763
16,5073.5,3,5073.75,14:30:04.176804763
20,5073.5,3,5073.75,14:30:04.176804763
20,5073.5,3,5073.75,14:30:04.176804763
20,5073.5,3,5073.75,14:30:04.176944247
20,5073.5,48,5074.0,14:30:04.176944247
20,5073.5,48,5074.0,14:30:04.176944247
20,5073.5,48,5074.0,14:30:04.176951652
2,5073.75,48,5074.0,14:30:04.176984770
2,5073.75,48,5074.0,14:30:04.176984770
4,5073.75,48,5074.0,14:30:04.176984770
4,5073.75,48,5074.0,14:30:04.176984770
4,5073.75,48,5074.0,14:30:04.176984770
4,5073.75,48,5074.0,14:30:04.176984770
4,5073.75,48,5074.0,14:30:04.176984770
4,5073.75,48,5074.0,14:30:04.176984770
4,5073.75,48,5074.0,14:30:04.176984770
4,5073.75,47,5074.0,14:30:04.176984770
5,5073.75,47,5074.0,14:30:04.176995077
6,5073.75,47,5074.0,14:30:04.176995077
7,5073.75,47,5074.0,14:30:04.177000802
7,5073.75,47,5074.0,14:30:04.177014232
7,5073.75,47,5074.0,14:30:04.177014232
7,5073.75,47,5074.0,14:30:04.177014232
6,5073.75,47,5074.0,14:30:04.177289083
5,5073.75,47,5074.0,14:30:04.177363219
4,5073.75,47,5074.0,14:30:04.177363219
4,5073.75,47,5074.0,14:30:04.177363219
4,5073.75,47,5074.0,14:30:04.177363219
4,5073.75,47,5074.0,14:30:04.177363219
5,5073.75,47,5074.0,14:30:04.177374579
6,5073.75,47,5074.0,14:30:04.177374579
9,5073.75,47,5074.0,14:30:04.177407443
9,5073.75,47,5074.0,14:30:04.177419498
11,5073.75,47,5074.0,14:30:04.177428385
16,5073.75,47,5074.0,14:30:04.177672006
17,5073.75,47,5074.0,14:30:04.177672006
18,5073.75,47,5074.0,14:30:04.177672006
17,5073.75,47,5074.0,14:30:04.177672006
17,5073.75,47,5074.0,14:30:04.177691808
17,5073.75,47,5074.0,14:30:04.177691808
17,5073.75,44,5074.0,14:30:04.177691808
17,5073.75,39,5074.0,14:30:04.177691808
18,5073.75,39,5074.0,14:30:04.177691808
19,5073.75,39,5074.0,14:30:04.177691808
19,5073.75,39,5074.0,14:30:04.177691808
22,5073.75,39,5074.0,14:30:04.177691808
23,5073.75,39,5074.0,14:30:04.177691808
23,5073.75,40,5074.0,14:30:04.177861373
22,5073.75,40,5074.0,14:30:04.177861373
18,5073.75,40,5074.0,14:30:04.177861373
18,5073.75,37,5074.0,14:30:04.177861373
19,5073.75,37,5074.0,14:30:04.177872564
19,5073.75,37,5074.0,14:30:04.177872564
19,5073.75,31,5074.0,14:30:04.177872564
19,5073.75,27,5074.0,14:30:04.177872564
19,5073.75,28,5074.0,14:30:04.177872564
19,5073.75,25,5074.0,14:30:04.177872564
20,5073.75,25,5074.0,14:30:04.177872564
19,5073.75,25,5074.0,14:30:04.177895956
16,5073.75,25,5074.0,14:30:04.177961080
17,5073.75,25,5074.0,14:30:04.177996927
20,5073.75,25,5074.0,14:30:04.178002531
20,5073.75,25,5074.0,14:30:04.178032498
20,5073.75,25,5074.0,14:30:04.178303884
20,5073.75,28,5074.0,14:30:04.179239780
20,5073.75,29,5074.0,14:30:04.179262027
20,5073.75,29,5074.0,14:30:04.179381941
17,5073.75,29,5074.0,14:30:04.179492772
12,5073.75,29,5074.0,14:30:04.182026237
11,5073.75,29,5074.0,14:30:04.182165267
10,5073.75,29,5074.0,14:30:04.182171751
7,5073.75,29,5074.0,14:30:04.182192414
7,5073.75,30,5074.0,14:30:04.182215156
7,5073.75,30,5074.0,14:30:04.182268889
7,5073.75,30,5074.0,14:30:04.182281996
7,5073.75,30,5074.0,14:30:04.182288745
6,5073.75,30,5074.0,14:30:04.182477965
6,5073.75,30,5074.0,14:30:04.182508990
6,5073.75,30,5074.0,14:30:04.182935437
6,5073.75,30,5074.0,14:30:04.182935437
6,5073.75,30,5074.0,14:30:04.182941187
6,5073.75,30,5074.0,14:30:04.182999793
6,5073.75,30,5074.0,14:30:04.183154423
7,5073.75,30,5074.0,14:30:04.183301850
7,5073.75,30,5074.0,14:30:04.183556544
8,5073.75,30,5074.0,14:30:04.184096196
8,5073.75,24,5074.0,14:30:04.184186070
8,5073.75,22,5074.0,14:30:04.184281022
9,5073.75,22,5074.0,14:30:04.184393130
10,5073.75,22,5074.0,14:30:04.184400896
9,5073.75,22,5074.0,14:30:04.184533904
9,5073.75,22,5074.0,14:30:04.184585723
9,5073.75,22,5074.0,14:30:04.184858611
9,5073.75,22,5074.0,14:30:04.184924603
10,5073.75,22,5074.0,14:30:04.185034880
12,5073.75,22,5074.0,14:30:04.185222190
14,5073.75,22,5074.0,14:30:04.185277119
14,5073.75,20,5074.0,14:30:04.185329245
14,5073.75,20,5074.0,14:30:04.185494144
14,5073.75,20,5074.0,14:30:04.185503095
14,5073.75,20,5074.0,14:30:04.185503095
14,5073.75,20,5074.0,14:30:04.186339895
13,5073.75,20,5074.0,14:30:04.187474513
13,5073.75,20,5074.0,14:30:04.187848131
13,5073.75,20,5074.0,14:30:04.189027755
13,5073.75,20,5074.0,14:30:04.189027755
13,5073.75,20,5074.0,14:30:04.189158029
13,5073.75,20,5074.0,14:30:04.190234547
13,5073.75,20,5074.0,14:30:04.190234547
13,5073.75,20,5074.0,14:30:04.190484158
17,5073.75,20,5074.0,14:30:04.190910970
18,5073.75,20,5074.0,14:30:04.191032312
18,5073.75,20,5074.0,14:30:04.193303188
18,5073.75,20,5074.0,14:30:04.193806872
18,5073.75,20,5074.0,14:30:04.194897530
14,5073.75,20,5074.0,14:30:04.196837134
12,5073.75,20,5074.0,14:30:04.196865593
14,5073.75,20,5074.0,14:30:04.198772175
17,5073.75,20,5074.0,14:30:04.198846256
21,5073.75,20,5074.0,14:30:04.198857463
24,5073.75,20,5074.0,14:30:04.198875918
25,5073.75,20,5074.0,14:30:04.198884181
28,5073.75,20,5074.0,14:30:04.198963673
29,5073.75,20,5074.0,14:30:04.198974835
28,5073.75,20,5074.0,14:30:04.198985325
29,5073.75,20,5074.0,14:30:04.199340576
29,5073.75,19,5074.0,14:30:04.199347088
29,5073.75,19,5074.0,14:30:04.199384418
28,5073.75,19,5074.0,14:30:04.202427100
24,5073.75,19,5074.0,14:30:04.202497399
21,5073.75,19,5074.0,14:30:04.202520622
21,5073.75,19,5074.0,14:30:04.202568536
21,5073.75,19,5074.0,14:30:04.202576127
21,5073.75,19,5074.0,14:30:04.202802426
21,5073.75,19,5074.0,14:30:04.203946683
21,5073.75,19,5074.0,14:30:04.204041455
21,5073.75,19,5074.0,14:30:04.204141621
21,5073.75,19,5074.0,14:30:04.205821613
21,5073.75,19,5074.0,14:30:04.208060221
21,5073.75,19,5074.0,14:30:04.229441052
21,5073.75,19,5074.0,14:30:04.229447789
21,5073.75,18,5074.0,14:30:04.229454521
21,5073.75,17,5074.0,14:30:04.229466323
24,5073.75,17,5074.0,14:30:04.237845542
25,5073.75,17,5074.0,14:30:04.237963493
25,5073.75,17,5074.0,14:30:04.238255757
25,5073.75,14,5074.0,14:30:04.238525031
26,5073.75,14,5074.0,14:30:04.238626870
26,5073.75,12,5074.0,14:30:04.238639395
26,5073.75,9,5074.0,14:30:04.238742664
26,5073.75,34,5074.25,14:30:04.239075829
26,5073.75,34,5074.25,14:30:04.239075829
32,5073.75,34,5074.25,14:30:04.239083928
32,5073.75,3,5074.0,14:30:04.239119363
32,5073.75,3,5074.0,14:30:04.239131260
32,5073.75,1,5074.0,14:30:04.239277136
36,5073.75,1,5074.0,14:30:04.239277136
36,5073.75,34,5074.25,14:30:04.239277136
36,5073.75,34,5074.25,14:30:04.239277136
1,5074.0,34,5074.25,14:30:04.239277136
2,5074.0,34,5074.25,14:30:04.239288132
3,5074.0,34,5074.25,14:30:04.239303453
3,5074.0,34,5074.25,14:30:04.239309047
3,5074.0,34,5074.25,14:30:04.239318628
5,5074.0,34,5074.25,14:30:04.239343351
5,5074.0,35,5074.25,14:30:04.239362440
5,5074.0,35,5074.25,14:30:04.239372350
4,5074.0,35,5074.25,14:30:04.239528145
35,5073.75,35,5074.25,14:30:04.239528145
35,5073.75,35,5074.25,14:30:04.239528145
35,5073.75,34,5074.25,14:30:04.239550847
35,5073.75,33,5074.25,14:30:04.239568713
35,5073.75,33,5074.25,14:30:04.239568713
3,5074.0,33,5074.25,14:30:04.239568713
3,5074.0,33,5074.25,14:30:04.239568713
3,5074.0,35,5074.25,14:30:04.239568713
3,5074.0,35,5074.25,14:30:04.239568713
33,5073.75,35,5074.25,14:30:04.239710947
33,5073.75,35,5074.25,14:30:04.239710947
33,5073.75,1,5074.0,14:30:04.239710947
33,5073.75,4,5074.0,14:30:04.239710947
33,5073.75,5,5074.0,14:30:04.239710947
29,5073.75,5,5074.0,14:30:04.239710947
29,5073.75,6,5074.0,14:30:04.239719049
28,5073.75,6,5074.0,14:30:04.239719049
28,5073.75,7,5074.0,14:30:04.239725221
28,5073.75,8,5074.0,14:30:04.239764160
28,5073.75,9,5074.0,14:30:04.239779229
28,5073.75,10,5074.0,14:30:04.239872466
28,5073.75,10,5074.0,14:30:04.239984212
28,5073.75,10,5074.0,14:30:04.240026309
28,5073.75,11,5074.0,14:30:04.240262720
22,5073.75,11,5074.0,14:30:04.240484485
22,5073.75,14,5074.0,14:30:04.240587856
22,5073.75,13,5074.0,14:30:04.240685035
22,5073.75,13,5074.0,14:30:04.240765005
22,5073.75,14,5074.0,14:30:04.240774334
22,5073.75,14,5074.0,14:30:04.241753988
22,5073.75,14,5074.0,14:30:04.242445193
22,5073.75,14,5074.0,14:30:04.242961305
21,5073.75,14,5074.0,14:30:04.243074815
21,5073.75,14,5074.0,14:30:04.243837160
18,5073.75,14,5074.0,14:30:04.263483911
15,5073.75,14,5074.0,14:30:04.263686933
15,5073.75,14,5074.0,14:30:04.263696399
15,5073.75,15,5074.0,14:30:04.263776426
15,5073.75,21,5074.0,14:30:04.271710701
13,5073.75,21,5074.0,14:30:04.271826806
12,5073.75,21,5074.0,14:30:04.271844438
11,5073.75,21,5074.0,14:30:04.271930322
11,5073.75,23,5074.0,14:30:04.271948271
10,5073.75,23,5074.0,14:30:04.272024189
9,5073.75,23,5074.0,14:30:04.272123420
8,5073.75,23,5074.0,14:30:04.272167674
7,5073.75,23,5074.0,14:30:04.272224443
7,5073.75,23,5074.0,14:30:04.272291846
29,5073.5,23,5074.0,14:30:04.274464917
29,5073.5,23,5074.0,14:30:04.274464917
29,5073.5,1,5073.75,14:30:04.274511177
29,5073.5,2,5073.75,14:30:04.274522083
29,5073.5,3,5073.75,14:30:04.274539894
29,5073.5,4,5073.75,14:30:04.274546246
29,5073.5,5,5073.75,14:30:04.274553152
29,5073.5,6,5073.75,14:30:04.274564928
29,5073.5,9,5073.75,14:30:04.274587911
28,5073.5,9,5073.75,14:30:04.274625400
28,5073.5,9,5073.75,14:30:04.274625400
28,5073.5,9,5073.75,14:30:04.274631378
29,5073.5,9,5073.75,14:30:04.274637160
30,5073.5,9,5073.75,14:30:04.274643439
30,5073.5,10,5073.75,14:30:04.274654405
29,5073.5,10,5073.75,14:30:04.274664806
29,5073.5,9,5073.75,14:30:04.274672383
29,5073.5,10,5073.75,14:30:04.274678223
29,5073.5,11,5073.75,14:30:04.274682752
29,5073.5,8,5073.75,14:30:04.274744663
29,5073.5,8,5073.75,14:30:04.274769796
28,5073.5,8,5073.75,14:30:04.274782443
28,5073.5,8,5073.75,14:30:04.274782443
29,5073.5,8,5073.75,14:30:04.274842552
29,5073.5,8,5073.75,14:30:04.275619298
29,5073.5,11,5073.75,14:30:04.275727077
29,5073.5,12,5073.75,14:30:04.275732693
29,5073.5,14,5073.75,14:30:04.276612944
23,5073.5,14,5073.75,14:30:04.276756480
23,5073.5,14,5073.75,14:30:04.280455761
23,5073.5,14,5073.75,14:30:04.280557955
23,5073.5,14,5073.75,14:30:04.285128818
22,5073.5,14,5073.75,14:30:04.285251899
21,5073.5,14,5073.75,14:30:04.285346685
20,5073.5,14,5073.75,14:30:04.285449736
17,5073.5,14,5073.75,14:30:04.285505759
16,5073.5,14,5073.75,14:30:04.285549155
16,5073.5,15,5073.75,14:30:04.285603330
16,5073.5,17,5073.75,14:30:04.285612226
15,5073.5,17,5073.75,14:30:04.285652528
12,5073.5,17,5073.75,14:30:04.285715422
12,5073.5,23,5073.75,14:30:04.285722436
11,5073.5,23,5073.75,14:30:04.285740491
10,5073.5,23,5073.75,14:30:04.285791452
10,5073.5,23,5073.75,14:30:04.286027511
9,5073.5,23,5073.75,14:30:04.291273067
9,5073.5,23,5073.75,14:30:04.291393673
9,5073.5,23,5073.75,14:30:04.291794799
9,5073.5,23,5073.75,14:30:04.291794799
8,5073.5,23,5073.75,14:30:04.293872089
8,5073.5,23,5073.75,14:30:04.294265037
6,5073.5,23,5073.75,14:30:04.294272638
8,5073.5,23,5073.75,14:30:04.294949364
8,5073.5,23,5073.75,14:30:04.294956695
8,5073.5,23,5073.75,14:30:04.299548815
8,5073.5,23,5073.75,14:30:04.299548815
8,5073.5,23,5073.75,14:30:04.303151917
11,5073.5,23,5073.75,14:30:04.327817391
12,5073.5,23,5073.75,14:30:04.327899133
13,5073.5,23,5073.75,14:30:04.327909469
13,5073.5,22,5073.75,14:30:04.327960455
14,5073.5,22,5073.75,14:30:04.327976693
14,5073.5,16,5073.75,14:30:04.328075095
15,5073.5,16,5073.75,14:30:04.328096868
15,5073.5,16,5073.75,14:30:04.328363728
16,5073.5,16,5073.75,14:30:04.328480428
15,5073.5,16,5073.75,14:30:04.329088834
15,5073.5,16,5073.75,14:30:04.329193387
15,5073.5,16,5073.75,14:30:04.329193387
15,5073.5,16,5073.75,14:30:04.344925329
15,5073.5,16,5073.75,14:30:04.350602397
15,5073.5,16,5073.75,14:30:04.353871593
15,5073.5,16,5073.75,14:30:04.353871593
15,5073.5,16,5073.75,14:30:04.353973876
15,5073.5,16,5073.75,14:30:04.375946905
15,5073.5,16,5073.75,14:30:04.378740570
16,5073.5,16,5073.75,14:30:04.379364698
16,5073.5,16,5073.75,14:30:04.380311904
20,5073.5,16,5073.75,14:30:04.380457757
20,5073.5,16,5073.75,14:30:04.380933072
20,5073.5,14,5073.75,14:30:04.381636290
20,5073.5,14,5073.75,14:30:04.382087397
20,5073.5,14,5073.75,14:30:04.382087397
20,5073.5,16,5073.75,14:30:04.382605775
16,5073.5,16,5073.75,14:30:04.403447792
15,5073.5,16,5073.75,14:30:04.403549416
15,5073.5,22,5073.75,14:30:04.403794288
14,5073.5,22,5073.75,14:30:04.403903407
14,5073.5,22,5073.75,14:30:04.407371967
14,5073.5,22,5073.75,14:30:04.407565174
14,5073.5,22,5073.75,14:30:04.407565174
11,5073.5,22,5073.75,14:30:04.413149712
11,5073.5,23,5073.75,14:30:04.413283670
14,5073.5,23,5073.75,14:30:04.439171843
11,5073.5,23,5073.75,14:30:04.439542561
10,5073.5,23,5073.75,14:30:04.446719370
9,5073.5,23,5073.75,14:30:04.446725720
17,5073.5,23,5073.75,14:30:04.446867419
18,5073.5,23,5073.75,14:30:04.446940793
19,5073.5,23,5073.75,14:30:04.447030942
20,5073.5,23,5073.75,14:30:04.447041304
23,5073.5,23,5073.75,14:30:04.447051093
23,5073.5,17,5073.75,14:30:04.447145988
23,5073.5,16,5073.75,14:30:04.448612270
23,5073.5,14,5073.75,14:30:04.448687260
24,5073.5,14,5073.75,14:30:04.448711719
24,5073.5,12,5073.75,14:30:04.448725063
25,5073.5,12,5073.75,14:30:04.448799090
25,5073.5,9,5073.75,14:30:04.449048301
25,5073.5,12,5073.75,14:30:04.450502107
25,5073.5,12,5073.75,14:30:04.451136871
25,5073.5,12,5073.75,14:30:04.452947938
25,5073.5,12,5073.75,14:30:04.452955203
25,5073.5,12,5073.75,14:30:04.453062427
25,5073.5,12,5073.75,14:30:04.453238407
25,5073.5,9,5073.75,14:30:04.455546301
25,5073.5,9,5073.75,14:30:04.457257568
25,5073.5,9,5073.75,14:30:04.457257568
25,5073.5,9,5073.75,14:30:04.467448756
25,5073.5,9,5073.75,14:30:04.467558998
25,5073.5,11,5073.75,14:30:04.468058816
25,5073.5,14,5073.75,14:30:04.476128792
26,5073.5,14,5073.75,14:30:04.476854212
26,5073.5,14,5073.75,14:30:04.499805981
26,5073.5,14,5073.75,14:30:04.499805981
17,5073.5,14,5073.75,14:30:04.505283951
17,5073.5,15,5073.75,14:30:04.505339414
17,5073.5,16,5073.75,14:30:04.505349997
19,5073.5,16,5073.75,14:30:04.505360042
19,5073.5,18,5073.75,14:30:04.505371088
18,5073.5,18,5073.75,14:30:04.505385076
18,5073.5,17,5073.75,14:30:04.505391780
18,5073.5,19,5073.75,14:30:04.505400519
19,5073.5,19,5073.75,14:30:04.505410971
19,5073.5,25,5073.75,14:30:04.505448895
20,5073.5,25,5073.75,14:30:04.505478594
20,5073.5,24,5073.75,14:30:04.505484851
20,5073.5,22,5073.75,14:30:04.505491423
20,5073.5,16,5073.75,14:30:04.506451398
20,5073.5,16,5073.75,14:30:04.515069889
20,5073.5,16,5073.75,14:30:04.515069889
20,5073.5,16,5073.75,14:30:04.515181299
21,5073.5,16,5073.75,14:30:04.515305378
21,5073.5,13,5073.75,14:30:04.528468616
21,5073.5,13,5073.75,14:30:04.528708254
21,5073.5,13,5073.75,14:30:04.528708254
21,5073.5,16,5073.75,14:30:04.530900742
21,5073.5,13,5073.75,14:30:04.536570463
21,5073.5,11,5073.75,14:30:04.536852296
21,5073.5,9,5073.75,14:30:04.536951514
22,5073.5,9,5073.75,14:30:04.537055276
22,5073.5,8,5073.75,14:30:04.545483683
22,5073.5,7,5073.75,14:30:04.545582440
23,5073.5,7,5073.75,14:30:04.545588530
21,5073.5,7,5073.75,14:30:04.545731688
20,5073.5,7,5073.75,14:30:04.548939564
20,5073.5,8,5073.75,14:30:04.548958297
20,5073.5,9,5073.75,14:30:04.548982240
20,5073.5,10,5073.75,14:30:04.548995651
20,5073.5,12,5073.75,14:30:04.549003875
20,5073.5,15,5073.75,14:30:04.549068187
20,5073.5,17,5073.75,14:30:04.549424735
20,5073.5,23,5073.75,14:30:04.557536588
20,5073.5,23,5073.75,14:30:04.559566415
20,5073.5,23,5073.75,14:30:04.572020052
20,5073.5,23,5073.75,14:30:04.572020052
19,5073.5,23,5073.75,14:30:04.572127161
16,5073.5,23,5073.75,14:30:04.572223771
15,5073.5,23,5073.75,14:30:04.572324019
15,5073.5,25,5073.75,14:30:04.572332595
14,5073.5,25,5073.75,14:30:04.572414469
13,5073.5,25,5073.75,14:30:04.572424357
12,5073.5,25,5073.75,14:30:04.572430632
10,5073.5,25,5073.75,14:30:04.572436953
10,5073.5,25,5073.75,14:30:04.572561374
13,5073.5,25,5073.75,14:30:04.610446285
10,5073.5,25,5073.75,14:30:04.612192980
10,5073.5,25,5073.75,14:30:04.615138358
10,5073.5,25,5073.75,14:30:04.615256539
10,5073.5,25,5073.75,14:30:04.615362177
10,5073.5,25,5073.75,14:30:04.618030304
10,5073.5,25,5073.75,14:30:04.660270156
12,5073.5,25,5073.75,14:30:04.667912225
14,5073.5,25,5073.75,14:30:04.667996627
14,5073.5,25,5073.75,14:30:04.668452812
12,5073.5,25,5073.75,14:30:04.671593454
10,5073.5,25,5073.75,14:30:04.671637929
6,5073.5,25,5073.75,14:30:04.680355830
4,5073.5,25,5073.75,14:30:04.680596039
2,5073.5,25,5073.75,14:30:04.680828953
31,5073.25,25,5073.75,14:30:04.680828953
31,5073.25,25,5073.75,14:30:04.680828953
31,5073.25,25,5073.75,14:30:04.680828953
32,5073.25,25,5073.75,14:30:04.680910889
31,5073.25,25,5073.75,14:30:04.680942628
31,5073.25,25,5073.75,14:30:04.680942628
30,5073.25,25,5073.75,14:30:04.680951761
31,5073.25,25,5073.75,14:30:04.680960151
32,5073.25,25,5073.75,14:30:04.680967982
32,5073.25,26,5073.75,14:30:04.680974981
33,5073.25,26,5073.75,14:30:04.681017497
33,5073.25,1,5073.5,14:30:04.681058874
32,5073.25,1,5073.5,14:30:04.681168588
32,5073.25,1,5073.5,14:30:04.681184064
32,5073.25,1,5073.5,14:30:04.681463237
32,5073.25,1,5073.5,14:30:04.681568126
32,5073.25,1,5073.5,14:30:04.681581630
32,5073.25,1,5073.5,14:30:04.681788278
32,5073.25,2,5073.5,14:30:04.683992917
32,5073.25,4,5073.5,14:30:04.684089578
32,5073.25,6,5073.5,14:30:04.684176891
32,5073.25,7,5073.5,14:30:04.684274792
30,5073.25,7,5073.5,14:30:04.684283419
30,5073.25,8,5073.5,14:30:04.684293740
30,5073.25,11,5073.5,14:30:04.684385114
30,5073.25,12,5073.5,14:30:04.684396381
29,5073.25,12,5073.5,14:30:04.684598143
29,5073.25,12,5073.5,14:30:04.684598143
29,5073.25,12,5073.5,14:30:04.692070527
29,5073.25,12,5073.5,14:30:04.693529449
29,5073.25,12,5073.5,14:30:04.693529449
28,5073.25,12,5073.5,14:30:04.702302045
28,5073.25,12,5073.5,14:30:04.702321412
28,5073.25,12,5073.5,14:30:04.702431980
27,5073.25,12,5073.5,14:30:04.702438432
26,5073.25,12,5073.5,14:30:04.702471162
20,5073.25,12,5073.5,14:30:04.702569909
20,5073.25,13,5073.5,14:30:04.702586844
20,5073.25,15,5073.5,14:30:04.702666438
19,5073.25,15,5073.5,14:30:04.702674947
19,5073.25,17,5073.5,14:30:04.702767875
19,5073.25,17,5073.5,14:30:04.702797959
19,5073.25,17,5073.5,14:30:04.703207858
19,5073.25,15,5073.5,14:30:04.703401174
19,5073.25,15,5073.5,14:30:04.705850306
19,5073.25,15,5073.5,14:30:04.705850306
19,5073.25,15,5073.5,14:30:04.707375414
19,5073.25,15,5073.5,14:30:04.708419445
19,5073.25,15,5073.5,14:30:04.708735602
16,5073.25,15,5073.5,14:30:04.749537726
16,5073.25,15,5073.5,14:30:04.749645480
16,5073.25,20,5073.5,14:30:04.749801428
13,5073.25,20,5073.5,14:30:04.749896166
12,5073.25,20,5073.5,14:30:04.749917139
10,5073.25,20,5073.5,14:30:04.749925181
10,5073.25,20,5073.5,14:30:04.749934701
12,5073.25,20,5073.5,14:30:04.750064378
7,5073.25,20,5073.5,14:30:04.755190734
5,5073.25,20,5073.5,14:30:04.755234949
5,5073.25,21,5073.5,14:30:04.755249330
5,5073.25,21,5073.5,14:30:04.755262092
5,5073.25,22,5073.5,14:30:04.755289475
4,5073.25,22,5073.5,14:30:04.755391183
5,5073.25,22,5073.5,14:30:04.755391183
5,5073.25,21,5073.5,14:30:04.755397704
5,5073.25,21,5073.5,14:30:04.755402549
5,5073.25,20,5073.5,14:30:04.755421276
5,5073.25,20,5073.5,14:30:04.755466304
5,5073.25,20,5073.5,14:30:04.755479037
4,5073.25,20,5073.5,14:30:04.755627393
6,5073.25,20,5073.5,14:30:04.755627393
7,5073.25,20,5073.5,14:30:04.755627393
8,5073.25,20,5073.5,14:30:04.755627393
10,5073.25,20,5073.5,14:30:04.755627393
11,5073.25,20,5073.5,14:30:04.755738294
11,5073.25,20,5073.5,14:30:04.756098101
14,5073.25,20,5073.5,14:30:04.756459121
11,5073.25,20,5073.5,14:30:04.757007788
10,5073.25,20,5073.5,14:30:04.757116616
9,5073.25,20,5073.5,14:30:04.757125908
7,5073.25,20,5073.5,14:30:04.757348140
7,5073.25,20,5073.5,14:30:04.763882896
7,5073.25,20,5073.5,14:30:04.763895837
7,5073.25,20,5073.5,14:30:04.778220257
7,5073.25,20,5073.5,14:30:04.805551606
7,5073.25,20,5073.5,14:30:04.805551606
7,5073.25,20,5073.5,14:30:04.868761949
6,5073.25,20,5073.5,14:30:04.871211611
6,5073.25,20,5073.5,14:30:04.871358411
6,5073.25,20,5073.5,14:30:04.883769317
6,5073.25,20,5073.5,14:30:04.883873969
5,5073.25,20,5073.5,14:30:04.939638924
4,5073.25,20,5073.5,14:30:04.939638924
3,5073.25,20,5073.5,14:30:04.939686998
3,5073.25,20,5073.5,14:30:04.939686998
3,5073.25,20,5073.5,14:30:04.939686998
3,5073.25,21,5073.5,14:30:04.939702218
3,5073.25,22,5073.5,14:30:04.939702218
40,5073.0,22,5073.5,14:30:04.939829395
40,5073.0,22,5073.5,14:30:04.939829395
40,5073.0,3,5073.25,14:30:04.939829395
40,5073.0,4,5073.25,14:30:04.939829395
40,5073.0,5,5073.25,14:30:04.939829395
40,5073.0,5,5073.25,14:30:04.939829395
40,5073.0,6,5073.25,14:30:04.939943167
39,5073.0,6,5073.25,14:30:04.939948885
39,5073.0,6,5073.25,14:30:04.939948885
38,5073.0,6,5073.25,14:30:04.939957740
38,5073.0,6,5073.25,14:30:04.939957740
37,5073.0,6,5073.25,14:30:04.939969881
35,5073.0,6,5073.25,14:30:04.939976562
35,5073.0,7,5073.25,14:30:04.939988777
35,5073.0,7,5073.25,14:30:04.940000816
34,5073.0,7,5073.25,14:30:04.940026826
33,5073.0,7,5073.25,14:30:04.940037156
33,5073.0,7,5073.25,14:30:04.940037156
33,5073.0,7,5073.25,14:30:04.940053777
33,5073.0,8,5073.25,14:30:04.940078635
33,5073.0,8,5073.25,14:30:04.940182339
33,5073.0,9,5073.25,14:30:04.940209124
33,5073.0,8,5073.25,14:30:04.940281996
33,5073.0,7,5073.25,14:30:04.940318166
32,5073.0,7,5073.25,14:30:04.940336019
26,5073.0,7,5073.25,14:30:04.940360580
26,5073.0,10,5073.25,14:30:04.940384481
26,5073.0,11,5073.25,14:30:04.940464572
26,5073.0,11,5073.25,14:30:04.940746514
26,5073.0,11,5073.25,14:30:04.940754325
26,5073.0,11,5073.25,14:30:04.940761023
26,5073.0,11,5073.25,14:30:04.940761023
26,5073.0,8,5073.25,14:30:04.943787065
26,5073.0,6,5073.25,14:30:04.944703516
26,5073.0,5,5073.25,14:30:04.944703516
26,5073.0,22,5073.5,14:30:04.944837368
26,5073.0,22,5073.5,14:30:04.944837368
27,5073.0,22,5073.5,14:30:04.944852331
28,5073.0,22,5073.5,14:30:04.944869122
3,5073.25,22,5073.5,14:30:04.944889625
8,5073.25,22,5073.5,14:30:04.944898857
8,5073.25,22,5073.5,14:30:04.944928234
8,5073.25,22,5073.5,14:30:04.944933168
8,5073.25,22,5073.5,14:30:04.944952826
9,5073.25,22,5073.5,14:30:04.945008427
9,5073.25,23,5073.5,14:30:04.945013605
11,5073.25,23,5073.5,14:30:04.945022031
12,5073.25,23,5073.5,14:30:04.945027298
12,5073.25,22,5073.5,14:30:04.945038108
12,5073.25,22,5073.5,14:30:04.945047103
12,5073.25,21,5073.5,14:30:04.945052988
7,5073.25,21,5073.5,14:30:04.945063363
5,5073.25,21,5073.5,14:30:04.945097043
6,5073.25,21,5073.5,14:30:04.945128989
7,5073.25,21,5073.5,14:30:04.945170552
6,5073.25,21,5073.5,14:30:04.945177496
3,5073.25,21,5073.5,14:30:04.945187647
4,5073.25,21,5073.5,14:30:04.945201497
4,5073.25,21,5073.5,14:30:04.945246826
5,5073.25,21,5073.5,14:30:04.945287150
6,5073.25,21,5073.5,14:30:04.945296510
7,5073.25,21,5073.5,14:30:04.945303601
7,5073.25,21,5073.5,14:30:04.945310897
6,5073.25,21,5073.5,14:30:04.945321656
5,5073.25,21,5073.5,14:30:04.947915964
6,5073.25,21,5073.5,14:30:04.948248041
8,5073.25,21,5073.5,14:30:04.948262656
11,5073.25,21,5073.5,14:30:04.948522277
11,5073.25,21,5073.5,14:30:04.950944819
11,5073.25,21,5073.5,14:30:04.951050159
12,5073.25,21,5073.5,14:30:04.951172996
11,5073.25,21,5073.5,14:30:04.953787410
10,5073.25,21,5073.5,14:30:04.958242713
10,5073.25,21,5073.5,14:30:04.958242713
7,5073.25,21,5073.5,14:30:04.958336107
6,5073.25,21,5073.5,14:30:04.958347448
6,5073.25,21,5073.5,14:30:04.958485035
9,5073.25,21,5073.5,14:30:04.959029721
9,5073.25,21,5073.5,14:30:04.959043085
9,5073.25,21,5073.5,14:30:04.959043085
10,5073.25,21,5073.5,14:30:04.959132622
9,5073.25,21,5073.5,14:30:04.966232236
10,5073.25,21,5073.5,14:30:04.966341318
10,5073.25,21,5073.5,14:30:04.968344344
10,5073.25,21,5073.5,14:30:04.974105603
10,5073.25,21,5073.5,14:30:04.974105603
10,5073.25,16,5073.5,14:30:05.002843334
11,5073.25,16,5073.5,14:30:05.002952789
14,5073.25,16,5073.5,14:30:05.002995848
14,5073.25,16,5073.5,14:30:05.003005618
14,5073.25,16,5073.5,14:30:05.003042250
9,5073.25,16,5073.5,14:30:05.006284968
10,5073.25,16,5073.5,14:30:05.006337917
10,5073.25,18,5073.5,14:30:05.006344243
10,5073.25,19,5073.5,14:30:05.006351440
7,5073.25,19,5073.5,14:30:05.006365175
8,5073.25,19,5073.5,14:30:05.006374247
10,5073.25,19,5073.5,14:30:05.006395492
10,5073.25,19,5073.5,14:30:05.006464338
11,5073.25,19,5073.5,14:30:05.006478585
11,5073.25,17,5073.5,14:30:05.006484236
11,5073.25,16,5073.5,14:30:05.006490083
11,5073.25,16,5073.5,14:30:05.006501619
11,5073.25,16,5073.5,14:30:05.006605928
11,5073.25,16,5073.5,14:30:05.013251461
11,5073.25,16,5073.5,14:30:05.013251461
14,5073.25,16,5073.5,14:30:05.015722711
15,5073.25,16,5073.5,14:30:05.021816341
16,5073.25,16,5073.5,14:30:05.021945831
15,5073.25,16,5073.5,14:30:05.022023721
14,5073.25,16,5073.5,14:30:05.070638852
13,5073.25,16,5073.5,14:30:05.070638852
13,5073.25,18,5073.5,14:30:05.070722479
13,5073.25,19,5073.5,14:30:05.070731154
16,5073.25,19,5073.5,14:30:05.089878078
18,5073.25,19,5073.5,14:30:05.089982227
18,5073.25,17,5073.5,14:30:05.089988580
19,5073.25,17,5073.5,14:30:05.090003322
