price,volume,timestamp
108.7188,1,14:00:01.053738539
108.7031,29,14:00:02.728223507
108.7188,400,14:00:07.166228844
108.7031,1,14:00:07.410339786
108.7031,1,14:00:15.689382641
108.7188,1,14:00:16.834486423
108.7188,1,14:00:17.028003030
108.7188,1,14:00:19.028434654
108.7188,1,14:00:20.277410522
108.7188,5,14:00:22.401305492
108.7188,2,14:00:27.493357816
108.7188,1,14:00:27.493460573
108.7188,1,14:00:27.493560367
108.7188,2,14:00:27.493600278
108.7188,1,14:00:27.496696827
108.7188,1,14:00:27.496727497
108.7188,1,14:00:27.496914594
108.7188,1,14:00:27.496975034
108.7188,1,14:00:27.497005748
108.7188,1,14:00:27.497115741
108.7188,2,14:00:27.497139988
108.7188,2,14:00:27.497286596
108.7188,18,14:00:27.497317633
108.7188,1,14:00:27.497619383
108.7188,1,14:00:27.497718691
108.7188,2,14:00:27.497806107
108.7188,1,14:00:27.500204015
108.7188,3,14:00:27.500229561
108.7188,4,14:00:27.500258329
108.7188,8,14:00:27.500317892
108.7188,1,14:00:27.500389301
108.7188,50,14:00:27.500421225
108.7188,1,14:00:27.500868579
108.7188,28,14:00:27.500890378
108.7188,44,14:00:27.501105530
108.7188,91,14:00:27.502770233
108.7188,1,14:00:27.502798112
108.7188,1,14:00:27.502874779
108.7188,1,14:00:27.502886847
108.7188,1,14:00:27.502978250
108.7188,50,14:00:27.503008836
108.7188,1,14:00:27.503171192
108.7188,28,14:00:27.503216373
108.7188,20,14:00:27.503248825
108.7188,200,14:00:27.503491515
108.7188,1,14:00:27.504670338
108.7188,120,14:00:27.504878432
108.7188,1,14:00:27.505671142
108.7188,1,14:00:27.506095625
108.7188,6,14:00:27.508885834
108.7188,48,14:00:27.510315713
108.7188,1,14:00:27.510348952
108.7188,122,14:00:27.510691301
108.7188,4,14:00:27.512356881
108.7188,61,14:00:27.512423874
108.7188,3,14:00:27.513722218
108.7188,1,14:00:27.516960468
108.7188,10,14:00:27.997891217
108.7188,50,14:00:27.998211556
108.7188,1,14:00:27.998366220
108.7188,1,14:00:27.998642147
108.7188,1,14:00:27.998670880
108.7188,35,14:00:27.998856356
108.7188,1,14:00:27.999047973
108.7188,1,14:00:27.999095398
108.7188,1,14:00:27.999129338
108.7188,15,14:00:27.999175659
108.7188,1,14:00:27.999251132
108.7188,2,14:00:27.999302029
108.7188,50,14:00:27.999348283
108.7188,5,14:00:27.999425429
108.7188,2,14:00:27.999610666
108.7188,2,14:00:27.999711250
108.7188,5,14:00:28.000087901
108.7188,1,14:00:28.000637083
108.7188,3,14:00:28.000896378
108.7188,518,14:00:28.001090410
108.7188,3,14:00:28.001918751
108.7188,1,14:00:28.001945653
108.7188,1,14:00:28.002302861
108.7188,18,14:00:28.002324762
108.7188,119,14:00:28.002403288
108.7188,1,14:00:28.002455318
108.7188,14,14:00:28.002490343
108.7188,11,14:00:28.002923680
108.7188,10,14:00:28.002954742
108.7188,10,14:00:28.002983981
108.7188,1,14:00:28.003228505
108.7188,1,14:00:28.003386697
108.7188,5,14:00:28.003519398
108.7188,2,14:00:28.003552342
108.7188,3,14:00:28.003669474
108.7188,8,14:00:28.004039997
108.7188,1,14:00:28.004187817
108.7188,16,14:00:28.004477471
108.7188,1,14:00:28.004602229
108.7188,5,14:00:28.004881249
108.7188,200,14:00:28.005010225
108.7188,3,14:00:28.006070783
108.7188,1,14:00:28.006974031
108.7188,1,14:00:28.007167084
108.7188,1,14:00:28.007496307
108.7188,1,14:00:28.007629244
108.7188,1,14:00:28.007865508
108.7188,1,14:00:28.007923592
108.7188,47,14:00:28.007951932
108.7188,1,14:00:28.007978518
108.7188,54,14:00:28.008002477
108.7188,15,14:00:28.008039664
108.7188,200,14:00:28.008317187
108.7188,4,14:00:28.008587551
108.7188,1,14:00:28.008663223
108.7188,1,14:00:28.008927264
108.7188,2,14:00:28.009066450
108.7188,1,14:00:28.009236755
108.7188,2,14:00:28.009267901
108.7188,15,14:00:28.009543657
108.7188,2,14:00:28.009587741
108.7188,1,14:00:28.009623959
108.7188,1,14:00:28.009642283
108.7188,1,14:00:28.009688921
108.7188,1,14:00:28.009740771
108.7188,7,14:00:28.009815387
108.7188,6,14:00:28.009851654
108.7188,4,14:00:28.009963816
108.7188,1,14:00:28.010014082
108.7188,1,14:00:28.010155874
108.7188,1,14:00:28.010260135
108.7188,1,14:00:28.010685955
108.7188,1,14:00:28.011736693
108.7188,17,14:00:28.012797565
108.7188,1,14:00:28.013838301
108.7188,7,14:00:28.013936271
108.7188,8,14:00:28.014453416
108.7188,1,14:00:28.014509274
108.7188,1,14:00:28.014570987
108.7188,1,14:00:28.014622204
108.7188,3,14:00:28.015634055
108.7188,1,14:00:28.016355846
108.7188,1,14:00:28.016939905
108.7188,9,14:00:28.017204010
108.7188,1,14:00:28.017560231
108.7188,1,14:00:28.017682762
108.7188,1,14:00:28.017996797
108.7188,1,14:00:28.018038871
108.7188,1,14:00:28.018535688
108.7188,1,14:00:28.018640237
108.7188,4,14:00:28.018697231
108.7188,1,14:00:28.019160589
108.7188,1,14:00:28.020442546
108.7188,1,14:00:28.020658694
108.7188,5,14:00:28.020884779
108.7188,1,14:00:28.020998413
108.7188,1,14:00:28.021054401
108.7188,1,14:00:28.021130403
108.7188,1,14:00:28.021279501
108.7188,35,14:00:28.021447961
108.7188,1,14:00:28.023575342
108.7188,1,14:00:28.023671526
108.7188,63,14:00:28.024986459
108.7188,2,14:00:28.048004137
108.7188,2,14:00:29.202095989
108.7188,1,14:00:37.031536070
108.7188,1,14:00:38.394209747
108.7188,20,14:00:39.602474078
108.7188,145,14:00:39.896027010
108.7188,1,14:00:39.896362477
108.7188,10,14:00:39.913405057
108.7188,1,14:00:39.913611378
108.7188,2,14:00:49.750566749
108.7188,9,14:00:51.397927294
108.7188,1,14:00:55.046203365
108.7188,1,14:00:57.927028322
108.7188,1,14:01:01.408770407
108.7031,1,14:01:02.032595809
108.7188,2,14:01:10.471408351
108.7031,2,14:01:10.875445414
108.7188,1,14:01:13.040524653
108.7031,1,14:01:13.405886446
108.7031,4,14:01:17.006625217
108.7031,3,14:01:17.021903715
108.7031,4,14:01:17.077608591
108.7031,2,14:01:17.242129617
108.7031,1,14:01:17.299042374
108.7031,1,14:01:17.367704309
108.7031,4,14:01:17.452722973
108.7188,5,14:01:28.556001687
108.7188,1,14:01:30.035018399
108.7188,2,14:01:32.316150805
108.7188,2,14:01:36.108516340
108.7188,1,14:01:48.034047868
108.7188,1,14:01:50.557169111
108.7188,8,14:01:50.559335932
108.7188,2,14:01:50.780595744
108.7031,1,14:01:52.634589393
108.7188,2,14:01:54.096063741
108.7188,1,14:02:06.037060718
108.7188,1,14:02:14.500558403
108.7188,1,14:02:24.037482740
108.7031,602,14:02:24.196887180
108.7188,2,14:02:24.225307818
108.7031,1,14:02:24.295537119
108.7031,2,14:02:24.296236631
108.7031,1,14:02:24.296366422
108.7031,1,14:02:24.296395027
108.7031,13,14:02:24.296891764
108.7031,37,14:02:24.296927675
108.7031,40,14:02:24.296980143
108.7031,3,14:02:24.297030349
108.7031,50,14:02:24.297106165
108.7031,50,14:02:24.297404788
108.7031,1,14:02:24.297481004
108.7031,16,14:02:24.297620345
108.7031,35,14:02:24.297698689
108.7031,1,14:02:24.297744796
108.7031,2,14:02:24.297892516
108.7031,40,14:02:24.297930995
108.7031,5,14:02:24.297972474
108.7031,17,14:02:24.298050619
108.7031,9,14:02:24.298050619
108.7031,34,14:02:24.298118803
108.7031,1,14:02:24.298118803
108.7031,1,14:02:24.298421737
108.7031,1,14:02:24.298475658
108.7031,510,14:02:24.299389859
108.7031,16,14:02:24.301283755
108.7031,20,14:02:24.301354746
108.7031,1,14:02:24.302394182
108.7031,1,14:02:24.302418989
108.7031,100,14:02:24.302716634
108.7031,5,14:02:24.302816616
108.7031,1,14:02:24.306370573
108.7031,1,14:02:24.306620421
108.7031,3,14:02:24.306994595
108.7031,9,14:02:24.308611760
108.7031,1,14:02:24.308854364
108.7031,30,14:02:24.308964551
108.7031,1,14:02:24.309066082
108.7031,21,14:02:24.309127990
108.7031,1,14:02:24.309184005
108.7031,1,14:02:24.309298855
108.7031,2,14:02:24.309346386
108.7031,1,14:02:24.309368614
108.7031,1,14:02:24.309413031
108.7031,1,14:02:24.309454929
108.7031,1,14:02:24.309480882
108.7031,73,14:02:24.309657631
108.7031,84,14:02:24.309689898
108.7031,23,14:02:24.309722343
108.7031,2,14:02:24.311324580
108.7031,1,14:02:24.311809236
108.7031,1,14:02:24.311880777
108.7031,1,14:02:24.312213587
108.7031,1,14:02:24.312279319
108.7031,100,14:02:24.312665781
108.7031,1,14:02:24.314089071
108.7031,1,14:02:24.315500962
108.7031,1,14:02:24.315532335
108.7031,41,14:02:24.317446796
108.7031,1,14:02:24.326817161
108.7031,9,14:02:24.585690528
108.7031,9,14:02:24.585794879
108.7031,9,14:02:24.620615480
108.7031,10,14:02:24.648642088
108.7031,9,14:02:24.674623956
108.7031,9,14:02:24.701631206
108.7031,10,14:02:24.730668657
108.7031,9,14:02:24.756682923
108.7031,10,14:02:24.782688888
108.7031,9,14:02:24.811738873
108.7031,9,14:02:24.836764275
108.7031,10,14:02:24.861751192
108.7031,9,14:02:24.887813654
108.7031,9,14:02:24.914857305
108.7031,1,14:02:24.915192333
108.7031,1,14:02:24.915360317
108.7031,10,14:02:24.943926926
108.7031,9,14:02:24.972900116
108.7031,10,14:02:25.001906126
108.7031,9,14:02:25.029919060
108.7031,9,14:02:25.055910135
108.7031,10,14:02:25.082890693
108.7031,9,14:02:25.107942949
108.7031,9,14:02:25.134962378
108.7031,10,14:02:25.161942034
108.7031,30,14:02:25.944138562
108.7031,1,14:02:25.944416311
108.7031,5,14:02:27.364720344
108.7031,30,14:02:27.544823250
108.7031,1,14:02:27.544995270
108.7031,2,14:02:27.545071038
108.7031,1,14:02:27.545235198
108.7031,11,14:02:27.545419342
108.7031,1,14:02:27.545462994
108.7031,1,14:02:27.545516061
108.7031,10,14:02:27.545674006
108.7031,2,14:02:27.545873796
108.7031,1,14:02:27.545941876
108.7031,1,14:02:27.546076876
108.7031,1,14:02:27.546148663
108.7031,1,14:02:27.546455680
108.7031,1,14:02:27.546539515
108.7031,1,14:02:27.546608700
108.7031,163,14:02:27.550883356
108.7031,1,14:02:27.551369517
108.7031,1,14:02:27.551400013
108.7031,1,14:02:27.551428360
108.7031,1,14:02:27.551458347
108.7031,1,14:02:27.551492015
108.7031,1,14:02:27.551517676
108.7031,1,14:02:27.551550535
108.7031,1,14:02:27.551578011
108.7031,1,14:02:27.551618325
108.7031,1,14:02:27.551641266
108.7031,1,14:02:27.551673359
108.7031,1,14:02:27.551700272
108.7031,1,14:02:27.551731995
108.7031,11,14:02:27.551756341
108.7031,1,14:02:27.551788633
108.7031,1,14:02:27.551820982
108.7031,2,14:02:27.551948431
108.7031,4,14:02:27.551976256
108.7031,1,14:02:27.552029789
108.7031,1,14:02:27.552184218
108.7031,20,14:02:27.552743416
108.7031,2,14:02:27.552784508
108.7031,1,14:02:27.553295956
108.7031,1,14:02:27.578004986
108.7031,1,14:02:27.583689530
108.7031,1,14:02:27.585067039
108.7031,3,14:02:27.590645302
108.7031,1,14:02:27.595697052
108.7031,4,14:02:27.617883210
108.7031,1,14:02:27.622070529
108.7031,1,14:02:27.638076753
108.6875,1,14:02:31.462024482
108.6875,150,14:02:36.646112825
108.6875,7,14:02:36.701597587
108.6875,100,14:02:36.724170078
108.6875,16,14:02:36.761620495
108.6875,60,14:02:36.765104444
108.7031,1,14:02:39.005511455
108.7031,1,14:02:42.037486814
108.7031,1,14:02:50.639314975
108.7031,3,14:02:50.640336724
108.7031,1,14:02:50.640944554
108.7031,1,14:02:50.640968311
108.7031,20,14:02:50.640992944
108.7031,17,14:02:50.641355471
108.7031,1,14:02:50.641497298
108.7031,1,14:02:50.641734048
108.7031,1,14:02:50.641804229
108.7031,1,14:02:50.642135447
108.7031,1,14:02:50.642201927
108.7031,1,14:02:50.642287202
108.7031,2,14:02:50.642339136
108.7031,1,14:02:50.642448258
108.7031,2,14:02:50.642576584
108.7031,1,14:02:50.642770869
108.7031,1,14:02:50.686381232
108.7031,36,14:02:50.731361684
108.7031,1,14:02:50.731528343
108.7031,1,14:02:50.731624963
108.7031,1,14:02:50.731828615
108.7031,100,14:02:50.732254617
108.7031,1,14:02:50.733396246
108.7031,1,14:02:50.733494303
108.7031,1,14:02:50.733540288
108.7031,2,14:02:50.733619646
108.7031,1,14:02:50.733653375
108.7031,1,14:02:50.733690163
108.7031,1,14:02:50.733780926
108.7031,1,14:02:50.733837190
108.7031,2,14:02:50.734000592
108.7031,65,14:02:50.735264902
108.7031,1,14:02:50.735597581
108.7031,5,14:02:50.736600042
108.7031,5,14:02:50.738923098
108.7031,7,14:02:50.739319528
108.7188,18,14:02:50.764541090
108.7188,54,14:02:50.827804278
108.7031,5,14:02:51.155935678
108.7188,1,14:03:00.031275728
108.7188,1,14:03:00.820343306
108.7188,1,14:03:02.515349486
108.7188,1,14:03:10.931469716
108.7188,1,14:03:14.761926311
108.7031,2,14:03:16.883554125
108.7031,3,14:03:16.883600119
108.7031,3,14:03:16.883689248
108.7031,5,14:03:16.884790396
108.7031,1,14:03:16.885016062
108.7031,1,14:03:16.887844506
108.7031,2,14:03:16.887913170
108.7031,10,14:03:16.890577876
108.7031,2,14:03:16.890609902
108.7031,1,14:03:16.891113663
108.7031,7,14:03:16.891331965
108.7031,7,14:03:16.891494305
108.7031,1,14:03:16.891662673
108.7031,1,14:03:16.921644431
108.7188,1,14:03:17.058427566
108.7188,1,14:03:17.753870458
108.7031,13,14:03:18.623640087
108.7031,1,14:03:18.623869270
108.7031,1,14:03:18.623964104
108.7031,1,14:03:18.624102174
108.7031,1,14:03:18.624199923
108.7031,2,14:03:18.624494156
108.7031,3,14:03:21.746601068
108.7031,1,14:03:21.746656316
108.7031,109,14:03:21.746883089
108.7031,126,14:03:21.747208004
108.7031,35,14:03:21.747580226
108.7031,1,14:03:21.747615735
108.7031,2,14:03:21.747675732
108.7031,1,14:03:21.747739404
108.7031,91,14:03:21.747967649
108.7031,1,14:03:21.751524646
108.7031,3,14:03:21.753928742
108.7031,1,14:03:21.754157611
108.7031,1,14:03:21.757182421
108.7031,1,14:03:21.905976393
108.7031,1,14:03:23.263558945
108.7031,2,14:03:23.263812957
108.7031,1,14:03:23.264002359
108.7031,36,14:03:23.264024062
108.7031,49,14:03:23.264206480
108.7031,9,14:03:23.264318954
108.7031,1,14:03:23.264471994
108.7031,1,14:03:23.264518437
108.7031,3,14:03:23.264647264
108.7031,1,14:03:23.264676049
108.7031,1,14:03:23.265059264
108.7031,1,14:03:23.265091024
108.7031,1,14:03:23.265112973
108.7031,1,14:03:24.283095040
108.7031,1,14:03:30.046408295
108.7031,1,14:03:30.049643382
108.7031,192,14:03:32.110472956
108.7031,60,14:03:32.111722923
108.7031,160,14:03:32.117067789
108.7031,1,14:03:32.121804948
108.7031,149,14:03:32.665778673
108.7031,2,14:03:32.666641955
108.7031,1,14:03:32.666739205
108.7031,5,14:03:32.669300265
108.7031,1,14:03:32.669613685
108.7031,3,14:03:32.670283897
108.7031,1,14:03:32.672172771
108.7031,1,14:03:32.674911853
108.7031,26,14:03:32.843904001
108.7031,38,14:03:32.846965445
108.7031,184,14:03:32.848283030
108.7031,1,14:03:32.848333569
108.7031,1,14:03:32.848432762
108.7031,5,14:03:32.848881955
108.7031,1,14:03:32.849300837
108.7031,2,14:03:32.849389558
108.7031,1,14:03:32.849475832
108.7031,1,14:03:32.849506642
108.7031,5,14:03:32.849597678
108.7031,1,14:03:32.850901970
108.6875,1,14:03:33.649694783
108.7031,1,14:03:35.033567923
108.7031,3,14:03:40.272331710
108.7031,664,14:03:51.500949335
108.7031,5,14:03:51.512830445
108.7188,25,14:03:51.900747299
108.7188,1,14:03:53.032908200
108.7188,1,14:03:54.356536522
108.7188,2,14:03:55.187885760
108.7188,1,14:04:11.032333380
108.7031,3,14:04:20.769984997
108.7188,1,14:04:21.251447356
108.7188,1,14:04:29.031566571
108.7188,1500,14:04:44.461932815
108.7188,828,14:04:44.465259068
108.7188,1,14:04:44.469689297
108.7188,1,14:04:44.469876572
108.7188,2,14:04:44.470452074
108.7188,1,14:04:44.470755289
108.7188,1,14:04:44.471875227
108.7188,25,14:04:44.472458803
108.7188,1,14:04:44.472483427
108.7188,1,14:04:44.472649242
108.7188,2,14:04:44.472790816
108.7188,1,14:04:44.473256821
108.7188,1,14:04:44.473284214
108.7188,12,14:04:44.473418102
108.7188,2,14:04:44.475686372
108.7188,2,14:04:44.480171007
108.7188,1,14:04:44.480365872
108.7188,1,14:04:44.480509282
108.7188,1,14:04:44.480863760
108.7188,80,14:04:44.481667699
108.7188,1,14:04:44.482598704
108.7188,2,14:04:44.485050635
108.7188,1,14:04:44.486025627
108.7188,1,14:04:45.368243379
108.7188,100,14:04:45.368693301
108.7188,100,14:04:45.369406356
108.7188,1,14:04:45.369965023
108.7188,1,14:04:45.369988284
108.7188,1,14:04:45.370149613
108.7188,1,14:04:45.370297686
108.7188,1,14:04:45.370479176
108.7188,2,14:04:45.370539799
108.7188,2,14:04:45.370595097
108.7188,3,14:04:45.370630362
108.7188,10,14:04:45.370656954
108.7188,1,14:04:45.370725387
108.7188,1,14:04:45.370748703
108.7188,2,14:04:45.370766047
108.7188,5,14:04:45.370786841
108.7188,1,14:04:45.370840925
108.7188,81,14:04:45.370860788
108.7188,24,14:04:45.370881493
108.7188,68,14:04:45.370912767
108.7188,25,14:04:45.371027320
108.7188,44,14:04:45.371211493
108.7188,1,14:04:45.371308964
108.7188,11,14:04:45.371504433
108.7188,15,14:04:45.371593385
108.7188,15,14:04:45.371723928
108.7188,6,14:04:45.371752486
108.7188,6,14:04:45.371922374
108.7188,1,14:04:45.372740064
108.7188,11,14:04:45.372765211
108.7188,1,14:04:45.372802555
108.7188,1,14:04:45.372835387
108.7188,2,14:04:45.372933985
108.7188,200,14:04:45.373197428
108.7188,9,14:04:45.373270719
108.7188,9,14:04:45.373307906
108.7188,12,14:04:45.373326282
108.7188,2,14:04:45.373345709
108.7188,6,14:04:45.373367616
108.7188,27,14:04:45.373640673
108.7188,5,14:04:45.373658691
108.7188,1,14:04:45.373694180
108.7188,1,14:04:45.373734827
108.7188,1,14:04:45.373756079
108.7188,1,14:04:45.373846957
108.7188,1,14:04:45.373930415
108.7188,1,14:04:45.374114384
108.7188,1,14:04:45.374202716
108.7188,1,14:04:45.374425382
108.7188,10,14:04:45.374469949
108.7188,20,14:04:45.374552946
108.7188,2,14:04:45.374578213
108.7188,1,14:04:45.374786580
108.7188,440,14:04:45.375753127
108.7188,1,14:04:45.375939915
108.7188,8,14:04:45.377332116
108.7188,15,14:04:45.377404559
108.7188,1,14:04:45.377473325
108.7188,3,14:04:45.377703349
108.7188,3,14:04:45.377744722
108.7188,1,14:04:45.378450362
108.7188,7,14:04:45.378567482
108.7188,1,14:04:45.380428150
108.7188,5,14:04:45.380460317
108.7188,13,14:04:45.380527243
108.7188,37,14:04:45.380547061
108.7188,40,14:04:45.380553265
108.7188,58,14:04:45.380665345
108.7188,1,14:04:45.380698471
108.7188,5,14:04:45.380718098
108.7188,16,14:04:45.381430864
108.7188,20,14:04:45.381465425
108.7188,2,14:04:45.382050333
108.7188,2,14:04:45.382082874
108.7188,2,14:04:45.384817070
108.7188,1,14:04:45.385441249
108.7188,4,14:04:45.385715450
108.7188,4,14:04:45.386218225
108.7188,4,14:04:45.386601106
108.7188,2,14:04:45.386970015
108.7188,1,14:04:45.387037661
108.7188,1,14:04:45.387124169
108.7188,4,14:04:45.387474826
108.7188,1,14:04:45.389761343
108.7188,1,14:04:45.390249177
108.7188,4,14:04:45.392416059
108.7188,1,14:04:45.392439265
108.7188,1,14:04:45.396186125
108.7188,1,14:04:45.404235318
108.7188,1,14:04:45.409355075
108.7188,1,14:04:45.449927098
108.7188,51,14:04:45.451479113
108.7188,200,14:04:45.451586024
108.7188,35,14:04:45.451802975
108.7188,4,14:04:45.453512758
108.7188,1,14:04:45.458114255
108.7188,1,14:04:45.458830790
108.7188,1,14:04:45.458884658
108.7188,1,14:04:45.458952733
108.7188,1,14:04:45.459272032
108.7188,1,14:04:45.460759685
108.7188,3,14:04:45.514847836
108.7188,1,14:04:46.043596960
108.7031,3,14:04:46.477785618
108.7031,1,14:04:46.487851316
108.7188,1,14:04:47.905706011
108.7031,1,14:04:49.509244034
108.7188,200,14:04:49.605526037
108.7188,150,14:04:51.010838934
108.7188,1,14:04:51.011044436
108.7188,200,14:04:51.011520493
108.7188,1,14:04:51.011700212
108.7188,10,14:04:51.011819830
108.7188,1,14:04:51.011853174
108.7188,14,14:04:51.012682120
108.7188,1,14:04:51.012723938
108.7188,16,14:04:51.012777232
108.7188,1,14:04:51.012821025
108.7188,5,14:04:51.012851348
108.7188,1,14:04:51.012868239
108.7188,1,14:04:51.012889823
108.7188,195,14:04:51.013055800
108.7188,1,14:04:51.013864579
108.7188,951,14:04:51.031163676
108.7188,49,14:04:51.031728071
108.7188,1,14:04:51.032826618
108.7188,1,14:04:51.032972452
108.7188,1,14:04:51.033069420
108.7188,5,14:04:51.036067500
108.7188,4,14:04:51.037663942
108.7031,1,14:04:52.531445029
108.7031,1,14:04:55.553454213
108.7031,286,14:04:55.821771829
108.7188,8,14:04:58.214124539
108.7188,3,14:04:58.216665848
108.7031,1,14:04:58.575328531
108.7031,1,14:05:01.597144973
108.7188,1,14:05:04.056393779
108.7031,1,14:05:04.619221671
108.7031,33,14:05:06.148713475
108.7031,1,14:05:07.640904566
108.7188,30,14:05:08.504889655
108.7188,5,14:05:08.508371693
108.7031,1,14:05:10.662877662
108.7188,2,14:05:15.284044646
108.7188,25,14:05:20.710807987
108.7188,1,14:05:20.712144667
108.7188,1,14:05:20.712196886
108.7188,37,14:05:20.712655929
108.7188,42,14:05:20.712707917
108.7188,11,14:05:20.712777618
108.7188,1,14:05:20.712845001
108.7188,1,14:05:20.713021154
108.7188,8,14:05:20.713278092
108.7188,100,14:05:20.713507904
108.7188,1,14:05:20.714309546
108.7188,40,14:05:20.714429219
108.7188,1,14:05:20.714627047
108.7188,12,14:05:20.714651773
108.7188,2,14:05:20.715010049
108.7188,1,14:05:20.715034885
108.7188,1,14:05:20.715209459
108.7188,19,14:05:20.715237219
108.7188,1,14:05:20.715422023
108.7188,1,14:05:20.715493279
108.7188,11,14:05:20.715668332
108.7188,1,14:05:20.715723043
108.7188,1,14:05:20.715750564
108.7188,1,14:05:20.716424068
108.7188,1,14:05:20.716461068
108.7188,1,14:05:20.716560123
108.7188,1,14:05:20.716616857
108.7188,1,14:05:20.716645651
108.7188,140,14:05:20.717534663
108.7188,1,14:05:20.717585910
108.7188,1,14:05:20.717778720
108.7188,13,14:05:20.719253851
108.7188,9,14:05:20.719280978
108.7188,1,14:05:20.720238613
108.7188,9,14:05:20.722725139
108.7188,1,14:05:22.037445909
108.7188,1,14:05:25.047216770
108.7188,1,14:05:29.065600925
108.7188,1,14:05:30.112656110
108.7188,1,14:05:30.127459810
108.7188,1,14:05:30.305522898
108.7188,2,14:05:31.600218772
108.7188,1,14:05:31.600342999
108.7188,2,14:05:31.600410425
108.7188,1,14:05:31.600513943
108.7188,10,14:05:31.600568859
108.7188,2,14:05:31.600779302
108.7188,2,14:05:31.600995210
108.7188,1,14:05:31.601082729
108.7188,2,14:05:31.613855483
108.7188,1,14:05:31.645532326
108.7188,1,14:05:31.645568308
108.7188,1,14:05:31.645643554
108.7188,3,14:05:31.645643554
108.7188,1,14:05:31.645803966
108.7188,1,14:05:31.645972597
108.7188,1,14:05:31.646034793
108.7188,1,14:05:31.646277823
108.7188,16,14:05:31.646413374
108.7188,1,14:05:31.646494826
108.7188,1,14:05:31.646593944
108.7188,2,14:05:31.646728958
108.7188,1,14:05:31.649351174
108.7031,1,14:05:31.649655530
108.7188,1,14:05:31.653060961
108.7188,1,14:05:31.653367172
108.7188,1,14:05:31.655716403
108.7188,1,14:05:31.663833475
108.7188,1,14:05:31.663851419
108.7188,1,14:05:31.663914942
108.7188,8,14:05:31.664169691
108.7188,1,14:05:31.664976850
108.7188,1,14:05:31.665510693
108.7188,4,14:05:31.666139619
108.7188,3,14:05:31.666398295
108.7188,1,14:05:31.666488012
108.7188,2,14:05:31.666593359
108.7188,1,14:05:31.667552466
108.7188,3,14:05:31.667552466
108.7188,1,14:05:31.667575599
108.7188,1,14:05:31.667632285
108.7188,1,14:05:31.670708302
108.7188,1,14:05:31.670751628
108.7188,1,14:05:31.670821200
108.7188,4,14:05:31.670931008
108.7188,7,14:05:31.671043957
108.7188,1,14:05:31.671071871
108.7188,5,14:05:31.671215922
108.7188,1,14:05:31.671364876
108.7188,1,14:05:31.671381129
108.7188,1,14:05:31.671655367
108.7188,1,14:05:31.673667902
108.7188,1,14:05:31.673994094
108.7188,3,14:05:31.674038210
108.7188,1,14:05:31.675325451
108.7188,2,14:05:31.675325451
108.7188,1,14:05:31.676111176
108.7188,1,14:05:31.676171052
108.7031,3,14:05:31.676226320
108.7188,6,14:05:31.705309346
108.7188,3,14:05:31.705475983
108.7188,3,14:05:31.705513910
108.7188,32,14:05:31.705562342
108.7188,1,14:05:31.705681458
108.7188,1,14:05:31.717498036
108.7188,1,14:05:31.717577215
108.7188,1,14:05:31.717705749
108.7188,1,14:05:31.717774662
108.7188,3,14:05:31.719914126
108.7188,1,14:05:31.721647172
108.7188,1,14:05:31.722299512
108.7188,4,14:05:31.723042100
108.7188,1,14:05:31.723911170
108.7031,2,14:05:31.724044994
108.7188,3,14:05:31.724201640
108.7188,1,14:05:31.724675394
108.7188,1,14:05:31.724719717
108.7188,1,14:05:31.724792301
108.7188,1,14:05:31.725317573
108.7188,2,14:05:31.725519510
108.7188,1,14:05:31.725538358
108.7188,1,14:05:31.725584692
108.7188,1,14:05:31.725825579
108.7188,1,14:05:31.726003136
108.7188,1,14:05:31.726210918
108.7188,1,14:05:31.726253418
108.7188,1,14:05:31.726358567
108.7188,1,14:05:31.726371277
108.7188,2,14:05:31.726475020
108.7188,1,14:05:31.726663251
108.7188,1,14:05:31.726706046
108.7188,1,14:05:31.726824124
108.7031,1,14:05:31.727505086
108.7188,1,14:05:31.728042533
108.7188,1,14:05:31.735888993
108.7188,1,14:05:31.750594422
108.7188,1,14:05:31.750655271
108.7188,1,14:05:31.750680871
108.7188,80,14:05:31.750862586
108.7031,1,14:05:31.751239818
108.7188,6,14:05:31.752058432
108.7188,1,14:05:31.752097639
108.7188,8,14:05:31.756756108
108.7188,16,14:05:31.756795100
108.7188,9,14:05:31.757179902
108.7188,2,14:05:31.757206683
108.7188,3,14:05:31.759247243
108.7188,2,14:05:31.760039255
108.7188,1,14:05:31.760128156
108.7188,1,14:05:31.760278812
108.7188,1,14:05:31.760363949
108.7188,17,14:05:31.760392481
108.7188,9,14:05:31.765944002
108.7188,85,14:05:31.768487483
108.7188,4,14:05:31.768807223
108.7188,3,14:05:31.768847295
108.7188,1,14:05:31.768890944
108.7188,1,14:05:31.768991365
108.7188,1,14:05:31.769007497
108.7188,6,14:05:31.769353529
108.7188,2,14:05:31.769520502
108.7188,7,14:05:31.771707241
108.7188,4,14:05:31.772878884
108.7188,40,14:05:31.772962683
108.7188,2,14:05:31.772978409
108.7188,3,14:05:31.773172323
108.7188,1,14:05:31.773376074
108.7188,1,14:05:31.773416920
108.7188,2,14:05:31.773523533
108.7188,1,14:05:31.773523533
108.7188,1,14:05:31.774078454
108.7188,26,14:05:31.774640004
108.7188,5,14:05:31.774780371
108.7188,3,14:05:31.775122651
108.7188,1,14:05:31.775147071
108.7188,2,14:05:31.775173250
108.7188,2,14:05:31.775329758
108.7188,2,14:05:31.776235086
108.7188,1,14:05:31.776271688
108.7188,1,14:05:31.776307234
108.7188,1,14:05:31.776391352
108.7188,1,14:05:31.776424142
108.7188,1,14:05:31.776541156
108.7188,1,14:05:31.777219915
108.7188,9,14:05:31.777413926
108.7188,1,14:05:31.779427630
108.7188,2,14:05:31.779567992
108.7188,1,14:05:31.779587342
108.7188,14,14:05:31.779654530
108.7188,1,14:05:31.779707780
108.7188,1,14:05:31.781104927
108.7188,1,14:05:31.781160689
108.7188,1,14:05:31.781184571
108.7188,1,14:05:31.781230786
108.7188,1,14:05:31.781415261
108.7188,1,14:05:31.781861088
108.7188,2,14:05:31.781881913
108.7188,1,14:05:31.781917789
108.7188,1,14:05:31.781944036
108.7188,1,14:05:31.782005119
108.7031,1,14:05:31.782024236
108.7188,1,14:05:31.782177776
108.7188,1,14:05:31.782196721
108.7188,10,14:05:31.782233779
108.7188,2,14:05:31.782747281
108.7188,1,14:05:31.782795669
108.7188,10,14:05:31.783089554
108.7188,3,14:05:31.783115174
108.7188,1,14:05:31.783435897
108.7188,1,14:05:31.783969987
108.7188,5,14:05:31.785277677
108.7188,1,14:05:31.785321583
108.7188,3,14:05:31.785347576
108.7188,18,14:05:31.785472091
108.7031,1,14:05:31.785608698
108.7188,1,14:05:31.785636562
108.7188,1,14:05:31.785789374
108.7188,2,14:05:31.785812207
108.7188,1,14:05:31.785834998
108.7188,1,14:05:31.785865876
108.7188,1,14:05:31.785990694
108.7188,1,14:05:31.786082228
108.7188,1,14:05:31.786148489
108.7188,1,14:05:31.786151871
108.7031,5,14:05:31.786227204
108.7188,1,14:05:31.786878554
108.7188,1,14:05:31.786953478
108.7188,2,14:05:31.787108368
108.7188,24,14:05:31.787144932
108.7188,2,14:05:31.787353806
108.7188,2,14:05:31.787426668
108.7031,1,14:05:31.787482970
108.7188,1,14:05:31.787622944
108.7188,1,14:05:31.787793888
108.7188,131,14:05:31.788212204
108.7188,1,14:05:31.788238774
108.7188,15,14:05:31.788393785
108.7188,7,14:05:31.788432644
108.7188,1,14:05:31.788727891
108.7188,1,14:05:31.788874144
108.7188,1,14:05:31.788916585
108.7188,1,14:05:31.789205696
108.7188,2,14:05:31.789238638
108.7188,1,14:05:31.789524656
108.7188,1,14:05:31.789545991
108.7188,3,14:05:31.791103910
108.7188,2,14:05:31.792443656
108.7188,1,14:05:31.792776652
108.7188,1,14:05:31.793600575
108.7188,1,14:05:31.793920153
108.7188,1,14:05:31.793953920
108.7188,1,14:05:31.794558422
108.7188,1,14:05:31.794579318
108.7188,1,14:05:31.794608010
108.7188,4,14:05:31.795906250
108.7188,4,14:05:31.797891393
108.7188,2,14:05:31.798027698
108.7188,1,14:05:31.798060316
108.7188,2,14:05:31.798174658
108.7188,1,14:05:31.798280583
108.7188,1,14:05:31.798485989
108.7188,1,14:05:31.798751226
108.7188,2,14:05:31.798871319
108.7188,1,14:05:31.800009335
108.7188,13,14:05:31.800046276
108.7188,1,14:05:31.800375896
108.7188,1,14:05:31.800477575
108.7188,2,14:05:31.800928470
108.7188,1,14:05:31.801316388
108.7188,1,14:05:31.801582125
108.7188,1,14:05:31.801736784
108.7188,1,14:05:31.801802917
108.7188,2,14:05:31.803232847
108.7188,1,14:05:31.803303501
108.7188,1,14:05:31.803968423
108.7188,1,14:05:31.804398195
108.7188,3,14:05:31.804593289
108.7188,2,14:05:31.804642862
108.7188,8,14:05:31.804720437
108.7188,1,14:05:31.804763092
108.7188,5,14:05:31.804866348
108.7188,5,14:05:31.804889807
108.7188,8,14:05:31.805010866
108.7031,1,14:05:31.805669926
108.7188,2,14:05:31.806911451
108.7188,12,14:05:31.807418117
108.7188,1,14:05:31.807515083
108.7188,4,14:05:31.807661755
108.7188,3,14:05:31.808509839
108.7188,2,14:05:31.808571632
108.7188,1,14:05:31.809300524
108.7188,2,14:05:31.809571829
108.7188,1,14:05:31.809789967
108.7188,1,14:05:31.809880586
108.7188,1,14:05:31.810792489
108.7188,1,14:05:31.811870688
108.7188,5,14:05:31.811889728
108.7188,1,14:05:31.812424154
108.7188,2,14:05:31.813456342
108.7188,3,14:05:31.815249524
108.7188,1,14:05:31.815792288
108.7188,1,14:05:31.818247866
108.7188,1,14:05:31.818375670
108.7188,1,14:05:31.819654918
108.7188,1,14:05:31.822607141
108.7188,1,14:05:31.823585826
108.7188,1,14:05:31.826592220
108.7188,3,14:05:31.827825966
108.7188,1,14:05:31.831595431
108.7188,14,14:05:31.832827842
108.7188,17,14:05:31.834685183
108.7188,3,14:05:31.838030310
108.7188,1,14:05:31.838804997
108.7188,1,14:05:31.842878657
108.7188,1,14:05:31.854603965
108.7188,1,14:05:31.855612037
108.7188,1,14:05:31.856337459
108.7188,1,14:05:31.879240110
108.7188,1,14:05:31.881554246
108.7188,1,14:05:31.881609709
108.7188,6,14:05:31.882673724
108.7031,1,14:05:31.882715786
108.7188,73,14:05:31.882871508
108.7188,1,14:05:31.888260919
108.7188,1,14:05:31.888567200
108.7188,1,14:05:31.888959122
108.7188,1,14:05:31.916677329
108.7188,1,14:05:31.919094242
108.7188,1,14:05:31.920638938
108.7188,2,14:05:31.925073700
108.7188,1,14:05:31.925134955
108.7188,1,14:05:31.936661104
108.7188,1,14:05:31.937237119
108.7188,1,14:05:31.940661352
108.7188,1,14:05:31.941797838
108.7188,1,14:05:31.945419672
108.7188,9,14:05:31.945786690
108.7188,1,14:05:31.946553582
108.7188,1,14:05:31.947441258
108.7188,3,14:05:31.948826217
108.7188,1,14:05:31.950127884
108.7188,1,14:05:31.956620166
108.7188,1,14:05:31.959164762
108.7188,7,14:05:31.964455316
108.7188,3,14:05:31.966864797
108.7188,2,14:05:31.966948682
108.7188,14,14:05:31.968361706
108.7188,1,14:05:31.975729060
108.7188,13,14:05:31.999721061
108.7188,18,14:05:32.001675753
108.7188,6,14:05:32.002661100
108.7188,7,14:05:32.003648414
108.7188,11,14:05:32.005667053
108.7188,11,14:05:32.007674949
108.7188,2,14:05:32.009663975
108.7188,2,14:05:32.010633338
108.7188,5,14:05:32.011658734
108.7188,7,14:05:32.013685314
108.7188,2,14:05:32.014571165
108.7188,2,14:05:32.015679399
108.7188,1,14:05:32.017682108
108.7188,2,14:05:32.018684432
108.7188,2,14:05:32.019465368
108.7188,1,14:05:32.020660676
108.7188,1,14:05:32.021642965
108.7188,1,14:05:32.022652848
108.7188,1,14:05:32.023672888
108.7188,1,14:05:32.024658383
108.7188,1,14:05:32.024738010
108.7188,1,14:05:32.025657923
108.7188,6,14:05:32.027680293
108.7188,4,14:05:32.028664912
108.7188,2,14:05:32.030644083
108.7188,1,14:05:32.030749146
108.7188,1,14:05:32.032674503
108.7188,2,14:05:32.032768550
108.7188,2,14:05:32.034650178
108.7188,8,14:05:32.048737889
108.7188,7,14:05:32.050687423
108.7188,19,14:05:32.052689002
108.7188,2,14:05:32.054691699
108.7188,7,14:05:32.058675231
108.7188,7,14:05:32.059703314
108.7188,14,14:05:32.061691360
108.7188,20,14:05:32.063719337
108.7188,8,14:05:32.064713975
108.7188,11,14:05:32.066707564
108.7188,6,14:05:32.067704044
108.7188,12,14:05:32.069700350
108.7188,7,14:05:32.069799651
108.7188,2,14:05:32.071245310
108.7188,2,14:05:32.072761452
108.7188,1,14:05:32.074688003
108.7188,2,14:05:32.076755110
108.7188,1,14:05:32.078718497
108.7188,1,14:05:32.079706341
108.7188,6,14:05:32.083773412
108.7188,7,14:05:32.084211040
108.7188,9,14:05:32.086788167
108.7188,4,14:05:32.087683743
108.7188,3,14:05:32.088776357
108.7188,6,14:05:32.089725711
108.7188,3,14:05:32.090764977
108.7188,5,14:05:32.091726484
108.7188,1,14:05:32.092725733
108.7188,1,14:05:32.098743237
108.7188,50,14:05:32.100761242
108.7188,6,14:05:32.101765026
108.7188,2,14:05:32.102798186
108.7188,4,14:05:32.104775416
108.7188,4,14:05:32.104915339
108.7188,4,14:05:32.106755398
108.7188,2,14:05:32.107718672
108.7188,1,14:05:32.108937455
108.7188,1,14:05:32.109923094
108.7188,1,14:05:32.111785301
108.7188,2,14:05:32.115801766
108.7188,1,14:05:32.120718339
108.7188,2,14:05:32.124695549
108.7188,2,14:05:32.128735263
108.7188,4,14:05:32.129711388
108.7188,1,14:05:32.130723008
108.7188,1,14:05:32.131747445
108.7188,1,14:05:32.132710495
108.7188,1,14:05:32.133543500
108.7188,1,14:05:32.140701987
108.7188,1,14:05:32.142709646
108.7188,1,14:05:32.144744292
108.7188,5,14:05:32.146710140
108.7188,2,14:05:32.146794315
108.7188,2,14:05:32.147699862
108.7188,1,14:05:32.148725723
108.7188,3,14:05:32.154751867
108.7188,1,14:05:32.156746889
108.7188,3,14:05:32.159714604
108.7188,2,14:05:32.163763482
108.7188,3,14:05:32.169358821
108.7188,2,14:05:32.173718493
108.7188,3,14:05:32.178726395
108.7188,2,14:05:32.183743303
108.7188,1,14:05:32.187723114
108.7188,1,14:05:32.188712808
108.7188,1,14:05:32.190760795
108.7188,1,14:05:32.191736849
108.7188,1,14:05:32.192757676
108.7188,1,14:05:32.193744906
108.7188,1,14:05:32.195749394
108.7188,1,14:05:32.197719127
108.7188,1,14:05:32.199734492
108.7188,1,14:05:32.201730152
108.7188,2,14:05:32.203753268
108.7188,1,14:05:32.204747659
108.7188,2,14:05:32.207754705
108.7188,1,14:05:32.209727433
108.7188,1,14:05:32.212743375
108.7188,1,14:05:32.216781374
108.7188,1,14:05:32.219759475
108.7188,1,14:05:32.222762784
108.7188,1,14:05:32.226764407
108.7188,1,14:05:32.229741693
108.7188,1,14:05:32.231753736
108.7188,6,14:05:32.234725319
108.7188,2,14:05:32.234836816
108.7188,1,14:05:32.236812594
108.7188,1,14:05:32.239780538
108.7188,1,14:05:32.242769213
108.7188,1,14:05:32.243747172
108.7188,1,14:05:32.246779044
108.7188,3,14:05:32.252779501
108.7188,4,14:05:32.279812555
108.7188,2,14:05:32.280739182
108.7188,2,14:05:32.281783228
108.7188,1,14:05:32.289816273
108.7188,1,14:05:32.289928266
108.7188,1,14:05:32.317827286
108.7188,1,14:05:32.331844724
108.7188,1,14:05:32.335823678
108.7188,1,14:05:32.342825925
108.7188,1,14:05:32.347844781
108.7188,1,14:05:32.349814319
108.7188,3,14:05:32.352813524
108.7188,3,14:05:32.358807116
108.7188,1,14:05:32.363814124
108.7188,1,14:05:32.365820785
108.7188,4,14:05:32.368841957
108.7188,4,14:05:32.375846488
108.7188,1,14:05:32.382555942
108.7188,1,14:05:32.384856516
108.7188,1,14:05:32.389904562
108.7188,1,14:05:32.421912652
108.7188,1,14:05:32.422858748
108.7188,1,14:05:32.423879524
108.7188,1,14:05:32.429860611
108.7188,1,14:05:32.431881618
108.7188,1,14:05:32.441924566
108.7188,2,14:05:32.443893054
108.7188,6,14:05:32.444702609
108.7188,1,14:05:32.448861036
108.7188,1,14:05:32.450869460
108.7188,7,14:05:32.451877381
108.7031,1,14:05:32.481218424
108.7031,13,14:05:32.495008190
108.7188,4,14:05:32.508047192
108.7031,2,14:05:32.518952593
108.7188,14,14:05:32.529088785
108.7031,14,14:05:32.530862357
108.7031,7,14:05:32.532229818
108.7031,4,14:05:32.534647313
108.7031,1,14:05:32.534678171
108.7031,1,14:05:32.543585567
108.7031,3,14:05:32.545879658
108.7031,3,14:05:32.634956177
108.7031,1,14:05:32.647480138
108.7188,1,14:05:32.666040407
108.7031,4,14:05:32.675508877
108.7188,1,14:05:32.692114152
108.7031,1,14:05:32.692716926
108.7188,1,14:05:32.718063943
108.7188,1,14:05:32.742124037
108.7188,179,14:05:32.760200383
108.7188,1,14:05:32.767269044
108.7031,1,14:05:32.784613211
108.7031,1,14:05:32.785774041
108.7188,1,14:05:32.795107339
108.7188,1,14:05:32.817120942
108.7031,1,14:05:32.838426210
108.7188,1,14:05:32.843134929
108.7188,1,14:05:32.868179431
108.7031,1,14:05:32.875769059
108.7031,10,14:05:32.875822816
108.7031,4,14:05:32.888143699
108.7031,1,14:05:32.889249308
108.7188,1,14:05:32.893161749
108.7188,1,14:05:32.915172164
108.7188,1,14:05:32.940212493
108.7188,4,14:05:32.950430605
108.7188,1,14:05:32.965219358
108.7188,2,14:05:33.464512572
108.7188,2,14:05:33.464637909
108.7188,1,14:05:33.472935795
108.7188,2,14:05:33.473128509
108.7188,1,14:05:33.611664365
108.7188,1,14:05:33.693170377
108.7188,1,14:05:33.693665974
108.7188,1,14:05:33.774224517
108.7188,1,14:05:33.784649895
108.7188,1,14:05:33.784964446
108.7188,1,14:05:33.785549219
108.7188,1,14:05:33.792372586
108.7188,2,14:05:33.807286410
108.7188,2,14:05:33.807635991
108.7188,3,14:05:33.808344105
108.7188,1,14:05:33.808945573
108.7188,198,14:05:33.809402871
108.7188,389,14:05:33.809974231
108.7344,1,14:05:33.811251344
108.7344,1,14:05:33.811262941
108.7344,5,14:05:33.811262941
108.7188,1,14:05:33.814738979
108.7188,1,14:05:33.815811225
108.7188,29,14:05:33.820695404
108.7188,5,14:05:33.820803601
108.7188,1,14:05:33.824810559
108.7188,1,14:05:33.825817282
108.7188,1,14:05:33.825940921
108.7188,257,14:05:33.826731807
108.7188,2,14:05:33.829073188
108.7188,1,14:05:33.829269839
108.7188,1,14:05:33.829323123
108.7188,1,14:05:33.829360391
108.7188,1,14:05:33.829513930
108.7188,1,14:05:33.829549278
108.7188,5,14:05:33.829734542
108.7188,1,14:05:33.829822887
108.7188,1,14:05:33.829978838
108.7188,1,14:05:33.830222696
108.7188,1,14:05:33.830246745
108.7188,5,14:05:33.830452980
108.7188,5,14:05:33.832182652
108.7188,1,14:05:33.832235748
108.7188,1,14:05:33.832307230
108.7188,2,14:05:33.832463007
108.7188,1,14:05:33.832613215
108.7188,1,14:05:33.832766044
108.7188,1,14:05:33.832883166
108.7188,9,14:05:33.834481419
108.7188,1,14:05:33.838000072
108.7188,1,14:05:33.987802524
108.7188,9,14:05:33.988184996
108.7188,4,14:05:33.992565557
108.7188,6,14:05:33.993186626
108.7188,5,14:05:33.993535769
108.7188,10,14:05:34.043951358
108.7188,5,14:05:34.050204877
108.7188,5,14:05:34.054392414
108.7188,4,14:05:34.064525083
108.7188,27,14:05:34.064558686
108.7188,3,14:05:34.064588040
108.7188,2,14:05:34.072740407
108.7188,2,14:05:34.080203229
108.7188,1,14:05:34.080249534
108.7188,1,14:05:34.080294658
108.7188,2,14:05:34.080747742
108.7188,1,14:05:34.093780472
108.7188,1,14:05:34.094083461
108.7188,1,14:05:34.094948099
108.7188,1,14:05:34.095002168
108.7188,1,14:05:34.168046546
108.7188,1,14:05:34.169698797
108.7188,1,14:05:34.172311858
108.7188,2,14:05:34.175899700
108.7188,2,14:05:34.176794899
108.7188,1,14:05:34.176826736
108.7188,2,14:05:34.209806572
108.7188,1,14:05:34.210598128
108.7188,1,14:05:34.211459591
108.7188,3,14:05:34.214025093
108.7188,1,14:05:34.223663005
108.7188,1,14:05:34.224016651
108.7188,1,14:05:34.272496989
108.7188,1,14:05:34.283809694
108.7188,3,14:05:34.288987993
108.7188,5,14:05:34.289564670
108.7031,1008,14:05:38.139885791
108.7188,1,14:05:40.027546950
108.7188,1,14:05:40.770598017
108.7188,2,14:05:41.751975778
108.7188,3,14:05:43.444755282
108.7188,23,14:05:43.446424161
108.7188,136,14:05:49.871147510
108.7188,50,14:05:49.872232070
108.7188,1,14:05:49.872452622
108.7188,5,14:05:49.872547702
108.7188,3,14:05:49.872589050
108.7188,1,14:05:49.872670418
108.7188,1,14:05:49.873760258
108.7188,1,14:05:49.873879064
108.7188,1,14:05:49.873943577
108.7188,20,14:05:49.874405743
108.7188,1,14:05:49.875708060
108.7188,1,14:05:49.875988245
108.7188,1,14:05:55.760629132
108.7188,1,14:05:58.040510805
108.7188,200,14:06:00.104590431
108.7188,378,14:06:00.111417573
108.7188,1,14:06:00.111914278
108.7188,1,14:06:00.112268871
108.7188,1,14:06:00.112781179
108.7031,1,14:06:00.451704404
108.7188,100,14:06:07.915260184
108.7188,1,14:06:07.927697227
108.7188,44,14:06:12.197396498
108.7188,1,14:06:12.201900297
108.7188,41,14:06:12.610157512
108.7188,174,14:06:12.610520431
108.7188,1,14:06:12.610574458
108.7188,317,14:06:12.610998265
108.7188,1,14:06:12.611666182
108.7188,2,14:06:12.615719867
108.7188,1,14:06:12.616565100
108.7188,32,14:06:12.617752797
108.7188,32,14:06:12.617981752
108.7188,35,14:06:12.618915046
108.7188,1,14:06:12.620215382
108.7188,1,14:06:12.620635819
108.7188,3,14:06:12.620799755
108.7188,4,14:06:12.621655942
108.7188,1,14:06:12.621947785
108.7344,2,14:06:12.848108142
108.7188,2,14:06:12.905284392
108.7188,1,14:06:12.925657955
108.7188,2,14:06:12.944953000
108.7188,1,14:06:12.973729245
108.7188,2,14:06:12.995215848
108.7188,3,14:06:13.089175564
108.7188,50,14:06:15.042867265
108.7188,1,14:06:15.042968314
108.7188,1,14:06:15.043031262
108.7188,1,14:06:15.043336799
108.7188,5,14:06:15.043359650
108.7188,2,14:06:15.043458896
108.7188,37,14:06:15.043478010
108.7188,7,14:06:15.043511076
108.7188,2,14:06:15.043568887
108.7188,1,14:06:15.043593261
108.7188,6,14:06:15.043614487
108.7188,1,14:06:15.043645953
108.7188,2,14:06:15.043687276
108.7188,30,14:06:15.043828417
108.7188,1,14:06:15.043917389
108.7188,198,14:06:15.044097044
108.7188,15,14:06:15.044667945
108.7188,2,14:06:15.044849459
108.7188,1,14:06:15.044878304
108.7188,1,14:06:15.044894769
108.7188,1,14:06:15.045109740
108.7188,1,14:06:15.045147830
108.7188,1,14:06:15.045417390
108.7188,1,14:06:15.045453449
108.7188,1,14:06:15.045517940
108.7188,50,14:06:15.045571317
108.7188,3,14:06:15.045814156
108.7188,5,14:06:15.045936243
108.7188,6,14:06:15.046547942
108.7188,16,14:06:15.046573468
108.7188,12,14:06:15.046602224
108.7188,1,14:06:15.046904777
108.7188,57,14:06:15.047107796
108.7188,1,14:06:15.047703216
108.7188,1,14:06:15.047792479
108.7188,105,14:06:15.047816962
108.7188,1,14:06:15.048651603
108.7188,1,14:06:15.048942128
108.7188,100,14:06:15.048973584
108.7188,1,14:06:15.049732723
108.7188,1,14:06:15.049753702
108.7188,1,14:06:15.050034681
108.7188,1,14:06:15.050053209
108.7188,1,14:06:15.050101271
108.7188,12,14:06:15.050150421
108.7188,6,14:06:15.050297248
108.7188,1,14:06:15.050331092
108.7188,1,14:06:15.051585752
108.7188,10,14:06:15.051897781
108.7188,1,14:06:15.051921826
108.7188,1,14:06:15.051943394
108.7188,1,14:06:15.052102556
108.7188,9,14:06:15.054658086
108.7188,1,14:06:15.055166912
108.7188,9,14:06:15.100286324
108.7188,1,14:06:15.100503276
108.7188,1,14:06:15.100574958
108.7188,10,14:06:15.106115588
108.7188,9,14:06:15.114131944
108.7188,1,14:06:15.114328316
108.7188,1,14:06:15.114378234
108.7188,9,14:06:15.125112195
108.7188,1,14:06:15.125299891
108.7188,1,14:06:15.125348407
108.7188,10,14:06:15.135165591
108.7188,1,14:06:15.135346417
108.7188,1,14:06:15.135404178
108.7188,9,14:06:15.141138393
108.7188,10,14:06:15.152157905
108.7188,9,14:06:15.161134464
108.7188,9,14:06:15.167138316
108.7188,10,14:06:15.177159350
108.7188,9,14:06:15.187143330
108.7188,9,14:06:15.195172609
108.7188,10,14:06:15.202141454
108.7188,9,14:06:15.212173416
108.7188,10,14:06:15.220165504
108.7188,9,14:06:15.228162071
108.7188,9,14:06:15.238221183
108.7188,1,14:06:15.238406339
108.7188,1,14:06:15.238468510
108.7188,10,14:06:15.246196304
108.7188,1,14:06:15.253627951
108.7188,9,14:06:15.254203985
108.7344,10,14:06:15.611219224
108.7344,1,14:06:16.043159249
108.7188,1,14:06:32.822325330
108.7344,1,14:06:33.041246996
108.7188,1,14:06:35.920557998
108.7344,3,14:06:37.006405048
108.7188,73,14:06:47.225402647
108.7344,1,14:06:51.033812807
108.7344,1,14:06:54.337037094
108.7188,40,14:06:56.457186215
108.7188,374,14:07:02.833746400
108.7188,100,14:07:06.314143025
108.7344,1,14:07:09.037743361
108.7344,2,14:07:09.307101034
108.7188,1000,14:07:09.421597960
108.7188,1,14:07:09.425406264
108.7188,1,14:07:09.437292529
108.7188,80,14:07:09.449290989
108.7188,1,14:07:09.449323338
108.7188,2,14:07:09.449369185
108.7188,2,14:07:09.449826990
108.7188,2,14:07:09.450259699
108.7188,2,14:07:09.450305361
108.7188,1,14:07:09.450399990
108.7188,8,14:07:09.450453742
108.7188,1,14:07:09.450599194
108.7188,300,14:07:14.956059400
108.7188,1,14:07:14.957536326
108.7188,1,14:07:14.957556499
108.7188,1,14:07:14.957675068
108.7188,69,14:07:14.957698291
108.7188,1,14:07:14.957722432
108.7188,38,14:07:14.957742343
108.7188,73,14:07:14.957763581
108.7188,50,14:07:14.957837934
108.7188,1,14:07:14.959308813
108.7188,15,14:07:14.959330051
108.7188,35,14:07:14.959351137
108.7188,1,14:07:14.959388264
108.7188,1,14:07:14.959412334
108.7188,7,14:07:14.959433877
108.7188,2,14:07:14.959450636
108.7188,1,14:07:14.959507251
108.7188,36,14:07:14.960109955
108.7188,1,14:07:14.960854530
108.7188,1,14:07:14.961253031
108.7188,1,14:07:14.962018323
108.7188,132,14:07:14.962844091
108.7188,20,14:07:14.962891259
108.7188,9,14:07:14.964591133
108.7188,4,14:07:14.964629930
108.7188,2,14:07:14.964834021
108.7188,1,14:07:14.964944385
108.7188,1,14:07:14.965035369
108.7188,1,14:07:14.965105694
108.7188,1,14:07:14.965124414
108.7188,1,14:07:14.965139637
108.7188,1,14:07:14.965167283
108.7188,109,14:07:14.970740316
108.7188,1,14:07:14.970812042
108.7188,1,14:07:14.970899567
108.7188,1,14:07:14.970933847
108.7188,5,14:07:14.971885395
108.7188,1,14:07:14.973552399
108.7188,20,14:07:14.974113133
108.7188,100,14:07:14.974256755
108.7188,50,14:07:14.974288899
108.7188,9,14:07:14.975245962
108.7188,1,14:07:14.975702804
108.7188,1,14:07:14.975833427
108.7188,1,14:07:14.975869543
108.7188,1,14:07:14.975915243
108.7188,2,14:07:14.975962015
108.7188,1,14:07:14.976128649
108.7188,56,14:07:14.976307160
108.7188,1,14:07:14.976342191
108.7188,5,14:07:14.976364838
108.7188,1,14:07:14.977360187
108.7188,1,14:07:14.977473891
108.7188,2,14:07:14.977516990
108.7188,5,14:07:14.977755383
108.7188,1,14:07:14.977837093
108.7188,1,14:07:14.978282075
108.7188,21,14:07:14.979162463
108.7188,10,14:07:14.984920490
108.7188,50,14:07:20.524079240
108.7344,1,14:07:27.034422531
108.7344,64,14:07:39.797904773
108.7188,25,14:07:41.056688901
108.7344,1,14:07:45.033721534
108.7344,3,14:07:47.207798513
108.7188,1159,14:07:53.738311348
108.7188,6,14:07:53.747259663
108.7188,5,14:07:53.747573208
108.7188,5,14:07:53.748076735
108.7188,13,14:07:53.749090650
108.7188,1,14:07:53.766040882
108.7188,1,14:07:55.603172897
108.7188,1,14:08:02.045425633
108.7031,1,14:08:04.627394056
108.7188,1,14:08:20.035719676
108.7188,25,14:08:20.108398275
108.7031,1,14:08:20.119179170
108.7188,1001,14:08:30.187270205
108.7188,1,14:08:30.188599397
108.7188,1,14:08:30.188840695
108.7188,338,14:08:30.190411018
108.7188,1,14:08:30.191713188
108.7188,1,14:08:30.192355415
108.7188,1,14:08:30.192463788
108.7188,1,14:08:30.193599197
108.7188,100,14:08:30.193644798
108.7188,2,14:08:30.199223198
108.7188,7,14:08:30.199774976
108.7188,3,14:08:30.199810630
108.7188,4,14:08:30.200395837
108.7188,3,14:08:30.200674166
108.7188,4,14:08:30.200814351
108.7188,4,14:08:30.200972168
108.7188,4,14:08:30.201123201
108.7188,2,14:08:30.201291282
108.7188,5,14:08:30.201314262
108.7188,22,14:08:30.201414254
108.7188,4,14:08:30.202050254
108.7188,1,14:08:30.202077678
108.7188,114,14:08:35.579395794
108.7344,1,14:08:38.039028119
108.7344,1,14:08:56.043924722
108.7344,261,14:08:56.628827356
108.7188,100,14:09:12.291600977
108.7344,1,14:09:14.044146221
108.7188,100,14:09:17.410296749
108.7188,2,14:09:26.350472000
108.7188,1,14:09:31.277202832
108.7344,1,14:09:32.030699416
108.7188,300,14:09:40.857442337
108.7188,1,14:09:44.349965565
108.7344,13,14:09:45.589295789
108.7188,1,14:09:45.591480326
108.7188,1,14:09:46.050657082
108.7344,5,14:09:47.999280027
108.7344,1,14:09:49.032484761
108.7344,132,14:09:55.929088973
108.7188,30,14:10:00.604193661
108.7188,1,14:10:00.802901844
108.7344,1,14:10:07.031622453
108.7188,9,14:10:15.138076103
108.7188,10,14:10:17.722452483
108.7188,20,14:10:22.894708758
108.7344,1,14:10:25.039000341
108.7188,100,14:10:25.746678399
108.7188,9,14:10:25.753034815
108.7188,9,14:10:25.767685660
108.7188,10,14:10:25.785691054
108.7188,9,14:10:25.829755989
108.7188,9,14:10:26.902519655
108.7188,50,14:10:32.520515633
108.7188,1,14:10:36.034768283
108.7344,1,14:10:43.039291958
108.7188,10,14:10:46.586023339
108.7188,378,14:10:53.692232414
108.7188,4,14:10:53.693859570
108.7188,1,14:10:53.693885826
108.7188,11,14:10:53.693954672
108.7188,6,14:10:53.694094659
108.7188,548,14:10:53.694500427
108.7188,100,14:10:53.694672037
108.7188,10,14:10:53.695127054
108.7188,100,14:10:53.695256871
108.7188,37,14:10:53.695327643
108.7188,5,14:10:53.695327643
108.7188,37,14:10:53.695466597
108.7188,1,14:10:53.695566909
108.7188,5,14:10:53.695619941
108.7188,2,14:10:53.695915732
108.7188,1,14:10:53.696046759
108.7188,1,14:10:53.696120569
108.7188,1,14:10:53.696166317
108.7188,5,14:10:53.696229793
108.7188,1,14:10:53.696286975
108.7188,1,14:10:53.696462290
108.7188,1,14:10:53.696641222
108.7188,19,14:10:53.696662583
108.7188,113,14:10:53.696860243
108.7188,165,14:10:53.697272758
108.7188,1,14:10:53.697395307
108.7188,10,14:10:53.697563341
108.7188,200,14:10:53.697776000
108.7188,1,14:10:53.697962532
108.7188,1,14:10:53.698002913
108.7188,18,14:10:53.698114238
108.7188,50,14:10:53.698114238
108.7188,24,14:10:53.698179321
108.7188,1,14:10:53.698216137
108.7188,135,14:10:53.698482689
108.7188,1,14:10:53.698944488
108.7188,3,14:10:53.698973333
108.7188,10,14:10:53.699020732
108.7188,58,14:10:53.699166402
108.7188,37,14:10:53.699205052
108.7188,2,14:10:53.699304016
108.7188,100,14:10:53.699522509
108.7188,10,14:10:53.700005223
108.7188,1,14:10:53.700113878
108.7188,24,14:10:53.700142627
108.7188,8,14:10:53.700166564
108.7188,23,14:10:53.700210248
108.7188,34,14:10:53.700249324
108.7188,1,14:10:53.700283446
108.7188,2,14:10:53.700305085
108.7188,50,14:10:53.700429018
108.7188,1,14:10:53.700494126
108.7188,6,14:10:53.700610544
108.7188,2,14:10:53.700979745
108.7188,1,14:10:53.701111889
108.7188,3,14:10:53.701111889
108.7188,1901,14:10:53.701245571
108.7188,1,14:10:53.703054635
108.7188,1,14:10:53.703987044
108.7188,5,14:10:53.704541388
108.7188,1,14:10:53.705195667
108.7188,5,14:10:53.707909309
108.7031,1,14:10:53.709702385
108.7188,23,14:10:53.709727941
108.7188,3,14:10:53.711282440
108.7188,6,14:10:53.711456622
108.7188,2,14:10:53.711755307
108.7188,6,14:10:53.711975922
108.7188,2,14:10:53.713812641
108.7188,1,14:10:53.714620622
108.7188,1,14:10:53.714756878
108.7188,1,14:10:53.714797768
108.7188,32,14:10:53.715216442
108.7188,1,14:10:53.715512885
108.7188,1,14:10:53.721447426
108.7188,3,14:10:53.722036822
108.7188,2,14:10:53.722194996
108.7188,3,14:10:53.723593756
108.7188,2,14:10:53.723893853
108.7188,3,14:10:53.724138078
108.7188,2,14:10:53.724164641
108.7188,2,14:10:53.724860310
108.7188,3,14:10:53.725172326
108.7188,13,14:10:53.725961510
108.7188,1,14:10:53.726950976
108.7188,2,14:10:53.727972463
108.7188,7,14:10:53.729381442
108.7188,1,14:10:53.730213263
108.7188,1,14:10:53.735402571
108.7188,1,14:10:53.736446649
108.7188,9,14:10:53.737048236
108.7188,1,14:10:53.738498746
108.7188,7,14:10:53.741046908
108.7188,7,14:10:53.757350531
108.7188,494,14:10:53.810942629
108.7188,11,14:10:53.811583026
108.7188,1,14:10:53.811716581
108.7188,1,14:10:53.811783814
108.7188,290,14:10:53.812086409
108.7188,8,14:10:53.814120732
108.7188,24,14:10:53.814190260
108.7188,5,14:10:53.815331812
108.7188,1,14:10:53.816197897
108.7188,1,14:10:53.816229120
108.7188,1,14:10:53.816617909
108.7188,1,14:10:53.818846536
108.7188,74,14:10:53.820019120
108.7188,1,14:10:53.821695864
108.7188,1,14:10:53.833136370
108.7188,1,14:10:53.833573761
108.7188,1,14:10:53.833796959
108.7188,1,14:10:53.834521198
108.7188,1,14:10:53.835236380
108.7188,115,14:10:57.478913454
108.7188,1,14:10:57.479391598
108.7188,2,14:10:57.479992659
108.7188,1,14:10:57.735307229
108.7344,1,14:11:01.042561569
108.7344,167,14:11:15.906000883
108.7344,1733,14:11:15.906263502
108.7344,1,14:11:15.912741517
108.7344,80,14:11:15.912791243
108.7344,45,14:11:15.912821010
108.7344,1,14:11:15.912845705
108.7344,11,14:11:15.912893657
108.7344,1,14:11:15.912977135
108.7344,1,14:11:15.912992111
108.7344,1,14:11:15.913014719
108.7344,50,14:11:15.913244686
108.7344,22,14:11:15.913384477
108.7344,17,14:11:15.913480120
108.7344,1,14:11:15.913629903
108.7344,67,14:11:15.913691063
108.7344,1,14:11:15.913711383
108.7344,38,14:11:15.913782092
108.7344,1,14:11:15.913860135
108.7344,48,14:11:15.913887022
108.7344,50,14:11:15.914024535
108.7344,32,14:11:15.914061803
108.7344,1,14:11:15.914129091
108.7344,1,14:11:15.914217406
108.7344,57,14:11:15.914382965
108.7344,32,14:11:15.914439401
108.7344,61,14:11:15.914455069
108.7344,4,14:11:15.914500122
108.7344,2,14:11:15.914587219
108.7344,1,14:11:15.914606387
108.7344,12,14:11:15.914659318
108.7344,5,14:11:15.914680160
108.7344,1,14:11:15.914712988
108.7344,1,14:11:15.914779075
108.7344,1,14:11:15.914802400
108.7344,1,14:11:15.914832824
108.7344,2,14:11:15.914853115
108.7344,3,14:11:15.914934832
108.7344,17,14:11:15.915171243
108.7344,1,14:11:15.915294062
108.7344,1,14:11:15.915337790
108.7344,3,14:11:15.915355215
108.7344,3,14:11:15.915379471
108.7344,10,14:11:15.915956181
108.7344,2,14:11:15.916004886
108.7344,10,14:11:15.916065063
108.7344,6,14:11:15.916423470
108.7344,37,14:11:15.916578737
108.7344,380,14:11:15.916714500
108.7344,37,14:11:15.916757092
108.7344,24,14:11:15.917299088
108.7344,109,14:11:15.920555204
108.7344,1,14:11:15.920899413
108.7344,1,14:11:15.921240434
108.7344,4,14:11:15.921260726
108.7344,1,14:11:15.921283747
108.7344,1,14:11:15.921329377
108.7344,16,14:11:15.921353509
108.7344,1,14:11:15.921381931
108.7344,1,14:11:15.921406124
108.7344,1,14:11:15.921461241
108.7344,2,14:11:15.921636929
108.7344,1,14:11:15.921665898
108.7344,1,14:11:15.921791012
108.7344,70,14:11:15.921963214
108.7344,1,14:11:15.922004590
108.7344,1,14:11:15.922028709
108.7344,18,14:11:15.922050633
108.7344,1,14:11:15.923764356
108.7344,1,14:11:15.925061183
108.7344,5,14:11:15.925162180
108.7344,1,14:11:15.926537840
108.7344,20,14:11:15.927989411
108.7344,110,14:11:15.928340576
108.7344,26,14:11:15.929404080
108.7344,1,14:11:15.931377787
108.7344,3,14:11:15.931681326
108.7344,1,14:11:15.931719366
108.7344,1,14:11:15.931757695
108.7344,20,14:11:15.931831870
108.7344,11,14:11:15.931876981
108.7344,436,14:11:15.932078813
108.7344,7,14:11:15.932291662
108.7344,1,14:11:15.932663778
108.7344,25,14:11:15.932930535
108.7344,16,14:11:15.933913739
108.7344,2,14:11:15.934509105
108.7344,1,14:11:15.938491044
108.7344,13,14:11:15.938513896
108.7344,2,14:11:15.938644663
108.7344,1,14:11:15.938771600
108.7344,38,14:11:15.938876466
108.7344,74,14:11:15.938901987
108.7344,68,14:11:15.938926096
108.7344,1,14:11:15.939041135
108.7344,1,14:11:15.939092001
108.7344,3,14:11:15.939136910
108.7344,1,14:11:15.940225136
108.7344,1,14:11:15.940263058
108.7344,40,14:11:15.940461932
108.7344,27,14:11:15.940481846
108.7344,5,14:11:15.940515396
108.7344,1,14:11:15.940589864
108.7344,4,14:11:15.942280541
108.7344,5,14:11:15.942418032
108.7344,10,14:11:15.942444887
108.7344,7,14:11:15.942466785
108.7344,1,14:11:15.944529057
108.7344,1,14:11:15.944562805
108.7344,1,14:11:15.944756124
108.7344,231,14:11:15.944851015
108.7344,1,14:11:15.945141095
108.7344,1,14:11:15.945171096
108.7344,2,14:11:15.945199080
108.7344,20,14:11:15.945242777
108.7344,100,14:11:15.946171065
108.7344,1,14:11:15.946197337
108.7344,1,14:11:15.946500127
108.7344,19,14:11:15.946726852
108.7344,1,14:11:15.946870381
108.7344,5,14:11:15.947394376
108.7344,1,14:11:15.947524608
108.7344,1,14:11:15.947681636
108.7344,1,14:11:15.947806399
108.7344,1,14:11:15.948441837
108.7344,1,14:11:15.948587407
108.7344,9,14:11:15.948607254
108.7344,1,14:11:15.948628986
108.7344,1,14:11:15.948652670
108.7344,5,14:11:15.948672244
108.7344,1,14:11:15.949092308
108.7344,1,14:11:15.949179547
108.7344,1,14:11:15.949296020
108.7344,1,14:11:15.950341226
108.7344,1,14:11:15.950388523
108.7344,5,14:11:15.950588322
108.7344,13,14:11:15.950639890
108.7344,1,14:11:15.952314144
108.7344,20,14:11:15.953053690
108.7344,2,14:11:15.953338096
108.7344,9,14:11:15.954545124
108.7344,4,14:11:16.066778759
108.7188,4,14:11:16.518804482
108.7344,1,14:11:18.027476583
108.7344,394,14:11:21.837310900
108.7344,178,14:11:21.842170464
108.7344,1,14:11:21.846712504
108.75,1,14:11:36.023552013
108.75,5,14:11:36.023562375
108.75,1000,14:11:36.023576897
108.75,150,14:11:36.023591450
108.75,2,14:11:36.023592993
108.75,12,14:11:36.027314636
108.75,1,14:11:40.180825542
108.75,1,14:11:40.181395460
108.75,2,14:11:40.181834506
108.75,1,14:11:40.182184216
108.75,1,14:11:40.182338164
108.75,1,14:11:40.183064886
108.75,2,14:11:40.184412590
108.75,39,14:11:40.185725167
108.75,1,14:11:40.186936791
108.75,1,14:11:40.187729851
108.75,2,14:11:40.187922959
108.75,50,14:11:40.188325527
108.75,2,14:11:40.188467280
108.75,1,14:11:40.188531662
108.75,1,14:11:40.190778671
108.75,100,14:11:40.192269909
108.75,1,14:11:40.192293619
108.75,2,14:11:40.192400357
108.75,5,14:11:40.192502977
108.75,1,14:11:40.192530104
108.75,100,14:11:40.192590832
108.75,7,14:11:40.192640471
108.75,2,14:11:40.192680335
108.75,1,14:11:40.192721670
108.75,49,14:11:40.192756829
108.75,1,14:11:40.192821790
108.75,5,14:11:40.192848385
108.75,50,14:11:40.192915872
108.75,11,14:11:40.192954990
108.75,3,14:11:40.193041196
108.75,39,14:11:40.193085795
108.75,1,14:11:40.193125886
108.75,1,14:11:40.193164552
108.75,36,14:11:40.193233287
108.75,69,14:11:40.193254742
108.75,63,14:11:40.193269857
108.75,4,14:11:40.193295441
108.75,51,14:11:40.193318014
108.75,39,14:11:40.193349388
108.75,71,14:11:40.193378745
108.75,12,14:11:40.193409299
108.75,26,14:11:40.193434400
108.75,2,14:11:40.193455294
108.75,4,14:11:40.193476808
108.75,4,14:11:40.193526656
108.75,30,14:11:40.193987577
108.75,2,14:11:40.194282690
108.75,1,14:11:40.195620419
108.75,1,14:11:40.196088732
108.75,1,14:11:40.196189896
108.75,50,14:11:40.196305972
108.75,30,14:11:40.196372229
108.75,8,14:11:40.197426500
108.75,1,14:11:40.197942229
108.75,2,14:11:40.202024670
108.75,1,14:11:40.202074693
108.75,51,14:11:40.212486183
108.75,200,14:11:40.212653361
108.75,47,14:11:40.212717343
108.75,16,14:11:40.212756953
108.75,1,14:11:40.212788791
108.75,152,14:11:40.213004053
108.75,5,14:11:40.214490147
108.75,13,14:11:40.214543530
108.75,4,14:11:40.217254084
108.75,1,14:11:40.220974223
108.75,1,14:11:40.224532474
108.75,1,14:11:40.229214229
108.75,1,14:11:40.232245915
108.75,1,14:11:40.237228132
108.75,1,14:11:40.240232637
108.75,1,14:11:40.245216193
108.75,1,14:11:40.248252811
108.75,1,14:11:40.253211948
108.75,1,14:11:40.256231126
108.75,1,14:11:40.261222217
108.75,1,14:11:40.264239194
108.75,1,14:11:40.269815492
108.75,1,14:11:41.440971003
108.75,200,14:11:43.127329692
108.75,1,14:11:43.132190193
108.75,1,14:11:43.134182186
108.75,1,14:11:43.135134057
108.75,1,14:11:43.135670513
108.75,6,14:11:47.069775205
108.7344,5,14:11:49.955261440
108.75,6,14:11:49.961773397
108.7344,4,14:11:49.970865557
108.7344,5,14:11:50.105404056
108.7344,2,14:11:50.164204165
108.7344,1,14:11:50.316821736
108.7344,1,14:11:50.384225019
108.75,1,14:11:54.028643613
108.7344,1,14:12:02.902810868
108.7344,1,14:12:02.903620549
108.7344,1,14:12:02.903755051
108.7344,10,14:12:02.920239655
108.75,3,14:12:03.883570361
108.75,9,14:12:05.353531453
108.7344,1,14:12:09.708591937
108.7344,250,14:12:10.225450949
108.75,1,14:12:12.036551308
108.75,1,14:12:30.053150011
108.7344,6,14:12:37.608771885
108.7344,1,14:12:37.608791489
108.7344,7,14:12:37.608812782
108.7344,3,14:12:37.608869897
108.7344,1,14:12:37.608904967
108.7344,865,14:12:37.610557205
108.7344,1,14:12:37.617093592
108.7344,1,14:12:37.617156832
108.7344,3,14:12:37.620151577
108.7344,4,14:12:37.620587160
108.7344,14,14:12:37.622364438
108.7344,35,14:12:37.622661352
108.7344,10,14:12:37.627849296
108.7344,1,14:12:37.628328324
108.7344,1,14:12:37.628362337
108.7344,33,14:12:37.628384111
108.7344,132,14:12:37.628412786
108.7344,5,14:12:37.629424547
108.7344,1,14:12:37.629693935
108.7344,1,14:12:37.629715184
108.7344,1,14:12:37.629815775
108.7344,1,14:12:37.629850044
108.7344,1,14:12:37.630445048
108.7344,1,14:12:37.630544371
108.7344,1,14:12:37.630663753
108.7344,1,14:12:37.630741371
108.7344,1,14:12:37.630762183
108.7344,1,14:12:37.630791388
108.7344,1,14:12:37.630937029
108.7344,10,14:12:37.631087474
108.7344,1,14:12:37.631150134
108.7344,20,14:12:37.631565675
108.7344,1,14:12:37.632607751
108.7344,1,14:12:37.633130775
108.7344,1,14:12:37.633232103
108.7344,18,14:12:37.633274647
108.7344,16,14:12:37.633742980
108.7344,9,14:12:37.633773368
108.7344,1,14:12:37.633978034
108.7344,18,14:12:37.634100866
108.7344,9,14:12:37.634129023
108.7344,11,14:12:37.634164287
108.7344,1,14:12:37.634513040
108.7344,30,14:12:37.634577996
108.7344,1,14:12:37.634611285
108.7344,1,14:12:37.634792483
108.7344,1,14:12:37.634969302
108.7344,1,14:12:37.635330593
108.7344,1,14:12:37.635386559
108.7344,1,14:12:37.635813764
108.7344,1,14:12:37.635857218
108.7344,1,14:12:37.636032936
108.7344,1,14:12:37.636087226
108.7344,1,14:12:37.636173640
108.7344,1,14:12:37.636223091
108.7344,1,14:12:37.636310101
108.7344,1,14:12:37.636487547
108.7344,1,14:12:37.636505624
108.7344,1,14:12:37.636550976
108.7344,1,14:12:37.636706521
108.7344,1,14:12:37.636728656
108.7344,1,14:12:37.636876828
108.7344,1,14:12:37.636894966
108.7344,1,14:12:37.636917687
108.7344,1,14:12:37.637081092
108.7344,1,14:12:37.637100315
108.7344,1,14:12:37.637124437
108.7344,1,14:12:37.638874472
108.7344,1,14:12:37.638912591
108.7344,1,14:12:37.639071161
108.7344,1,14:12:37.639521122
108.7344,1,14:12:37.640333266
108.7344,7,14:12:37.640354447
108.7344,1,14:12:37.640376748
108.7344,9,14:12:37.640402282
108.7344,1,14:12:37.640429940
108.7344,3,14:12:37.642017587
108.7344,30,14:12:37.683036247
108.7344,20,14:12:37.708793489
108.7188,54,14:12:38.078806294
108.7344,1,14:12:48.025006236
108.7188,1,14:12:49.700731696
108.7188,150,14:12:52.691440127
108.7188,19,14:12:52.755670715
108.7344,56,14:12:53.688918645
108.7344,14,14:12:54.844880601
108.7344,1,14:12:54.844944653
108.7344,301,14:12:54.845220653
108.7344,1,14:12:54.846073550
108.7344,257,14:12:54.846288293
108.7344,3,14:12:54.852324277
108.75,2,14:12:57.040080065
108.7344,29,14:12:57.738035915
108.75,11,14:12:57.741462438
108.75,1,14:13:05.034715419
108.75,1,14:13:05.038778988
108.75,74,14:13:06.076080485
108.7344,1,14:13:06.079244446
108.75,20,14:13:06.081126734
108.7344,1,14:13:06.087497054
108.75,10,14:13:14.705766970
108.75,40,14:13:19.141851347
108.75,665,14:13:19.291950130
108.75,15,14:13:19.295773090
108.75,19,14:13:19.296075932
108.75,1,14:13:19.296121705
108.75,1,14:13:19.296140170
108.75,1,14:13:19.296168948
108.75,10,14:13:19.296242898
108.75,1,14:13:19.296581497
108.75,1,14:13:19.296686379
108.75,1,14:13:19.296742832
108.75,1,14:13:19.296807178
108.75,1,14:13:19.296840546
108.75,2,14:13:19.296938055
108.75,1,14:13:19.296996446
108.75,50,14:13:19.297044361
108.75,1,14:13:19.297081769
108.75,3,14:13:19.297129819
108.75,6,14:13:19.297169160
108.75,52,14:13:19.297439447
108.75,15,14:13:19.297625882
108.75,6,14:13:19.297689986
108.75,2,14:13:19.297791566
108.75,12,14:13:19.297798862
108.75,8,14:13:19.298053133
108.75,50,14:13:19.298208579
108.75,37,14:13:19.298262910
108.75,1,14:13:19.298283374
108.75,35,14:13:19.298330841
108.75,18,14:13:19.298454990
108.75,6,14:13:19.298462981
108.75,10,14:13:19.298542986
108.75,1,14:13:19.306054814
108.75,2,14:13:19.312385516
108.7656,1,14:13:19.319549280
108.7656,5,14:13:19.319559988
108.7656,3,14:13:19.319559988
108.75,2,14:13:19.321716131
108.75,5,14:13:19.324391602
108.75,1,14:13:19.324493748
108.75,2,14:13:19.330587373
108.75,1,14:13:19.330833498
108.75,10,14:13:19.331043627
108.75,1,14:13:19.331774521
108.75,1,14:13:19.332336037
108.75,176,14:13:19.334002527
108.75,3,14:13:19.339654521
108.75,3,14:13:19.339819128
108.75,3,14:13:19.340333532
108.75,3,14:13:19.341802278
108.75,3,14:13:19.341833677
108.75,3,14:13:19.371470694
108.75,3,14:13:19.371518637
108.75,10,14:13:20.857367338
108.75,1,14:13:23.032563650
108.75,1,14:13:23.282770891
108.7344,86,14:13:27.453960046
108.75,1,14:13:28.230381077
108.75,1,14:13:28.415608942
108.7344,1,14:13:33.023225185
108.75,1,14:13:41.036976501
108.75,5,14:13:41.060557925
108.75,1,14:13:43.306129984
108.7344,50,14:13:50.553262331
108.7344,50,14:13:57.254454683
108.75,1,14:13:59.036263759
108.75,1,14:14:02.469502125
108.75,1,14:14:02.484343107
108.75,1,14:14:04.338237536
108.75,1,14:14:07.777811515
108.75,1,14:14:08.850625657
108.7344,1,14:14:10.915895068
108.7344,50,14:14:10.917539178
108.7344,2,14:14:10.917577691
108.7344,2,14:14:10.917644661
108.7344,1,14:14:10.917739690
108.7344,578,14:14:10.918173821
108.7344,1,14:14:10.919702146
108.7344,1,14:14:10.920468075
108.7344,2,14:14:10.920617390
108.7344,2,14:14:10.920666047
108.7344,3,14:14:10.920846751
108.7344,1,14:14:10.921037312
108.7344,4,14:14:10.921284952
108.7344,1,14:14:10.924006741
108.7344,2,14:14:10.924922667
108.7344,2,14:14:10.925181168
108.7344,3,14:14:10.925201146
108.7344,2,14:14:10.925289234
108.7344,1,14:14:10.925327027
108.7344,4,14:14:10.925459238
108.7344,1,14:14:10.926110444
108.7344,1,14:14:10.926293027
108.7344,20,14:14:10.926348049
108.7344,1,14:14:10.926381915
108.7344,17,14:14:10.926757765
108.7344,16,14:14:10.926844376
108.7344,1,14:14:10.926911552
108.7344,1,14:14:10.926986772
108.7344,1,14:14:10.928052713
108.7344,1,14:14:10.928243930
108.7344,1,14:14:10.928278702
108.7344,7,14:14:10.928313673
108.7344,1,14:14:10.928828662
108.7344,2,14:14:10.929764569
108.7344,12,14:14:10.929877445
108.7344,23,14:14:10.929904402
108.7344,19,14:14:10.929927216
108.7344,8,14:14:10.930044375
108.7344,15,14:14:10.930062407
108.7344,13,14:14:10.930085662
108.7344,1,14:14:10.930345851
108.7344,1,14:14:10.930464333
108.7344,1,14:14:10.930504485
108.7344,2,14:14:10.930530843
108.7344,102,14:14:10.930749325
108.7344,3,14:14:10.930950228
108.7344,5,14:14:10.930977770
108.7344,4,14:14:10.931005570
108.7344,8,14:14:10.931026300
108.7344,5,14:14:10.931056253
108.7344,10,14:14:10.931078509
108.7344,8,14:14:10.931169588
108.7344,8,14:14:10.931198222
108.7344,3,14:14:10.931217602
108.7344,1,14:14:10.931379149
108.7344,29,14:14:10.931402874
108.7344,1,14:14:10.931446651
108.7344,14,14:14:10.931488616
108.7344,15,14:14:10.931515708
108.7344,7,14:14:10.931543827
108.7344,1,14:14:10.931700208
108.7344,13,14:14:10.932031139
108.7344,1,14:14:10.932062657
108.7344,1,14:14:10.932095781
108.7344,1,14:14:10.932220157
108.7344,3,14:14:10.932326805
108.7344,1,14:14:10.932346610
108.7344,6,14:14:10.933048407
108.7344,1,14:14:10.933188129
108.7344,13,14:14:10.933399071
108.7344,1,14:14:10.934530244
108.7344,40,14:14:10.935911111
108.7344,10,14:14:10.936882098
108.7344,13,14:14:11.919208382
108.7344,2,14:14:11.919487159
108.7344,891,14:14:14.968510265
108.7344,40,14:14:14.974255923
108.7344,72,14:14:14.974675711
108.7344,1,14:14:14.974945681
108.7344,218,14:14:14.975005858
108.7344,1,14:14:14.978185919
108.7344,1,14:14:14.978382569
108.7344,1,14:14:14.978533522
108.7344,1,14:14:14.978555312
108.7344,1,14:14:14.978927614
108.7344,3,14:14:14.994981837
108.7344,9,14:14:14.997975542
108.7344,12,14:14:15.004367622
108.7344,14,14:14:15.039792183
108.7344,7,14:14:15.109747634
108.7344,1,14:14:15.110035009
108.7344,1,14:14:15.191974067
108.7344,12,14:14:15.209961923
108.7344,1,14:14:15.409569662
108.7344,12,14:14:15.418216153
108.7344,12,14:14:15.461030448
108.7344,12,14:14:15.508878102
108.7344,12,14:14:15.517876519
108.7344,5,14:14:15.626405528
108.7344,7,14:14:15.629996192
108.7344,3,14:14:15.638385266
108.7344,3,14:14:15.646977705
108.7344,8,14:14:15.650388778
108.7344,3,14:14:15.653806616
108.7344,9,14:14:15.664215584
108.7344,3,14:14:15.667610654
108.7344,1,14:14:15.681031790
108.7344,1,14:14:17.036209993
108.7344,12,14:14:24.223607908
108.7344,3,14:14:24.223951291
108.7344,11,14:14:24.227253665
108.7188,1,14:14:24.229586262
108.7188,1,14:14:24.236435318
108.7344,1173,14:14:32.022698854
108.7344,127,14:14:32.031084108
108.7344,127,14:14:32.031209490
108.7344,1,14:14:32.034877874
108.7344,204,14:14:32.035669659
108.7344,1,14:14:32.036049824
108.7344,1,14:14:32.037910389
108.7344,1,14:14:32.037996685
108.7344,1,14:14:32.038025095
108.7344,15,14:14:32.038111389
108.7344,21,14:14:32.038139379
108.7344,4,14:14:32.038326214
108.7344,1,14:14:32.039488037
108.7344,1,14:14:32.039546729
108.7344,1,14:14:32.039583098
108.7344,2,14:14:32.039647695
108.7344,1,14:14:32.039922154
108.7344,28,14:14:32.039963358
108.7344,1,14:14:32.041287154
108.7344,1,14:14:32.041309024
108.7344,1,14:14:32.041333322
108.7344,1,14:14:32.041588037
108.7344,1,14:14:32.041668612
108.7344,1,14:14:32.042254629
108.7344,1,14:14:32.042593635
108.7344,1,14:14:32.042888105
108.7344,1,14:14:32.043034825
108.7344,3,14:14:32.043786023
108.7344,10,14:14:32.044916849
108.7344,9,14:14:32.044988640
108.7344,1,14:14:32.045350439
108.7344,159,14:14:32.045953289
108.7344,22,14:14:32.046005246
108.7344,1,14:14:32.046459831
108.7344,43,14:14:32.046478314
108.7344,40,14:14:32.046505211
108.7344,21,14:14:32.046531897
108.7344,1,14:14:32.046716412
108.7344,1,14:14:32.047037862
108.7344,1,14:14:32.047446501
108.7344,3,14:14:32.047587556
108.7344,1,14:14:32.047935941
108.7344,4,14:14:32.049600214
108.7344,1,14:14:32.049630836
108.7344,1,14:14:32.050017797
108.7344,5,14:14:32.050443479
108.7344,1,14:14:32.050574989
108.7344,8,14:14:32.050719158
108.7344,1,14:14:32.050739274
108.7344,16,14:14:32.050763220
108.7344,1,14:14:32.050806341
108.7344,1,14:14:32.051749691
108.7344,1,14:14:32.051795906
108.7344,1,14:14:32.052097448
108.7344,3,14:14:32.052218369
108.7344,17,14:14:32.052282959
108.7344,19,14:14:32.052319738
108.7344,1,14:14:32.052774710
108.7344,1,14:14:32.053782228
108.7344,1,14:14:32.054858368
108.7344,2,14:14:32.054896810
108.7344,1,14:14:32.054949656
108.7344,5,14:14:32.055078295
108.7344,1,14:14:32.055119253
108.7344,1,14:14:32.055331472
108.7344,5,14:14:32.055738002
108.7344,1,14:14:32.055796380
108.7344,1,14:14:32.056472941
108.7344,1,14:14:32.058067380
108.7344,9,14:14:32.059696516
108.7344,15,14:14:32.086656427
108.7344,1,14:14:32.086830245
108.7344,2,14:14:32.086985979
108.7344,1,14:14:32.087024096
108.7344,15,14:14:32.092409996
108.7344,1,14:14:32.113354221
108.7344,1,14:14:32.939849175
108.75,1,14:14:34.045179754
108.7344,5,14:14:50.268169798
108.75,1,14:14:52.049664577
108.75,2,14:14:58.177091605
108.7344,4,14:15:04.138778651
108.75,1,14:15:06.906427277
108.7344,1,14:15:09.924589877
108.75,1,14:15:10.040022932
108.7344,9,14:15:19.498754630
108.7344,9,14:15:19.498855509
108.7344,10,14:15:19.498930538
108.7344,9,14:15:19.499112353
108.7344,9,14:15:19.499533174
108.75,13,14:15:20.947858452
108.75,1,14:15:28.028028452
108.75,1,14:15:30.006429574
108.75,1,14:15:31.151084021
108.7344,1,14:15:38.122310624
108.75,1,14:15:45.916582764
108.75,1,14:15:46.044788089
108.75,160,14:15:58.156138693
108.75,2,14:15:58.156836452
108.75,22,14:15:58.157404293
108.75,1,14:15:58.157454336
108.75,10,14:15:58.157551637
108.75,50,14:15:58.157617555
108.75,1,14:15:58.157688853
108.75,25,14:15:58.158239324
108.75,30,14:15:58.160163162
108.75,1,14:15:58.160210193
108.75,1,14:15:58.162400279
108.75,4,14:15:58.162424842
108.75,1,14:15:58.162477141
108.75,14,14:15:58.162586765
108.75,1,14:15:58.162625329
108.75,1,14:15:58.183033625
108.75,1000,14:16:02.541974119
108.75,5,14:16:02.543939141
108.75,1,14:16:02.543966783
108.75,1,14:16:02.543992422
108.75,1,14:16:02.544334122
108.75,1,14:16:02.544531364
108.75,1,14:16:02.544559447
108.75,20,14:16:02.547701831
108.75,5,14:16:02.547861229
108.75,1,14:16:03.817607246
108.75,1,14:16:03.893706592
108.75,1,14:16:04.055343946
108.7344,100,14:16:19.107079398
108.75,1,14:16:21.024075270
108.75,6,14:16:21.554672131
108.75,1,14:16:22.933224800
108.75,3,14:16:23.716632400
108.75,3,14:16:23.726488940
108.75,3,14:16:23.741876751
108.75,1,14:16:30.627973009
108.75,1,14:16:39.038132039
108.75,6,14:16:39.347909484
108.75,3,14:16:47.039614408
108.75,1,14:16:57.025271299
108.75,100,14:17:00.942544312
108.75,21,14:17:11.123715878
108.75,120,14:17:11.124369340
108.75,18,14:17:13.413663965
108.75,1,14:17:15.034501431
108.75,1,14:17:33.036179515
108.75,1,14:17:50.046701327
108.7344,2,14:18:00.214173734
108.7344,17,14:18:00.214560675
108.7344,9,14:18:00.232722117
108.7344,2,14:18:00.247853714
108.7344,2,14:18:00.275151135
108.7344,2,14:18:00.298145486
108.7344,1,14:18:00.319198125
108.7344,1,14:18:05.028842724
108.75,6,14:18:05.698812605
108.75,2,14:18:07.784617446
108.75,1,14:18:08.043010425
108.75,1,14:18:26.036279956
108.75,3,14:18:28.406157092
108.75,1,14:18:34.022592970
108.75,45,14:18:38.939002222
108.7344,50,14:18:40.401548274
108.75,1,14:18:44.040019515
108.7344,1,14:18:46.850526912
108.75,10,14:18:47.626438714
108.75,1,14:19:02.034276912
108.75,59,14:19:02.034658152
108.75,1,14:19:13.099984946
108.75,1,14:19:15.140945550
108.75,5,14:19:16.983806152
108.75,2,14:19:18.653423810
108.75,1,14:19:20.043780712
108.75,15,14:19:31.055213138
108.75,27,14:19:31.055486606
108.75,5,14:19:33.642110446
108.75,1,14:19:37.032651501
108.75,18,14:19:48.101319106
108.75,14,14:19:48.101758868
108.75,4,14:19:48.322674296
108.7344,2,14:19:48.586677180
108.75,5,14:19:50.387389557
108.75,7,14:19:50.387634214
108.75,1,14:19:52.072381930
108.75,3,14:19:52.072651001
108.75,1,14:19:55.041810820
108.7344,1,14:19:57.029678726
108.7344,30,14:20:00.673828364
108.7344,25,14:20:04.550194810
108.75,4,14:20:05.333510209
108.75,321,14:20:05.334263626
108.7344,4,14:20:05.496790445
108.7344,4,14:20:05.501369804
108.75,1,14:20:05.792214783
108.75,1,14:20:09.940127248
108.75,100,14:20:09.942614581
108.75,1,14:20:09.944142387
108.75,1,14:20:09.944182094
108.75,1,14:20:09.948188812
108.75,2,14:20:09.949387129
108.75,1,14:20:09.949524849
108.75,1,14:20:09.949665558
108.75,1,14:20:09.950226091
108.75,4,14:20:09.950289804
108.75,27,14:20:09.950346903
108.75,17,14:20:09.950449934
108.75,13,14:20:09.950449934
108.75,638,14:20:09.952194608
108.75,14,14:20:09.955835611
108.75,3,14:20:09.956267976
108.75,1,14:20:09.957116790
108.75,2,14:20:09.961570950
108.75,4,14:20:09.962176862
108.75,300,14:20:09.963258155
108.75,15,14:20:09.964481720
108.75,10,14:20:09.964666088
108.75,1,14:20:09.965848540
108.75,16,14:20:09.965866451
108.75,3,14:20:09.965887623
108.75,1,14:20:09.970786906
108.75,1,14:20:09.971687509
108.75,1,14:20:09.971726620
108.75,1,14:20:09.974881138
108.75,1,14:20:10.015435245
108.75,1,14:20:10.047044452
108.75,11,14:20:10.095659211
108.7656,21,14:20:12.059577554
108.75,1,14:20:12.070056210
108.7656,1,14:20:13.040912388
108.75,1,14:20:17.040549477
108.75,1,14:20:17.051542509
108.7656,1,14:20:19.084359670
108.7656,10,14:20:22.482376315
108.7656,2,14:20:22.506427062
108.7656,200,14:20:22.511680803
108.7656,37,14:20:22.512888776
108.7656,10,14:20:22.514708557
108.7656,5,14:20:22.515222926
108.7656,5,14:20:22.517890266
108.7656,5,14:20:22.518191923
108.7656,5,14:20:22.519290515
108.7656,1,14:20:22.519448367
108.7656,5,14:20:22.520064514
108.7656,2,14:20:22.521509730
108.7656,2,14:20:22.521612449
108.7656,70,14:20:22.521801107
108.7656,1,14:20:22.522145917
108.7656,1,14:20:22.522418752
108.7656,1,14:20:22.522468727
108.7656,50,14:20:22.523565296
108.7656,1,14:20:22.523609709
108.7656,1,14:20:22.527186191
108.7656,2,14:20:22.527186191
108.7656,2,14:20:22.527415411
108.7656,2,14:20:22.527563453
108.7656,1,14:20:22.527701286
108.7656,4,14:20:22.528027587
108.7656,1,14:20:22.528572251
108.7656,1,14:20:22.529403052
108.7656,1,14:20:22.529467722
108.7656,3,14:20:22.529545505
108.7656,9,14:20:22.529660359
108.7656,1,14:20:22.529870437
108.7656,5,14:20:22.529870437
108.7656,200,14:20:22.530192469
108.7656,800,14:20:22.531198816
108.7656,1,14:20:22.537835686
108.7656,159,14:20:22.546712306
108.7656,33,14:20:22.548366851
108.7656,12,14:20:22.549199767
108.7656,5,14:20:22.549751561
108.7656,10,14:20:23.418991144
108.7656,1,14:20:23.419495069
108.7656,1,14:20:23.420382786
108.7656,1864,14:20:23.421339922
108.7656,6,14:20:23.425072244
108.7656,1,14:20:23.431466187
108.7656,3,14:20:23.433037891
108.7656,1,14:20:23.433436793
108.7656,25,14:20:23.437366709
108.7656,3,14:20:23.438434919
108.7656,3,14:20:23.438508755
108.7656,2,14:20:23.449439989
108.7656,1,14:20:23.453850308
108.7656,2,14:20:23.456594342
108.7656,2,14:20:23.456665764
108.7656,3,14:20:23.520671566
108.7656,3,14:20:23.520760799
108.7656,3,14:20:23.521152647
108.7656,3,14:20:23.521684680
108.7656,3,14:20:23.522217053
108.7656,3,14:20:23.522742930
108.7656,2,14:20:25.254506768
108.7656,2,14:20:25.254576967
108.7656,10,14:20:26.330678153
108.7656,2,14:20:26.404939778
108.7656,2,14:20:26.405240203
108.7656,3,14:20:26.405975876
108.7656,3,14:20:26.406003893
108.7656,3,14:20:26.406221795
108.7656,3,14:20:26.406344875
108.7656,3,14:20:26.407485820
108.7656,3,14:20:26.407590167
108.7656,3,14:20:26.408273323
108.7656,3,14:20:26.408397550
108.7656,3,14:20:26.409209765
108.7656,3,14:20:26.409897565
108.7656,3,14:20:26.409952164
108.7656,3,14:20:26.410368915
108.7656,2,14:20:26.526839770
108.7656,2,14:20:26.526874529
108.7656,3,14:20:26.527606915
108.7656,3,14:20:26.527713298
108.7656,3,14:20:26.528062812
108.7656,3,14:20:26.528240547
108.7656,3,14:20:26.529408010
108.7656,3,14:20:26.529544058
108.7656,3,14:20:26.529773181
108.7656,3,14:20:26.529930709
108.7656,3,14:20:26.531039733
108.7656,3,14:20:26.531107914
108.7656,3,14:20:26.531482027
108.7656,3,14:20:26.531564623
108.7656,3,14:20:26.532724484
108.7656,3,14:20:26.532770347
108.7656,3,14:20:26.533625571
108.7656,3,14:20:26.533714055
108.7656,3,14:20:26.534453936
108.7656,3,14:20:26.535259466
108.7656,3,14:20:26.535332828
108.7656,3,14:20:26.535756970
108.75,1,14:20:27.734033633
108.75,205,14:20:27.736993904
108.75,20,14:20:27.752409956
108.75,10,14:20:27.753075681
108.75,1500,14:20:27.754050161
108.75,1,14:20:27.757499930
108.75,14,14:20:27.757923804
108.75,40,14:20:27.758389810
108.75,1,14:20:27.758757434
108.75,10,14:20:27.759446023
108.75,2,14:20:27.759895795
108.75,1,14:20:27.760180711
108.75,1,14:20:27.760561227
108.75,5,14:20:27.760561227
108.75,1,14:20:27.760624991
108.75,8,14:20:27.761752096
108.75,76,14:20:27.762073475
108.75,39,14:20:27.762073475
108.75,69,14:20:27.762175704
108.75,1,14:20:27.762272637
108.75,2,14:20:27.762400192
108.75,4,14:20:27.763765474
108.75,1,14:20:27.764669579
108.75,1,14:20:27.764773308
108.75,1,14:20:27.764819303
108.75,2,14:20:27.764854619
108.75,1,14:20:27.765719744
108.75,1,14:20:27.765780645
108.75,2,14:20:27.766146914
108.75,2,14:20:27.766683955
108.75,4,14:20:27.767692459
108.75,2,14:20:27.767892780
108.75,75,14:20:27.768702620
108.75,10,14:20:27.769284286
108.75,7,14:20:27.770561559
108.75,10,14:20:27.770957267
108.75,6,14:20:27.771234619
108.75,20,14:20:27.771693148
108.75,4,14:20:27.774007386
108.75,10,14:20:27.775195170
108.75,7,14:20:27.775285178
108.75,7,14:20:27.775358393
108.75,1010,14:20:27.778329719
108.75,1,14:20:27.779898388
108.75,1,14:20:27.784504167
108.75,1,14:20:27.803131106
108.75,15,14:20:27.806785791
108.75,1,14:20:27.810762008
108.75,7,14:20:27.811809559
108.75,1,14:20:27.814099631
108.75,16,14:20:27.819746675
108.75,1,14:20:27.819778328
108.75,1,14:20:27.819872084
108.75,17,14:20:27.827409192
108.75,1,14:20:27.827885403
108.75,3,14:20:27.829886781
108.7344,2,14:20:27.843495641
108.7344,1,14:20:27.843859901
108.7344,1,14:20:27.845617454
108.7344,1,14:20:27.845661978
108.7344,2,14:20:27.847569864
108.7344,2,14:20:27.848643876
108.75,1,14:20:27.850250001
108.75,6,14:20:27.853661321
108.7344,1,14:20:27.854996551
108.75,5,14:20:27.867609881
108.7344,3,14:20:27.871297795
108.7344,2,14:20:27.871839092
108.7344,1,14:20:27.873097485
108.7344,24,14:20:27.874583544
108.7344,21,14:20:27.874812883
108.7344,1,14:20:27.875054290
108.7344,2,14:20:27.875115565
108.7344,1,14:20:27.875169520
108.7344,1,14:20:27.875210468
108.7344,1,14:20:27.876163989
108.7344,2,14:20:27.877565508
108.7344,200,14:20:27.879998834
108.7344,1,14:20:27.880632374
108.7344,5,14:20:27.880866420
108.7344,10,14:20:27.880964440
108.7344,1,14:20:27.881018429
108.7344,10,14:20:27.881263080
108.7344,5,14:20:27.881296537
108.7344,50,14:20:27.881777795
108.7344,11,14:20:27.881812007
108.7344,8,14:20:27.881858308
108.7344,2,14:20:27.881956797
108.75,2,14:20:27.886987343
108.75,1,14:20:27.887463471
108.75,5,14:20:27.887699924
108.7344,38,14:20:27.888877324
108.7344,6,14:20:27.890989110
108.7344,2,14:20:27.893965097
108.7344,1,14:20:27.894586706
108.7344,2,14:20:27.895268070
108.7344,1,14:20:27.895802775
108.7344,298,14:20:27.895844405
108.7344,1,14:20:27.899529599
108.7344,1,14:20:27.900226170
108.7344,2,14:20:27.907438271
108.7344,1,14:20:27.907459596
108.7344,5,14:20:27.907587739
108.7344,4,14:20:27.907611743
108.7344,19,14:20:27.914300656
108.7344,70,14:20:27.915300193
108.7344,106,14:20:27.915341640
108.7344,10,14:20:27.915590057
108.7344,88,14:20:27.915783379
108.7344,1,14:20:27.915803547
108.7344,88,14:20:27.915824379
108.7344,10,14:20:27.915844376
108.7344,1,14:20:27.915863256
108.7344,18,14:20:27.938674673
108.7188,1,14:20:27.953238019
108.7188,8,14:20:27.956752256
108.7188,5,14:20:27.960869764
108.7344,2,14:20:27.983744686
108.7344,3,14:20:27.984188960
108.7344,2,14:20:27.984777345
108.7344,2,14:20:27.985438524
108.7344,2,14:20:27.986006701
108.7344,2,14:20:27.986714051
108.7344,2,14:20:27.987350371
108.7344,2,14:20:27.987784204
108.7344,2,14:20:27.988573234
108.7344,2,14:20:27.989203790
108.7344,2,14:20:27.989940692
108.7344,2,14:20:27.990373245
108.7344,2,14:20:27.990766875
108.7344,2,14:20:27.991474224
108.7344,2,14:20:27.991885083
108.7344,2,14:20:27.992697701
108.7344,2,14:20:27.993119153
108.7344,2,14:20:27.993568144
108.7344,2,14:20:27.994279288
108.7344,2,14:20:27.994793945
108.7344,2,14:20:27.995568072
108.7344,2,14:20:27.996064111
108.7344,2,14:20:27.996844773
108.7344,2,14:20:27.997301883
108.7344,2,14:20:27.997716404
108.7344,2,14:20:27.998376936
108.7344,2,14:20:27.998775705
108.7344,2,14:20:27.999234236
108.7344,2,14:20:28.000064576
108.7344,2,14:20:28.000484002
108.7344,2,14:20:28.001141874
108.7344,2,14:20:28.001532113
108.7344,2,14:20:28.001925346
108.7344,2,14:20:28.002577593
108.7344,3,14:20:28.002624697
108.7188,9,14:20:28.062898498
108.7344,12,14:20:28.210413935
108.7344,337,14:20:28.516291321
108.7344,7,14:20:30.919148026
108.7344,1,14:20:31.037592532
108.7188,1,14:20:33.593759060
108.7344,10,14:20:35.393261302
108.7188,10,14:20:42.933885267
108.7188,9,14:20:42.933958099
108.7188,9,14:20:42.934223097
108.7344,6,14:20:46.596966193
108.7344,3,14:20:46.597633362
108.7344,3,14:20:46.597943586
108.7344,3,14:20:46.598433163
108.7344,2,14:20:46.598583736
108.7344,23,14:20:46.599911747
108.7344,1,14:20:46.600068064
108.7344,2,14:20:46.601017538
108.7344,2,14:20:46.601212925
108.7344,1,14:20:46.601949106
108.7344,211,14:20:46.601982137
108.7344,3,14:20:46.603716604
108.7344,1,14:20:46.604787244
108.7344,2,14:20:46.604961897
108.7344,2,14:20:46.605090881
108.7344,2,14:20:46.606922851
108.7344,2,14:20:46.606999285
108.7344,3,14:20:46.607050901
108.7344,12,14:20:46.642610550
108.7344,13,14:20:46.642629478
108.7344,1,14:20:49.032589859
108.7344,13,14:20:54.632915956
108.7188,10,14:20:56.314216734
108.7344,2,14:20:57.163197579
108.7344,2,14:20:57.164058073
108.7344,3,14:20:57.164301816
108.7344,3,14:20:57.164349548
108.7344,2,14:20:57.164704493
108.7344,2,14:20:57.167541034
108.7344,2,14:20:57.167668118
108.7344,3,14:20:57.168789155
108.7344,2,14:20:57.169172017
108.7344,2,14:20:57.169274800
108.7344,12,14:20:57.216379767
108.7344,13,14:20:57.216425080
108.7344,12,14:20:57.216458101
108.7344,13,14:20:57.216494982
108.7344,10,14:20:58.482711844
108.7344,17,14:20:58.839008081
108.7344,100,14:20:58.839598410
108.7344,2,14:20:58.839721934
108.7344,3,14:20:58.839749980
108.7344,2,14:20:58.839818104
108.7344,6,14:20:58.840056403
108.7344,2,14:20:58.841055636
108.7344,380,14:20:58.841170179
108.7344,4,14:20:58.842339022
108.7344,125,14:20:58.843550886
108.7344,1,14:20:58.844141109
108.7344,1,14:20:58.844359011
108.7344,1,14:20:58.844892216
108.7344,37,14:20:58.845042324
108.7344,2,14:20:58.845073038
108.7344,200,14:20:58.845095957
108.7344,169,14:20:58.845190839
108.7344,1,14:20:58.846721657
108.7344,1,14:20:58.847012181
108.7344,1,14:20:58.848620128
108.7344,1,14:20:58.848820928
108.7344,4,14:20:58.852659566
108.7344,5,14:20:58.853646530
108.7344,10,14:21:04.562548262
108.7344,9,14:21:04.570539389
108.7344,10,14:21:04.599555534
108.7344,9,14:21:04.605504241
108.7344,9,14:21:04.610471393
108.7344,10,14:21:04.616505918
108.7344,9,14:21:04.624502899
108.7344,9,14:21:04.632497978
108.7344,10,14:21:04.638529216
108.7344,2,14:21:04.895945145
108.7344,100,14:21:05.705725578
108.7344,9,14:21:05.723275571
108.75,1,14:21:06.040796356
108.7344,5,14:21:06.202145548
108.7344,10,14:21:07.922737808
108.7344,9,14:21:07.930378683
108.7344,9,14:21:07.944379106
108.7344,10,14:21:07.951357913
108.7344,9,14:21:07.957338110
108.7344,9,14:21:07.961326684
108.7344,10,14:21:07.967334242
108.7344,1,14:21:10.034714300
108.7344,9,14:21:10.047818478
108.7344,9,14:21:10.066547064
108.7344,10,14:21:10.089580741
108.7344,9,14:21:10.099561921
108.7344,10,14:21:10.107550588
108.7344,9,14:21:10.118548874
108.7344,9,14:21:10.124540726
108.7344,10,14:21:10.133541397
108.7344,9,14:21:10.145520147
108.7344,9,14:21:10.155597080
108.7344,10,14:21:10.162521629
108.75,1,14:21:24.034586461
108.75,3,14:21:37.260793798
108.75,3,14:21:37.260910220
108.75,3,14:21:37.262545734
108.75,3,14:21:37.262928453
108.75,3,14:21:37.263164617
108.75,3,14:21:37.263730280
108.75,3,14:21:37.264425302
108.75,3,14:21:37.264883826
108.75,3,14:21:37.265191343
108.75,3,14:21:37.265443681
108.75,3,14:21:37.265870512
108.75,3,14:21:37.266798367
108.75,3,14:21:37.267002052
108.75,3,14:21:37.267494938
108.75,3,14:21:37.268242704
108.75,3,14:21:37.268274880
108.75,3,14:21:37.269004876
108.75,3,14:21:37.269626770
108.75,3,14:21:37.270044858
108.75,3,14:21:37.270591903
108.75,2,14:21:37.271340206
108.75,3,14:21:37.271985605
108.75,3,14:21:37.272956549
108.75,3,14:21:37.273830314
108.75,3,14:21:37.274550300
108.75,3,14:21:37.275422435
108.75,3,14:21:37.276311865
108.75,3,14:21:37.276951570
108.75,3,14:21:37.277708996
108.75,3,14:21:37.278085519
108.75,3,14:21:37.279106877
108.75,3,14:21:37.279650598
108.75,3,14:21:37.280478781
108.75,3,14:21:37.280861640
108.75,3,14:21:37.281753338
108.75,3,14:21:37.282132219
108.75,3,14:21:37.283061562
108.75,3,14:21:37.283442463
108.75,3,14:21:37.284412466
108.75,3,14:21:37.328920461
108.75,1,14:21:37.462871953
108.75,1,14:21:37.464154706
108.75,1,14:21:37.467564032
108.75,1,14:21:42.041471681
108.75,1,14:21:43.931863425
108.75,1,14:21:46.634344298
108.75,1,14:21:50.391332922
108.75,1,14:21:54.662046242
108.75,1,14:21:55.797887774
108.75,1,14:21:56.846515133
108.75,1,14:22:00.040502939
108.7344,100,14:22:01.715748009
108.75,1,14:22:03.298569653
108.75,1,14:22:04.958323686
108.75,1,14:22:09.750790979
108.75,1,14:22:11.842440662
108.75,1,14:22:14.114814718
108.75,1,14:22:14.118747485
108.75,1,14:22:16.201727826
108.75,1,14:22:18.041143101
108.75,8,14:22:20.768881564
108.75,1,14:22:22.650955781
108.75,1,14:22:23.269285730
108.75,1,14:22:29.015124877
108.75,1,14:22:29.096156471
108.75,1,14:22:32.422317852
108.75,1,14:22:35.552125586
108.75,1,14:22:36.029101873
108.75,200,14:22:38.712524637
108.75,1,14:22:41.572314342
108.75,1,14:22:41.996928647
108.75,400,14:22:46.068997160
108.75,1,14:22:46.204164822
108.75,6,14:22:47.902726318
108.75,1,14:22:48.438438103
108.75,1,14:22:50.723402845
108.75,1,14:22:53.030288603
108.7344,2,14:22:53.213257123
108.75,1,14:22:54.879637895
108.75,1,14:22:59.872090777
108.75,1,14:23:01.320255036
108.75,1,14:23:03.375187715
108.75,1,14:23:06.359119400
108.75,1,14:23:07.758473386
108.75,5,14:23:08.250410957
108.75,1,14:23:09.017535941
108.75,1,14:23:11.042955232
108.75,1,14:23:14.194941402
108.7344,9,14:23:16.292271493
108.7344,13,14:23:16.292794709
108.7344,1,14:23:16.293008714
108.7344,10,14:23:16.301239785
108.7344,1,14:23:16.301441600
108.7344,969,14:23:16.301749795
108.7344,31,14:23:16.301927632
108.7344,1,14:23:16.301991272
108.7344,1,14:23:16.302396807
108.7344,1,14:23:16.302437038
108.7344,13,14:23:16.302549328
108.7344,50,14:23:16.302848854
108.7344,15,14:23:16.302964667
108.7344,1,14:23:16.303005110
108.7344,140,14:23:16.303213172
108.7344,23,14:23:16.303405380
108.7344,1,14:23:16.303469109
108.7344,302,14:23:16.303734546
108.7344,4,14:23:16.304328801
108.7344,1,14:23:16.304758012
108.7344,35,14:23:16.304847502
108.7344,19,14:23:16.304884098
108.7344,36,14:23:16.304910128
108.7344,17,14:23:16.305042412
108.7344,2,14:23:16.305086835
108.7344,18,14:23:16.305221795
108.7344,3,14:23:16.305708873
108.7344,1,14:23:16.306866042
108.7344,3,14:23:16.307039690
108.7344,5,14:23:16.307124902
108.7344,2,14:23:16.307147382
108.7344,3,14:23:16.307191684
108.7344,5,14:23:16.307210455
108.7344,1,14:23:16.308141341
108.7344,30,14:23:16.309307380
108.7344,3,14:23:16.309502399
108.7344,1,14:23:16.309918340
108.7344,27,14:23:16.310539193
108.7344,1,14:23:16.312328129
108.7344,50,14:23:16.316850367
108.7344,12,14:23:16.316956523
108.7344,50,14:23:16.317658073
108.7344,1,14:23:16.317730225
108.7344,6,14:23:16.318951370
108.7344,1,14:23:16.318983872
108.7344,1,14:23:16.319099978
108.7344,10,14:23:16.319128183
108.7344,1,14:23:16.319192750
108.7344,9,14:23:16.319217426
108.7344,1,14:23:16.319248723
108.7344,5,14:23:16.319293578
108.7344,1,14:23:16.319314139
108.7344,5,14:23:16.319333832
108.7344,1,14:23:16.319358408
108.7344,1,14:23:16.319379084
108.7344,1,14:23:16.319420175
108.7344,1,14:23:16.319580791
108.7344,71,14:23:16.320007929
108.7344,1,14:23:16.320283569
108.7344,2,14:23:16.320706451
108.7344,1,14:23:16.320723974
108.7344,30,14:23:16.320789809
108.7344,1,14:23:16.321012922
108.7344,1,14:23:16.321066782
108.7344,65,14:23:16.321096626
108.7344,3,14:23:16.321131506
108.7344,1,14:23:16.321149772
108.7344,1,14:23:16.321171882
108.7344,1,14:23:16.321192858
108.7344,1,14:23:16.321211735
108.7344,42,14:23:16.321231560
108.7344,1,14:23:16.321255192
108.7344,1,14:23:16.321279973
108.7344,1,14:23:16.321300006
108.7344,1,14:23:16.321317315
108.7344,1,14:23:16.321339252
108.7344,1,14:23:16.321357514
108.7344,1,14:23:16.321378110
108.7344,1,14:23:16.321400136
108.7344,1,14:23:16.321419887
108.7344,1,14:23:16.321440054
108.7344,1,14:23:16.321463008
108.7344,1,14:23:16.321483322
108.7344,1,14:23:16.321502276
108.7344,1,14:23:16.321522708
108.7344,1,14:23:16.321549957
108.7344,1,14:23:16.321584226
108.7344,1,14:23:16.321625740
108.7344,1,14:23:16.321654387
108.7344,1,14:23:16.321699659
108.7344,7,14:23:16.321946751
108.7344,5,14:23:16.322123398
108.7344,1,14:23:16.322278237
108.7344,1,14:23:16.322300800
108.7344,1,14:23:16.322390066
108.7344,10,14:23:16.322499245
108.7344,1,14:23:16.322804026
108.7344,1,14:23:16.323122967
108.7344,1,14:23:16.323262418
108.7344,1,14:23:16.339852046
108.7344,25,14:23:16.375921850
108.7344,1,14:23:16.376163889
108.7344,1,14:23:16.376220508
108.7344,1,14:23:16.376264797
108.7344,9,14:23:16.376540969
108.7344,10,14:23:16.397130055
108.7344,1,14:23:16.397346904
108.7344,1,14:23:16.397397372
108.7344,1,14:23:16.410752981
108.7344,17,14:23:16.411117632
108.7344,1,14:23:16.411154564
108.7344,1,14:23:16.411187880
108.7344,1,14:23:16.411343560
108.7344,1,14:23:16.411389686
108.7344,49,14:23:16.411650664
108.7344,1,14:23:16.411686613
108.7344,1,14:23:16.411707426
108.7344,1,14:23:16.411733503
108.7344,1,14:23:16.411758221
108.7344,1,14:23:16.411788682
108.7344,1,14:23:16.411809218
108.7344,1,14:23:16.411834219
108.7344,1,14:23:16.411866987
108.7344,1,14:23:16.411898294
108.7344,1,14:23:16.411926085
108.7344,1,14:23:16.411976253
108.7344,1,14:23:16.411995754
108.7344,1,14:23:16.412019902
108.7344,1,14:23:16.412051017
108.7344,1,14:23:16.412075980
108.7344,1,14:23:16.412143515
108.7344,1,14:23:16.412210361
108.7344,1,14:23:16.412215923
108.7344,1,14:23:16.412267147
108.7344,90,14:23:16.412466914
108.7344,1,14:23:16.412529027
108.7344,1,14:23:16.412574806
108.7344,1,14:23:16.412633832
108.7344,1,14:23:16.412697753
108.7344,36,14:23:16.412728765
108.7344,1,14:23:16.412761095
108.7344,105,14:23:16.412830281
108.7344,1,14:23:16.413551428
108.7344,20,14:23:16.413707613
108.7344,3,14:23:16.413761673
108.7344,1,14:23:16.414146909
108.7344,2,14:23:16.414268466
108.7344,1,14:23:16.414296189
108.7344,158,14:23:16.414535642
108.7344,4,14:23:16.414629895
108.7344,3,14:23:16.414684501
108.7344,1,14:23:16.414780979
108.7344,1,14:23:16.415615691
108.7344,20,14:23:16.415636814
108.7344,1,14:23:16.415660719
108.7344,1,14:23:16.415833877
108.7344,5,14:23:16.415853097
108.7344,19,14:23:16.415906531
108.7344,8,14:23:16.416236193
108.7344,1,14:23:16.416586126
108.7344,1,14:23:16.416603451
108.7344,13,14:23:16.445237748
108.7344,1,14:23:16.445427531
108.7344,14,14:23:16.445668902
108.7344,15,14:23:16.445709553
108.7344,2,14:23:16.445745186
108.7344,1,14:23:16.445894801
108.7344,1,14:23:16.445935631
108.7344,1,14:23:16.445972802
108.7344,3,14:23:16.446011834
108.7344,1,14:23:16.446041793
108.7344,1,14:23:16.446107097
108.7344,1,14:23:16.472176482
108.7344,1,14:23:16.472372809
108.7344,1,14:23:16.499169581
108.7344,1,14:23:16.499224817
108.7344,6,14:23:16.517877950
108.7344,3,14:23:16.586398591
108.7344,1,14:23:16.602870468
108.7344,33,14:23:16.603120736
108.7344,1,14:23:16.603186384
108.7344,189,14:23:16.603626403
108.7344,79,14:23:16.606209409
108.7344,1,14:23:16.607964519
108.7344,1,14:23:16.607984814
108.7344,1,14:23:16.608025884
108.7344,100,14:23:16.608157973
108.7344,144,14:23:16.608227452
108.7344,1,14:23:16.608527449
108.7344,2,14:23:16.608678722
108.7344,1,14:23:16.609445736
108.7344,4,14:23:16.609511385
108.7344,16,14:23:16.609539757
108.7344,1,14:23:16.609808905
108.7344,1,14:23:16.609938290
108.7344,1,14:23:16.610668535
108.7344,16,14:23:16.610720725
108.7344,25,14:23:16.611150660
108.7344,50,14:23:16.613082411
108.7344,1,14:23:16.613268847
108.7344,1,14:23:16.613556938
108.7344,1,14:23:16.614990116
108.7344,1,14:23:16.667581426
108.7344,1,14:23:16.667767129
108.7344,1,14:23:16.667879848
108.7344,5,14:23:16.668014599
108.7344,47,14:23:16.668235778
108.7344,1,14:23:16.668424400
108.7344,1,14:23:16.668473779
108.7344,202,14:23:16.668519041
108.7344,1,14:23:16.668619568
108.7344,76,14:23:16.668668433
108.7344,16,14:23:16.668838129
108.7344,1,14:23:16.670131660
108.7344,1,14:23:16.670162134
108.7344,1,14:23:16.670191990
108.7344,1,14:23:16.670278725
108.7344,1,14:23:16.670317465
108.7344,1,14:23:16.670559288
108.7344,1,14:23:16.670596354
108.7344,9,14:23:16.670727832
108.7344,1,14:23:16.670954537
108.7344,1,14:23:16.671031470
108.7344,42,14:23:16.671066605
108.7344,1,14:23:16.671095775
108.7344,1,14:23:16.671114466
108.7344,1,14:23:16.671135007
108.7344,1,14:23:16.671162378
108.7344,1,14:23:16.671181876
108.7344,1,14:23:16.671202196
108.7344,1,14:23:16.671218664
108.7344,1,14:23:16.671237986
108.7344,1,14:23:16.671259177
108.7344,1,14:23:16.671278540
108.7344,1,14:23:16.671299488
108.7344,1,14:23:16.671319757
108.7344,28,14:23:16.671443757
108.7344,1,14:23:16.671520555
108.7344,1,14:23:16.671847950
108.7344,15,14:23:16.671881314
108.7344,1,14:23:16.672144132
108.7344,1,14:23:16.672517100
108.7344,383,14:23:16.683259888
108.7344,1,14:23:16.683441380
108.7344,1,14:23:16.683696668
108.7344,1,14:23:16.683752106
108.7344,10,14:23:16.683854947
108.7344,2,14:23:16.683928961
108.7344,1,14:23:16.683957351
108.7344,29,14:23:16.684366524
108.7344,1,14:23:16.685068283
108.7344,1,14:23:16.685187492
108.7344,1,14:23:16.685430754
108.7344,1,14:23:16.685469926
108.7344,1,14:23:16.685496543
108.7344,1,14:23:16.685528689
108.7344,1,14:23:16.685546581
108.7344,1,14:23:16.685570190
108.7344,1,14:23:16.685585602
108.7344,1,14:23:16.685609865
108.7344,1,14:23:16.685634137
108.7344,1,14:23:16.685653923
108.7344,1,14:23:16.685674538
108.7344,1,14:23:16.685692388
108.7344,56,14:23:16.685713156
108.7344,1,14:23:16.685735573
108.7344,1,14:23:16.685755932
108.7344,1,14:23:16.685775996
108.7344,1,14:23:16.685795497
108.7344,1,14:23:16.685812384
108.7344,1,14:23:16.685836916
108.7344,1,14:23:16.685859252
108.7344,1,14:23:16.685874504
108.7344,1,14:23:16.685895634
108.7344,1,14:23:16.685920204
108.7344,80,14:23:16.685952797
108.7344,1,14:23:16.685979399
108.7344,76,14:23:16.686143652
108.7344,1,14:23:16.686533359
108.7344,1,14:23:16.686554236
108.7344,1,14:23:16.686653943
108.7344,1,14:23:16.686706876
108.7344,1,14:23:16.686725347
108.7344,10,14:23:16.687964287
108.7344,1,14:23:16.688055024
108.7344,1,14:23:16.688101748
108.7344,1,14:23:16.688212436
108.7344,1,14:23:16.688912338
108.7344,1,14:23:16.688949078
108.7344,9,14:23:16.699844823
108.7344,2,14:23:16.707574329
108.7344,9,14:23:16.781523623
108.7344,10,14:23:16.807523669
108.7344,1,14:23:16.807750473
108.7344,2,14:23:20.099170766
108.7344,9,14:23:23.088046744
108.7344,9,14:23:23.126986282
108.7344,16,14:23:23.130870447
108.7344,1,14:23:23.131207679
108.7344,1,14:23:23.131368351
108.7344,10,14:23:23.149003652
108.7344,9,14:23:23.158937596
108.7344,9,14:23:23.164923434
108.7344,10,14:23:23.172973155
108.7344,1,14:23:23.173184292
108.7344,9,14:23:23.181009086
108.7344,10,14:23:23.186996461
108.7344,1,14:23:23.187199822
108.7344,9,14:23:23.192962885
108.7344,9,14:23:23.199958178
108.7344,10,14:23:23.206973454
108.7344,1,14:23:23.207180092
108.7344,9,14:23:23.214860509
108.7344,9,14:23:23.221019228
108.7344,10,14:23:23.227009723
108.7344,9,14:23:23.240047687
108.7344,10,14:23:23.769353572
108.7344,1,14:23:23.769600434
108.7344,9,14:23:23.777327006
108.7344,142,14:23:23.778013036
108.7344,42,14:23:23.778667842
108.7344,38,14:23:23.778933860
108.7344,2,14:23:23.779165363
108.7344,20,14:23:23.779289806
108.7344,4,14:23:23.779433220
108.7344,50,14:23:23.779687516
108.7344,1,14:23:23.779929086
108.7344,1,14:23:23.780311619
108.7344,1,14:23:23.781009294
108.7344,3,14:23:23.781030302
108.7344,1,14:23:23.781076294
108.7344,1,14:23:23.781104380
108.7344,1,14:23:23.781125155
108.7344,1,14:23:23.781147556
108.7344,1,14:23:23.781186753
108.7344,1,14:23:23.781206024
108.7344,1,14:23:23.781236478
108.7344,1,14:23:23.781272028
108.7344,1,14:23:23.781318689
108.7344,1,14:23:23.781350052
108.7344,1,14:23:23.781389680
108.7344,1,14:23:23.781422394
108.7344,1,14:23:23.781452006
108.7344,1,14:23:23.781482366
108.7344,1,14:23:23.781516213
108.7344,1,14:23:23.781545266
108.7344,1,14:23:23.781612176
108.7344,1,14:23:23.781645518
108.7344,1,14:23:23.781680191
108.7344,1,14:23:23.781714531
108.7344,9,14:23:23.781761585
108.7344,1,14:23:23.781800110
108.7344,14,14:23:23.781910512
108.7344,1,14:23:23.781960756
108.7344,50,14:23:23.782017883
108.7344,10,14:23:23.782090362
108.7344,1,14:23:23.782130750
108.7344,1,14:23:23.782247761
108.7344,1,14:23:23.782318549
108.7344,1,14:23:23.782409642
108.7344,4,14:23:23.782734868
108.7344,1,14:23:23.782807413
108.7344,2,14:23:23.782845747
108.7344,1,14:23:23.782873939
108.7344,1,14:23:23.782930702
108.7344,1,14:23:23.782998595
108.7344,1,14:23:23.783232942
108.7344,33,14:23:23.783420788
108.7344,1,14:23:23.783615442
108.7344,83,14:23:23.783728404
108.7344,37,14:23:23.783766229
108.7344,1,14:23:23.783813321
108.7344,55,14:23:23.784184718
108.7344,1,14:23:23.784255605
108.7344,1,14:23:23.784665614
108.7344,1,14:23:23.784743231
108.7344,2,14:23:23.784795668
108.7344,1,14:23:23.784948138
108.7344,2,14:23:23.784984852
108.7344,57,14:23:23.785135479
108.7344,1,14:23:23.785158225
108.7344,32,14:23:23.785565865
108.7344,1,14:23:23.785641542
108.7344,1,14:23:23.785683271
108.7344,1,14:23:23.785873882
108.7344,1,14:23:23.786037948
108.7344,1,14:23:23.786100373
108.7344,1,14:23:23.786578218
108.7344,1,14:23:23.786596210
108.7344,1,14:23:23.786683443
108.7344,15,14:23:23.787127228
108.7344,1,14:23:23.787590844
108.7344,13,14:23:23.788311847
108.7344,18,14:23:23.788741075
108.7344,1,14:23:23.788785930
108.7344,3,14:23:23.788822741
108.7344,1,14:23:23.788987547
108.7344,1,14:23:23.789138616
108.7344,5,14:23:23.789906267
108.7344,107,14:23:23.790097976
108.7344,1,14:23:23.790317814
108.7344,10,14:23:23.790546884
108.7344,1,14:23:23.790572599
108.7344,100,14:23:23.790603484
108.7344,1,14:23:23.790646969
108.7344,165,14:23:23.790703431
108.7344,9,14:23:23.790805891
108.7344,21,14:23:23.790860619
108.7344,1,14:23:23.791237471
108.7344,1,14:23:23.791273558
108.7344,8,14:23:23.791523537
108.7344,1,14:23:23.791616640
108.7344,1,14:23:23.791648702
108.7344,1,14:23:23.791703816
108.7344,5,14:23:23.791830446
108.7344,1,14:23:23.792042005
108.7344,1,14:23:23.793246445
108.7344,1,14:23:23.793531104
108.7344,1,14:23:23.793558327
108.7344,1,14:23:23.793584027
108.7344,1,14:23:23.793695370
108.7344,1,14:23:23.793716884
108.7344,1,14:23:23.795817288
108.7344,10,14:23:23.803360080
108.7344,1,14:23:23.803589150
108.7344,13,14:23:23.810529670
108.7344,9,14:23:24.381772632
108.7344,1,14:23:24.382016250
108.7344,1,14:23:24.382067250
108.7344,2,14:23:24.382162627
108.7344,9,14:23:24.392727997
108.7344,10,14:23:24.404457543
108.7344,1,14:23:24.404684159
108.7344,1,14:23:24.404756032
108.7344,1,14:23:24.404857842
108.7344,146,14:23:24.405399485
108.7344,1,14:23:24.405735498
