price,volume,timestamp
107.6719,9,09:45:00.262444323
107.6875,3,09:45:01.012904482
107.6719,1,09:45:01.812380745
107.6875,1,09:45:02.092652819
107.6875,802,09:45:02.145296509
107.6875,122,09:45:02.155131697
107.6875,1,09:45:02.157723253
107.6875,5,09:45:02.246203033
107.6875,1,09:45:03.807935343
107.7031,1,09:45:04.717502332
107.7031,32,09:45:04.717518271
107.7031,1,09:45:04.784962596
107.6875,25,09:45:04.974711118
107.6875,10,09:45:06.177306359
107.7031,18,09:45:07.773743623
107.6875,150,09:45:08.040165017
107.7031,18,09:45:08.136340441
107.6875,375,09:45:09.329700933
107.6875,1,09:45:09.329863349
107.6875,1,09:45:09.330041401
107.6875,3,09:45:09.330846575
107.6875,1,09:45:17.961874691
107.6875,1,09:45:17.975707594
107.6875,6,09:45:18.445451875
107.6875,2,09:45:18.445529090
107.7031,1,09:45:18.460572206
107.6875,10,09:45:18.662446778
107.6875,5,09:45:18.810231622
107.6875,2,09:45:18.867203118
107.6875,1,09:45:19.005369446
107.6875,1,09:45:19.077550981
107.6875,10,09:45:20.266716696
107.6875,1,09:45:25.040417503
107.6875,2,09:45:26.910701548
107.6875,100,09:45:29.095214253
107.6875,1,09:45:30.540676539
107.6875,1,09:45:30.904061375
107.6875,1,09:45:31.238877567
107.6875,1,09:45:31.637627933
107.6875,1,09:45:32.910840418
107.6875,94,09:45:32.911263409
107.6875,58,09:45:32.911394266
107.6875,29,09:45:32.911504063
107.6875,28,09:45:32.912083640
107.6875,123,09:45:32.912173466
107.6875,43,09:45:32.912424822
107.6875,46,09:45:32.912555511
107.6875,46,09:45:32.912775020
107.6875,43,09:45:32.912913286
107.6875,28,09:45:32.912966326
107.6875,43,09:45:32.913021620
107.6875,43,09:45:32.913138560
107.6875,4,09:45:32.913330900
107.6875,6,09:45:32.913600464
107.6875,1,09:45:32.914769851
107.6875,126,09:45:32.914825753
107.6875,5,09:45:32.916238563
107.6875,35,09:45:32.916332398
107.6875,2,09:45:32.917020821
107.6875,1,09:45:32.917380915
107.6875,1,09:45:32.918076356
107.6875,30,09:45:32.918144166
107.6875,59,09:45:32.918197472
107.6875,2,09:45:32.918270031
107.6875,1,09:45:32.918517501
107.6875,44,09:45:32.918788328
107.6875,3,09:45:32.919048203
107.6875,3,09:45:32.919147213
107.6875,5,09:45:32.919278822
107.6875,1,09:45:32.920111421
107.6875,1,09:45:32.920192776
107.6875,25,09:45:32.920585411
107.6875,2,09:45:32.921361037
107.6875,1,09:45:32.922126966
107.6875,45,09:45:32.922487847
107.6875,10,09:45:32.923079896
107.6875,9,09:45:32.923259059
107.6875,8,09:45:32.923354997
107.6875,1,09:45:32.923699820
107.6875,1,09:45:32.923825797
107.6875,1,09:45:32.923904445
107.6875,20,09:45:32.924819554
107.6875,1,09:45:32.925269589
107.6875,1,09:45:32.926232360
107.6875,20,09:45:32.927686720
107.6875,20,09:45:32.930568288
107.6875,69,09:45:32.930876012
107.6875,1,09:45:32.930927825
107.6875,1,09:45:32.931111493
107.6875,1,09:45:32.960435428
107.6875,2,09:45:32.976657038
107.6875,3,09:45:33.036131556
107.6875,10,09:45:33.966396288
107.6875,1,09:45:34.027098268
107.6875,1,09:45:34.183078161
107.6875,1,09:45:34.539098684
107.7031,9,09:45:37.075349143
107.6875,2,09:45:38.316427997
107.6875,15,09:45:38.338308424
107.6875,117,09:45:38.338825938
107.6875,1,09:45:38.342127432
107.6875,1,09:45:38.342157481
107.6875,6,09:45:39.015114020
107.6875,1,09:45:39.015327049
107.6875,1,09:45:39.015379613
107.6875,50,09:45:39.015800312
107.6875,32,09:45:39.016032621
107.6875,1,09:45:39.016160467
107.6875,1,09:45:39.018161413
107.6875,2,09:45:39.027110071
107.6875,5,09:45:39.352237979
107.6875,5,09:45:39.794409627
107.6875,3,09:45:39.811668293
107.6875,28,09:45:40.267258865
107.6875,2,09:45:40.275716485
107.6875,2,09:45:42.033960273
107.6875,20,09:45:42.034566060
107.6875,1,09:45:42.035846746
107.6875,1,09:45:42.036039956
107.6875,1,09:45:42.038014169
107.6875,10,09:45:42.038423409
107.6875,16,09:45:42.039310378
107.6875,7,09:45:42.039412866
107.6875,1,09:45:42.040120996
107.6875,1,09:45:42.040146756
107.6875,1,09:45:42.040211087
107.6875,5,09:45:42.040277251
107.6875,7,09:45:42.040347800
107.6875,1,09:45:42.040384659
107.6875,1,09:45:42.040434413
107.6875,20,09:45:42.040570562
107.6875,1,09:45:42.040977000
107.6875,13,09:45:42.041053479
107.6875,2,09:45:43.085619486
107.6875,4,09:45:43.085691610
107.6875,1,09:45:43.085742567
107.6875,1,09:45:43.085790209
107.6875,1,09:45:43.086189504
107.6875,75,09:45:43.086680579
107.6875,1,09:45:43.086981663
107.6875,1,09:45:43.087016337
107.6875,1,09:45:43.087047797
107.6875,10,09:45:43.087654116
107.6875,1,09:45:43.088258817
107.6875,1,09:45:43.088293233
107.6875,1,09:45:43.088317733
107.6875,2,09:45:43.089817046
107.6875,24,09:45:43.089963103
107.6875,1,09:45:43.090084706
107.6875,1,09:45:43.090639949
107.6875,4,09:45:43.091385200
107.6875,1,09:45:43.091502840
107.6875,17,09:45:43.091764330
107.6875,200,09:45:44.250197707
107.6875,100,09:45:47.517135150
107.6875,150,09:45:50.041629533
107.6875,1,09:45:53.034275270
107.6875,21,09:45:58.354201951
107.6875,1,09:45:58.354577412
107.6875,20,09:45:58.360287732
107.6875,1,09:45:58.360541804
107.6875,1,09:45:58.360676514
107.6875,1,09:45:58.360708486
107.6875,100,09:45:58.360871999
107.6875,1,09:45:58.361121944
107.6875,5,09:45:58.361247594
107.6875,1,09:45:58.361377837
107.6875,1,09:45:58.361533638
107.6875,7,09:45:58.361576195
107.6875,1,09:45:58.361606210
107.6875,57,09:45:58.361684499
107.6875,126,09:45:58.361684499
107.6875,1,09:45:58.361718880
107.6875,3,09:45:58.361759921
107.6875,48,09:45:58.361800524
107.6875,4,09:45:58.361930049
107.6875,1,09:45:58.362016531
107.6875,4,09:45:58.363101078
107.6875,1,09:45:58.363144033
107.6875,1,09:45:58.363221977
107.6875,1,09:45:58.363293213
107.6875,5,09:45:58.363322324
107.6875,1,09:45:58.363358872
107.6875,1,09:45:58.363393602
107.6875,1,09:45:58.363420573
107.6875,1,09:45:58.363462381
107.6875,1,09:45:58.363499621
107.6875,1,09:45:58.363571826
107.6875,3,09:45:58.363734915
107.6875,125,09:45:58.364245956
107.6875,1,09:45:58.366680872
107.6875,500,09:45:58.628981498
107.6875,43,09:45:58.629939444
107.6875,92,09:45:58.630106001
107.6875,43,09:45:58.630170088
107.6875,1,09:45:58.630255983
107.6875,1,09:45:58.630320527
107.6875,46,09:45:58.630354956
107.6875,1,09:45:58.630392601
107.6875,1,09:45:58.630424986
107.6875,1,09:45:58.630455934
107.6875,1,09:45:58.630486027
107.6875,1,09:45:58.630580593
107.6875,1,09:45:58.630608500
107.6875,1,09:45:58.630640664
107.6875,1,09:45:58.630686057
107.6875,1,09:45:58.630706512
107.6875,1,09:45:58.630743955
107.6875,1,09:45:58.630772017
107.6875,1,09:45:58.630841327
107.6875,1,09:45:58.630877763
107.6875,1,09:45:58.630901758
107.6875,1,09:45:58.630934053
107.6875,1,09:45:58.630969589
107.6875,1,09:45:58.630990783
107.6875,27,09:45:58.631024121
107.6875,1,09:45:58.631071876
107.6875,43,09:45:58.631128450
107.6875,1,09:45:58.631128450
107.6875,46,09:45:58.631256686
107.6875,33,09:45:58.631326680
107.6875,1,09:45:58.632977841
107.6875,12,09:45:58.633012478
107.6875,1,09:45:58.633085504
107.6875,1,09:45:58.633110673
107.6875,1,09:45:58.633242179
107.6875,92,09:45:58.633619528
107.6875,1,09:45:58.634111544
107.6875,1,09:45:58.634335315
107.6875,1,09:45:58.634734555
107.6875,1,09:45:58.634785282
107.6875,13,09:45:58.634991526
107.6875,1,09:45:58.635409429
107.6875,9,09:45:58.636355448
107.6875,1,09:45:58.636544992
107.6875,1,09:45:58.636754890
107.6875,1,09:45:58.637269912
107.6875,1,09:45:58.638280825
107.6875,1,09:45:58.638573122
107.6875,1,09:45:58.638590082
107.6875,8,09:45:59.567411326
107.6719,1,09:46:00.636991927
107.6875,375,09:46:00.973933684
107.6875,35,09:46:00.974782584
107.6875,1,09:46:00.974817062
107.6875,1,09:46:00.974853969
107.6875,1,09:46:00.974965196
107.6875,2,09:46:00.975146271
107.6875,13,09:46:00.975268344
107.6875,28,09:46:00.980791083
107.6875,1,09:46:00.981345799
107.6875,1,09:46:00.981659875
107.6875,2,09:46:00.983060850
107.6875,1,09:46:00.983166018
107.6875,1,09:46:01.981700949
107.6875,3,09:46:06.659906893
107.6875,1,09:46:07.816954525
107.7031,4,09:46:08.542921817
107.7031,7,09:46:11.814669258
107.6875,1,09:46:13.878446693
107.6875,83,09:46:13.878640623
107.6875,4,09:46:13.878689834
107.6875,55,09:46:13.878917554
107.6875,1,09:46:13.879092914
107.6875,17,09:46:13.879221435
107.6875,7,09:46:13.886605210
107.6875,4,09:46:13.887277464
107.6875,18,09:46:13.908539887
107.6875,5,09:46:13.914448186
107.6875,4,09:46:13.947415851
107.6875,1,09:46:14.193881848
107.6875,7,09:46:20.116734663
107.6719,1,09:46:21.037538430
107.6719,11,09:46:26.801064693
107.6875,1,09:46:26.805276724
107.6875,1,09:46:26.823263999
107.6719,1,09:46:29.605569932
107.6719,7,09:46:30.919644795
107.6719,2,09:46:30.919846229
107.6719,1,09:46:30.919868899
107.6719,1,09:46:30.919957118
107.6719,2,09:46:30.919983195
107.6719,57,09:46:30.920679529
107.6719,1,09:46:30.920823375
107.6719,1,09:46:30.920943716
107.6719,100,09:46:30.921193514
107.6719,35,09:46:30.921352702
107.6719,30,09:46:30.921521594
107.6719,12,09:46:30.921617590
107.6719,46,09:46:30.923000760
107.6719,9,09:46:30.923800021
107.6719,1,09:46:30.925302167
107.6719,1,09:46:30.925410963
107.6719,31,09:46:30.925440800
107.6719,70,09:46:30.925488439
107.6719,2,09:46:30.925533717
107.6719,1,09:46:30.925632339
107.6719,1,09:46:30.925695287
107.6719,20,09:46:30.925761139
107.6719,29,09:46:30.925799949
107.6719,1,09:46:30.925904015
107.6719,8,09:46:30.926176776
107.6719,1,09:46:30.926262737
107.6719,1,09:46:30.926412813
107.6875,1,09:46:30.926893514
107.6719,1,09:46:30.927175341
107.6719,9,09:46:30.928605251
107.6719,18,09:46:30.929466277
107.6719,1,09:46:30.929573213
107.6719,5,09:46:30.929586807
107.6719,37,09:46:30.929609565
107.6719,1,09:46:30.929955066
107.6719,1,09:46:30.930213418
107.6719,1,09:46:30.930255390
107.6719,1,09:46:30.930293100
107.6719,14,09:46:30.931173840
107.6719,1,09:46:30.931352904
107.6719,1,09:46:30.934534613
107.6719,11,09:46:30.934719468
107.6719,1,09:46:30.934935110
107.6719,1,09:46:30.935113514
107.6719,30,09:46:30.949575557
107.6719,1,09:46:30.949738440
107.6719,1,09:46:30.949781176
107.6719,21,09:46:30.949929267
107.6719,12,09:46:30.950199291
107.6719,4,09:46:30.950432285
107.6719,1,09:46:30.950790292
107.6719,1,09:46:30.958698634
107.6719,1,09:46:30.958915003
107.6875,14,09:46:30.980380039
107.6719,10,09:46:31.019295750
107.6875,10,09:46:31.027274529
107.6719,3,09:46:31.037072270
107.6875,1,09:46:31.049429643
107.6719,10,09:46:33.918489583
107.6719,1,09:46:33.918682606
107.6875,1,09:46:33.922673243
107.6875,1,09:46:37.058508180
107.6719,5,09:46:38.817967174
107.6719,1,09:46:38.818332513
107.6719,17,09:46:38.818462068
107.6719,1,09:46:38.818849387
107.6719,1,09:46:38.818880981
107.6719,1,09:46:38.818903689
107.6719,1,09:46:38.818941357
107.6719,1,09:46:38.818958065
107.6719,1,09:46:38.818976253
107.6719,1,09:46:38.819007025
107.6719,1,09:46:38.819034036
107.6719,1,09:46:38.819064827
107.6719,1,09:46:38.819095032
107.6719,1,09:46:38.819132052
107.6719,1,09:46:38.819150046
107.6719,1,09:46:38.819177186
107.6719,1,09:46:38.819204767
107.6719,1,09:46:38.819226192
107.6719,1,09:46:38.819257430
107.6719,1,09:46:38.819279515
107.6719,1,09:46:38.819310020
107.6719,1,09:46:38.819363199
107.6719,5,09:46:38.819414003
107.6719,67,09:46:38.819635304
107.6719,1,09:46:38.820868922
107.6719,100,09:46:40.307350418
107.6719,218,09:46:40.308626499
107.6719,20,09:46:41.226626396
107.6719,1,09:46:41.226779855
107.6719,1,09:46:41.226843206
107.6719,1,09:46:41.226885661
107.6719,1,09:46:41.226992070
107.6719,1,09:46:41.227022393
107.6719,1,09:46:41.227054599
107.6719,1,09:46:41.227122047
107.6719,1,09:46:41.227191626
107.6719,1,09:46:41.227257288
107.6719,1,09:46:41.227281621
107.6719,1,09:46:41.227317882
107.6719,1,09:46:41.227356704
107.6719,1,09:46:41.227416222
107.6719,1,09:46:41.227464607
107.6719,1,09:46:41.227491930
107.6719,1,09:46:41.227530500
107.6719,1,09:46:41.227565503
107.6719,1,09:46:41.227657597
107.6719,2,09:46:41.227774832
107.6719,1,09:46:41.227978551
107.6719,23,09:46:41.228900838
107.6719,73,09:46:41.228980814
107.6719,5,09:46:41.229278558
107.6719,2,09:46:41.229331218
107.6719,1,09:46:41.229522342
107.6719,1,09:46:41.229862327
107.6563,10,09:46:48.156433111
107.6563,1,09:46:48.185293202
107.6719,2,09:46:48.194366835
107.6719,35,09:46:48.194789365
107.6719,1,09:46:48.194855581
107.6719,1,09:46:48.195125970
107.6719,5,09:46:48.195528827
107.6719,1,09:46:48.195554443
107.6719,5,09:46:48.195805530
107.6719,1,09:46:48.195947869
107.6719,1,09:46:48.218726665
107.6563,1,09:46:49.027193785
107.6719,150,09:46:49.218358368
107.6719,1,09:46:49.218906284
107.6719,1,09:46:49.218933359
107.6719,1,09:46:49.218994816
107.6719,1,09:46:49.219204946
107.6719,1,09:46:49.219282949
107.6719,18,09:46:49.219701429
107.6719,20,09:46:49.236437272
107.6719,56,09:46:49.236737793
107.6719,2,09:46:49.236870077
107.6719,2,09:46:49.237835444
107.6719,1,09:46:49.238028069
107.6719,35,09:46:49.238123645
107.6719,1,09:46:49.238817902
107.6719,1,09:46:49.238835189
107.6719,1,09:46:49.238972037
107.6719,1,09:46:50.616404807
107.6719,1,09:46:50.616758149
107.6719,1,09:46:50.624861516
107.6719,5,09:46:53.062014697
107.6719,24,09:46:53.092629908
107.6719,10,09:46:55.989014622
107.6719,100,09:46:58.771033002
107.6719,1,09:46:58.801683692
107.6719,5,09:46:58.890503686
107.6719,4,09:46:58.890689974
107.6719,30,09:46:58.890775813
107.6719,24,09:46:58.890964610
107.6719,7,09:46:58.891070811
107.6719,1,09:46:58.891070811
107.6719,1,09:46:58.891135868
107.6719,3,09:46:58.891324479
107.6719,1,09:46:58.891356144
107.6719,6,09:46:58.891521756
107.6719,1,09:46:58.891805334
107.6719,1,09:46:58.891843741
107.6719,1,09:46:58.891873210
107.6719,1,09:46:58.891891896
107.6719,1,09:46:58.891925576
107.6719,1,09:46:58.891974551
107.6719,1,09:46:58.892016382
107.6719,1,09:46:58.892051746
107.6719,1,09:46:58.892081516
107.6719,1,09:46:58.892108364
107.6719,1,09:46:58.892190535
107.6719,1,09:46:58.892212283
107.6719,1,09:46:58.892245573
107.6719,1,09:46:58.892276447
107.6719,1,09:46:58.892310298
107.6719,1,09:46:58.892335200
107.6719,1,09:46:58.892361921
107.6719,1,09:46:58.892394949
107.6719,1,09:46:58.892426470
107.6719,1,09:46:58.892466678
107.6719,1,09:46:58.892487293
107.6719,1,09:46:58.892608682
107.6719,1,09:46:58.892756483
107.6719,17,09:46:58.893761393
107.6719,10,09:47:04.492043672
107.6719,9,09:47:05.737250601
107.6875,2,09:47:12.135772765
107.6719,50,09:47:15.731103877
107.6875,3,09:47:15.795630733
107.6719,1,09:47:16.033431657
107.6719,50,09:47:18.323363053
107.6719,250,09:47:27.136404435
107.6719,1,09:47:27.138999313
107.6719,2,09:47:27.143507328
107.6719,4,09:47:27.143875412
107.6719,1,09:47:27.143951516
107.6719,181,09:47:27.203884892
107.6719,1,09:47:27.205994436
107.6719,100,09:47:29.632064635
107.6719,1,09:47:30.041175213
107.6719,46,09:47:30.041820509
107.6719,1,09:47:30.042079311
107.6719,5,09:47:30.042188459
107.6719,1,09:47:30.042348821
107.6719,6,09:47:30.042435616
107.6719,1,09:47:30.042496968
107.6563,1,09:47:30.842067728
107.6563,22,09:47:32.716718444
107.6563,19,09:47:37.970314570
107.6563,1,09:47:44.047012477
107.6719,2,09:47:46.983068609
107.6719,181,09:47:57.255779425
107.6719,1,09:47:57.256327211
107.6719,1,09:47:57.256788494
107.6719,184,09:47:57.265595874
107.6719,1,09:47:57.266407334
107.6719,1,09:47:57.266950916
107.6719,1,09:47:57.267122885
107.6719,1,09:47:57.267160360
107.6719,1,09:47:57.267366972
107.6719,2,09:47:57.268742789
107.6719,2,09:47:57.268797984
107.6719,2,09:47:57.268872721
107.6719,2,09:47:57.269047432
107.6719,49,09:47:57.271250363
107.6719,1,09:47:57.271409333
107.6719,8,09:47:57.272197051
107.6719,1,09:47:57.272387673
107.6719,27,09:47:57.273722042
107.6719,8,09:47:57.274282261
107.6719,3,09:47:57.274347831
107.6719,2,09:47:57.275701346
107.6719,7,09:47:57.303777294
107.6719,7,09:48:00.120646378
107.6719,1,09:48:00.905535080
107.6719,1,09:48:00.920380596
107.6719,1,09:48:01.002965871
107.6719,2,09:48:04.215771965
107.6563,1,09:48:10.675573762
107.6563,1,09:48:12.038913507
107.6563,10,09:48:24.075791843
107.6719,9,09:48:25.565999052
107.6719,9,09:48:26.973053911
107.6563,9,09:48:30.339285289
107.6563,1,09:48:37.703665218
107.6719,2,09:48:38.822501824
107.6719,46,09:48:38.822732123
107.6719,30,09:48:38.824095343
107.6719,31,09:48:38.824260301
107.6719,104,09:48:38.824580737
107.6719,1,09:48:38.824986909
107.6719,1,09:48:38.825065754
107.6719,5,09:48:38.825111093
107.6719,11,09:48:38.825143900
107.6719,24,09:48:38.825375547
107.6719,37,09:48:38.825436207
107.6719,8,09:48:38.825527633
107.6719,54,09:48:38.825541288
107.6719,2,09:48:38.825581569
107.6719,1,09:48:38.825603228
107.6719,2,09:48:38.825631542
107.6719,2,09:48:38.825941561
107.6719,1,09:48:38.825941561
107.6719,1,09:48:38.826112342
107.6719,1,09:48:38.826211381
107.6719,1,09:48:38.826357470
107.6719,2,09:48:38.826392929
107.6719,1,09:48:38.826510453
107.6719,30,09:48:38.826666231
107.6719,2,09:48:38.826704959
107.6719,21,09:48:38.826826465
107.6719,1,09:48:38.828827740
107.6719,19,09:48:38.830203202
107.6719,1,09:48:38.832276499
107.6719,2,09:48:38.832518340
107.6719,16,09:48:38.834324476
107.6719,1,09:48:38.834529648
107.6719,1,09:48:38.834582900
107.6719,6,09:48:38.834709452
107.6719,46,09:48:38.835785270
107.6719,1,09:48:38.835936797
107.6719,46,09:48:39.509827213
107.6719,46,09:48:39.509929565
107.6719,33,09:48:39.510075266
107.6719,46,09:48:39.510228540
107.6719,46,09:48:39.510436912
107.6719,12,09:48:39.514652376
107.6719,3,09:48:39.581598977
107.6719,2,09:48:39.651018095
107.6719,1,09:48:40.031788069
107.6719,9,09:48:40.474785685
107.6719,1,09:48:40.474965213
107.6719,1,09:48:40.475104803
107.6719,10,09:48:40.541713214
107.6719,9,09:48:40.565704226
107.6719,1,09:48:40.565931063
107.6719,10,09:48:40.590761440
107.6719,1,09:48:40.590931894
107.6719,1,09:48:40.591001476
107.6719,9,09:48:40.613731193
107.6719,1,09:48:40.614111563
107.6719,9,09:48:40.639761946
107.6719,1,09:48:40.640023094
107.6719,13,09:48:41.820447785
107.6719,1,09:48:41.820764481
107.6875,1,09:48:47.190148939
107.6875,3,09:48:53.947447316
107.6875,7,09:49:00.006917106
107.6719,1,09:49:00.719902517
107.6875,4,09:49:01.312680770
107.6719,1,09:49:02.046457479
107.6719,10,09:49:03.439250264
107.6719,1,09:49:03.439502022
107.6719,50,09:49:04.329795234
107.6719,15,09:49:04.330331278
107.6719,1,09:49:04.330518330
107.6719,1,09:49:04.330592652
107.6719,5,09:49:04.330851989
107.6719,2,09:49:04.330929693
107.6719,46,09:49:04.331143137
107.6719,5,09:49:04.331183749
107.6719,2,09:49:04.331201593
107.6719,5,09:49:04.331254563
107.6719,2,09:49:04.331308952
107.6719,2,09:49:04.331371638
107.6719,1,09:49:04.331406509
107.6719,49,09:49:04.331648341
107.6719,1,09:49:06.928530195
107.6563,1,09:49:07.034098230
107.6563,4,09:49:07.034111113
107.6719,175,09:49:08.439765706
107.6719,9,09:49:08.536018868
107.6719,46,09:49:08.537253692
107.6719,1,09:49:08.537548960
107.6719,31,09:49:08.537981448
107.6719,1,09:49:17.583667357
107.6563,4,09:49:26.201756645
107.6719,1,09:49:27.148254478
107.6719,1,09:49:29.684997929
107.6719,4,09:49:29.685643395
107.6719,2,09:49:29.686665576
107.6719,2,09:49:29.686809144
107.6719,122,09:49:30.575361118
107.6719,2,09:49:30.577992973
107.6719,1,09:49:30.578659252
107.6719,1,09:49:30.578780681
107.6719,2,09:49:30.640313970
107.6719,2,09:49:30.640547783
107.6719,7,09:49:30.640781711
107.6719,1,09:49:30.641116130
107.6719,24,09:49:30.682369733
107.6719,1,09:49:30.682617347
107.6719,1,09:49:30.682674522
107.6719,1,09:49:30.682717000
107.6719,1,09:49:30.682786457
107.6719,1,09:49:30.682791488
107.6719,1,09:49:30.682860913
107.6719,1,09:49:30.682892827
107.6719,1,09:49:30.682931075
107.6719,1,09:49:30.682963805
107.6719,1,09:49:30.682995909
107.6719,1,09:49:30.683166673
107.6719,1,09:49:30.683209381
107.6719,1,09:49:30.683283127
107.6719,7,09:49:30.683344709
107.6719,1,09:49:30.783600867
107.6563,2,09:49:31.454855606
107.6563,1,09:49:35.041813181
107.6719,23,09:49:41.020973919
107.6719,1,09:49:41.021166528
107.6719,22,09:49:41.021255723
107.6719,6,09:49:41.021306767
107.6719,1,09:49:41.021346995
107.6719,1,09:49:41.021364493
107.6719,1,09:49:41.021534990
107.6719,1,09:49:41.021571368
107.6719,1,09:49:41.021631599
107.6719,1,09:49:41.021706398
107.6719,18,09:49:41.022010400
107.6719,5,09:49:41.023406010
107.6719,1,09:49:41.023502568
107.6719,1,09:49:41.023590106
107.6719,5,09:49:41.023625105
107.6719,1,09:49:41.023816556
107.6719,1,09:49:41.024260808
107.6719,1,09:49:41.025139213
107.6719,1,09:49:41.025595552
107.6719,6,09:49:41.025934684
107.6719,7,09:49:41.026029612
107.6719,2,09:49:41.026189160
107.6719,2,09:49:41.026550112
107.6719,2,09:49:41.026949128
107.6719,2,09:49:41.027019094
107.6719,1,09:49:41.027391213
107.6719,1,09:49:41.125614881
107.6719,28,09:49:41.125884035
107.6875,1,09:49:56.113797567
107.6875,2,09:49:56.113823237
107.6875,2,09:49:56.113864454
107.6875,3,09:49:56.113907694
107.6875,95,09:49:56.124586840
107.6875,39,09:49:56.125398147
107.6875,51,09:49:56.125536457
107.6875,1,09:49:56.125593337
107.6875,1,09:49:56.125652075
107.6875,1,09:49:56.125686904
107.6875,5,09:49:56.125737626
107.6875,4,09:49:56.125771293
107.6875,46,09:49:56.127188739
107.6875,1,09:49:56.129296427
107.6875,1,09:49:56.129354131
107.6875,2,09:49:56.129562753
107.6875,1,09:49:56.129598142
107.6875,34,09:49:56.130480762
107.6875,1,09:49:56.130527312
107.6875,1,09:49:56.130557611
107.6875,2,09:49:56.130605599
107.6875,1,09:49:56.130670932
107.6875,1,09:49:56.130718744
107.6875,1,09:49:56.130901816
107.6875,1,09:49:56.130962362
107.6875,5,09:49:56.130982577
107.6875,2,09:49:56.172584070
107.6875,13,09:49:56.197055819
107.6875,6,09:49:56.283540377
107.6875,100,09:49:57.201374002
107.6875,7,09:49:57.709282037
107.6875,3,09:50:01.551176359
107.7031,41,09:50:01.642504181
107.7031,1,09:50:01.642518110
107.7031,5,09:50:01.667596502
107.7031,24,09:50:01.675595258
107.7031,39,09:50:01.716645071
107.7031,5,09:50:01.753733286
107.7031,10,09:50:01.785357988
107.7031,1,09:50:01.851125035
107.7031,6,09:50:01.907717454
107.6875,1,09:50:04.025801955
107.6875,1,09:50:04.138458583
107.7031,1,09:50:06.452337732
107.6875,1,09:50:11.664579680
107.7031,2,09:50:12.532970551
107.7031,2,09:50:12.533585057
107.7031,8,09:50:12.534100913
107.7031,10,09:50:12.534535341
107.7031,2,09:50:12.535876597
107.7031,2,09:50:12.535947047
107.7031,35,09:50:12.536086451
107.7031,1,09:50:12.536173349
107.7031,2,09:50:12.536197707
107.7031,2,09:50:12.536213580
107.7031,99,09:50:12.536327192
107.7031,2,09:50:12.536362972
107.7031,42,09:50:12.536478139
107.7031,1,09:50:12.536859072
107.7031,2,09:50:12.537090551
107.7031,2,09:50:12.537368087
107.7031,1,09:50:12.537883236
107.7031,1,09:50:12.537904254
107.7031,1,09:50:12.537928078
107.7031,28,09:50:12.537955903
107.7031,1,09:50:12.537997507
107.7031,1,09:50:12.538009184
107.7031,1,09:50:12.538028574
107.7031,1,09:50:12.538051297
107.7031,1,09:50:12.538066677
107.7031,1,09:50:12.538090913
107.7031,1,09:50:12.538110053
107.7031,1,09:50:12.538127737
107.7031,1,09:50:12.538156839
107.7031,1,09:50:12.538176743
107.7031,1,09:50:12.538195908
107.7031,1,09:50:12.538217998
107.7031,1,09:50:12.538237467
107.7031,1,09:50:12.538260700
107.7031,1,09:50:12.538284201
107.7031,1,09:50:12.538300989
107.7031,1,09:50:12.538320055
107.7031,1,09:50:12.538343857
107.7031,16,09:50:12.538383387
107.7031,11,09:50:12.538425999
107.7031,1,09:50:12.538445673
107.7031,1,09:50:12.538502004
107.7031,4,09:50:12.538546600
107.7031,5,09:50:12.538742370
107.7031,1,09:50:12.538794365
107.7031,1,09:50:12.538818589
107.7031,2,09:50:12.539209893
107.7031,1,09:50:12.539234982
107.7031,5,09:50:12.539269731
107.7031,17,09:50:12.539345967
107.7031,5,09:50:12.539474401
107.7031,1,09:50:12.539625246
107.7031,2,09:50:12.539819403
107.7031,9,09:50:12.540171301
107.7031,1,09:50:12.540309922
107.7031,1,09:50:12.540358166
107.7031,2,09:50:12.540377338
107.7031,12,09:50:12.540492309
107.7031,1,09:50:12.540535149
107.7031,144,09:50:12.541324173
107.7031,21,09:50:12.542100153
107.7031,7,09:50:12.542372271
107.7031,1,09:50:12.542854658
107.7031,2,09:50:12.542877057
107.7031,3,09:50:12.545550697
107.7031,1,09:50:12.545578774
107.7031,1,09:50:12.545659381
107.7031,1,09:50:12.546285652
107.7031,1,09:50:12.546841040
107.7031,28,09:50:12.547283314
107.7031,270,09:50:12.549871005
107.7031,1,09:50:12.550658480
107.7031,1,09:50:12.551798481
107.7031,5,09:50:12.551837169
107.7031,1,09:50:12.552313493
107.7031,1,09:50:12.552366105
107.7031,1,09:50:12.552791140
107.7031,10,09:50:12.552814818
107.7031,5,09:50:12.554026683
107.7031,122,09:50:12.554199409
107.7031,6,09:50:12.554782522
107.7031,1,09:50:12.554928550
107.7031,3,09:50:12.554976746
107.7031,1,09:50:12.555006562
107.7031,1,09:50:12.555026725
107.7031,1,09:50:12.555085661
107.7031,2,09:50:12.555139758
107.7031,22,09:50:12.555882016
107.7031,4,09:50:12.556400420
107.7031,6,09:50:12.556468847
107.7031,1,09:50:12.556586529
107.7031,1,09:50:12.556683606
107.7031,1,09:50:12.556746536
107.7031,10,09:50:12.557440777
107.7031,1,09:50:12.558451678
107.7031,1,09:50:12.581912443
107.7031,1,09:50:14.072307498
107.7031,46,09:50:14.072453575
107.7031,3,09:50:14.072521927
107.7031,46,09:50:14.072611520
107.7031,46,09:50:14.073023769
107.7188,1,09:50:15.297827987
107.7188,1,09:50:15.301458432
107.7188,1,09:50:15.465928524
107.7031,4,09:50:20.262590755
107.7188,4,09:50:21.418075141
107.7188,52,09:50:25.617066570
107.7188,1,09:50:26.825496552
107.7188,1,09:50:28.836271125
107.7188,9,09:50:36.696727391
107.7031,1,09:50:36.720361482
107.7031,200,09:50:36.720375415
107.7031,2,09:50:37.823260705
107.7031,2,09:50:37.823428071
107.7031,2,09:50:37.823474484
107.7031,2,09:50:37.823560084
107.7031,5,09:50:37.823617598
107.7031,2,09:50:37.823617598
107.7031,1,09:50:37.824953658
107.7031,1,09:50:37.825229439
107.7031,1,09:50:37.825303364
107.7031,1,09:50:37.825565589
107.7031,1,09:50:37.825732365
107.7031,1,09:50:37.825856914
107.7031,1,09:50:37.826359440
107.7031,5,09:50:37.826406154
107.7031,30,09:50:37.826852474
107.7031,5,09:50:37.827017360
107.7031,2,09:50:37.827034180
107.7031,5,09:50:37.827496192
107.7031,102,09:50:37.828436329
107.7031,1,09:50:37.830343514
107.7031,1,09:50:37.830467020
107.7031,2,09:50:37.830579541
107.7031,182,09:50:37.830757555
107.7031,1,09:50:37.831356757
107.7031,1,09:50:37.831585923
107.7031,46,09:50:37.832746359
107.7031,46,09:50:37.832773416
107.7031,46,09:50:37.833151262
107.7031,1,09:50:37.836369476
107.7031,1,09:50:37.836567662
107.7031,70,09:50:37.838922240
107.7031,5,09:50:37.838967400
107.7031,13,09:50:37.839119019
107.7031,7,09:50:37.839138194
107.7031,14,09:50:37.839230174
107.7031,8,09:50:37.839278689
107.7031,1,09:50:37.841538639
107.7031,1,09:50:37.841878632
107.7031,8,09:50:37.842003427
107.7031,2,09:50:37.842140623
107.7031,46,09:50:37.842169583
107.7031,6,09:50:37.842210531
107.7031,3,09:50:37.842281480
107.7031,16,09:50:37.842617109
107.7031,1,09:50:37.843272835
107.7031,46,09:50:37.843475456
107.7031,12,09:50:37.843860488
107.7031,1,09:50:37.843919375
107.7031,1,09:50:37.844044923
107.7031,12,09:50:37.844281009
107.7031,23,09:50:37.844400073
107.7031,9,09:50:37.844447290
107.7031,19,09:50:37.844620200
107.7031,41,09:50:37.844712297
107.7031,1,09:50:37.847242882
107.7031,1,09:50:37.847292272
107.7031,1,09:50:37.847322890
107.7031,1,09:50:37.847347633
107.7031,28,09:50:37.847541580
107.7031,1,09:50:37.847705657
107.7031,8,09:50:37.848015746
107.7031,1,09:50:37.849845969
107.7031,1,09:50:37.850370908
107.7031,1,09:50:37.851205027
107.7031,1,09:50:37.851390551
107.7031,1,09:50:37.985618262
107.7031,1,09:50:38.005259559
107.7031,1,09:50:38.005370774
107.7031,1,09:50:38.005468427
107.7031,1,09:50:39.273995071
107.6875,1,09:50:40.049791256
107.7031,1,09:50:40.654582740
107.7031,4,09:50:43.642745487
107.7031,1,09:50:44.105814622
107.7031,1,09:50:44.170209393
107.6875,2,09:50:52.422702325
107.6875,2,09:51:00.022854646
107.6875,1,09:51:00.024111321
107.6875,80,09:51:00.024946349
107.6875,2,09:51:00.025325801
107.6875,1,09:51:00.026023898
107.6875,2,09:51:00.026051931
107.6875,8,09:51:00.026076226
107.6875,1,09:51:00.026112367
107.6875,8,09:51:00.026177297
107.6875,3,09:51:00.026222757
107.6875,1,09:51:00.026242351
107.6875,5,09:51:00.026271452
107.6875,3,09:51:00.026315018
107.6875,2,09:51:00.026351268
107.6875,1,09:51:00.026415650
107.6875,2,09:51:00.026436800
107.6875,1,09:51:00.026544606
107.6875,2,09:51:00.026577724
107.6875,14,09:51:00.026632789
107.6875,6,09:51:00.026690602
107.6875,2,09:51:00.026757126
107.6875,12,09:51:00.026841608
107.6875,1,09:51:00.027996562
107.6875,3,09:51:00.028339478
107.6875,1,09:51:00.028599537
107.6875,3,09:51:00.029871708
107.6875,1,09:51:00.030075487
107.6875,1,09:51:00.031241367
107.6875,1,09:51:00.031436651
107.6875,1,09:51:00.031693220
107.6875,1,09:51:00.032527957
107.6875,1,09:51:00.033686133
107.6875,1,09:51:00.036762122
107.6719,2,09:51:00.051282548
107.6719,16,09:51:00.065912770
107.6719,16,09:51:00.094292068
107.6875,42,09:51:00.670967029
107.6875,6,09:51:00.701367799
107.6875,24,09:51:00.735082219
107.6875,39,09:51:00.768132869
107.6875,5,09:51:00.801437654
107.6875,11,09:51:00.831849938
107.6875,1,09:51:00.897661453
107.6875,7,09:51:00.955020938
107.6875,1,09:51:01.789171428
107.6875,30,09:51:04.928843062
107.6875,1,09:51:06.973905347
107.6719,1,09:51:12.121732277
107.6719,1,09:51:16.028506794
107.6875,20,09:51:16.372985609
107.6719,1,09:51:24.015335065
107.6719,151,09:51:25.201918865
107.6719,301,09:51:25.202053037
107.6719,7,09:51:25.202053037
107.6719,244,09:51:25.202717710
107.6719,10,09:51:25.203974871
107.6719,3,09:51:25.206018788
107.6719,25,09:51:25.206084130
107.6719,1,09:51:25.211057117
107.6719,1,09:51:25.211125125
107.6719,7,09:51:25.213115172
107.6719,1,09:51:25.213151995
107.6563,2,09:51:29.574441641
107.6563,92,09:51:29.574511825
107.6563,272,09:51:29.574831797
107.6563,1134,09:51:29.575382278
107.6563,1,09:51:29.575876659
107.6563,1,09:51:29.575963144
107.6563,1,09:51:29.575995718
107.6563,82,09:51:29.576053453
107.6563,1,09:51:29.582105243
107.6563,1,09:51:29.582370304
107.6563,1,09:51:29.583406648
107.6563,58,09:51:29.587294445
107.6563,712,09:51:29.592508502
107.6563,6,09:51:29.593469828
107.6563,1,09:51:29.593829883
107.6563,1,09:51:29.594776846
107.6563,5,09:51:29.595205578
107.6563,1,09:51:29.595281944
107.6563,1,09:51:29.595348489
107.6563,1,09:51:29.595625302
107.6563,1,09:51:29.595752898
107.6563,1,09:51:29.596101241
107.6563,1,09:51:29.598246856
107.6563,1,09:51:29.598450204
107.6563,1,09:51:29.598705786
107.6563,3,09:51:29.600444817
107.6563,9,09:51:29.612114992
107.6563,50,09:51:29.612527599
107.6563,179,09:51:29.612863567
107.6563,2,09:51:29.613167822
107.6563,1,09:51:29.615785171
107.6563,89,09:51:29.616693091
107.6563,35,09:51:29.621064242
107.6406,22,09:51:33.019680952
107.6563,10,09:51:35.176575059
107.6563,37,09:51:35.177160021
107.6563,1,09:51:35.177201574
107.6563,2,09:51:35.177231210
107.6563,54,09:51:35.177449269
107.6563,30,09:51:35.177890523
107.6563,1,09:51:35.177953000
107.6563,3,09:51:35.177953000
107.6563,5,09:51:35.177998240
107.6563,2,09:51:35.178045795
107.6563,2,09:51:35.178074999
107.6563,2,09:51:35.178114171
107.6563,2,09:51:35.178179056
107.6563,2,09:51:35.178220942
107.6563,2,09:51:35.178267202
107.6563,4,09:51:35.178350618
107.6563,2,09:51:35.178382856
107.6563,4,09:51:35.178668212
107.6563,5,09:51:35.178752505
107.6563,27,09:51:35.178788035
107.6563,46,09:51:35.178871857
107.6563,5,09:51:35.178954287
107.6563,3,09:51:35.178996910
107.6563,3,09:51:35.179051336
107.6563,1,09:51:35.179080165
107.6563,28,09:51:35.179385560
107.6563,10,09:51:35.179862901
107.6563,4,09:51:35.179888950
107.6563,1,09:51:35.179912400
107.6563,1,09:51:35.179935117
107.6563,23,09:51:35.179978270
107.6563,1,09:51:35.180004463
107.6563,1,09:51:35.180046096
107.6563,4,09:51:35.180063446
107.6563,5,09:51:35.180177772
107.6563,2,09:51:35.180216851
107.6563,2,09:51:35.180252567
107.6563,2,09:51:35.180288961
107.6563,2,09:51:35.180340114
107.6406,4,09:51:35.330291300
107.6406,7,09:51:38.198270039
107.6563,1,09:51:41.918983916
107.6563,2,09:51:41.919087487
107.6563,4,09:51:41.919242751
107.6563,35,09:51:41.919547012
107.6563,1,09:51:41.919839764
107.6563,129,09:51:41.920287206
107.6563,1,09:51:41.921602453
107.6563,1,09:51:41.922954058
107.6563,1,09:51:41.923143223
107.6563,1,09:51:41.923613885
107.6563,2,09:51:41.937650432
107.6563,1,09:51:41.937844942
107.6563,85,09:51:41.938183029
107.6563,1,09:51:42.165560723
107.6563,100,09:51:46.958557219
107.6406,1,09:51:53.042327354
107.6563,7,09:51:53.732363194
107.6563,1,09:51:55.250029187
107.6563,44,09:52:11.789002313
107.6563,1,09:52:12.889264885
107.6563,1,09:52:18.169587581
107.6563,8,09:52:25.925173465
107.6563,20,09:52:27.054350250
107.6563,1,09:52:28.123857823
107.6406,1,09:52:29.037599640
107.6406,30,09:52:29.583633322
107.6406,3,09:52:37.379118360
107.6406,24,09:52:37.711085885
107.6563,1,09:52:41.968777481
107.6406,24,09:52:53.471251475
107.6406,1,09:52:58.085782098
107.6406,3,09:52:59.324105887
107.6563,5,09:53:01.407573827
107.6563,6,09:53:01.407604663
107.6563,1,09:53:01.410640437
107.6563,1,09:53:01.413651976
107.6563,5,09:53:01.466934712
107.6563,27,09:53:01.467097912
107.6563,1,09:53:01.467160601
107.6563,293,09:53:01.467765152
107.6563,2,09:53:01.468628010
107.6563,98,09:53:01.468728361
107.6563,1,09:53:01.479838481
107.6563,100,09:53:01.480180250
107.6563,2,09:53:01.480249308
107.6563,4,09:53:01.480314942
107.6563,2,09:53:01.480394419
107.6563,1,09:53:01.480510789
107.6563,1,09:53:01.480552786
107.6563,1,09:53:01.480589901
107.6563,1,09:53:01.480652273
107.6563,1,09:53:01.480682849
107.6563,1,09:53:01.480705944
107.6563,1,09:53:01.480769357
107.6563,1,09:53:01.480800826
107.6563,1,09:53:01.480827928
107.6563,1,09:53:01.480858126
107.6563,1,09:53:01.480887461
107.6563,1,09:53:01.480922208
107.6563,1,09:53:01.480946976
107.6563,1,09:53:01.481008108
107.6563,1,09:53:01.481040703
107.6563,1,09:53:01.481063715
107.6563,1,09:53:01.481111160
107.6563,1,09:53:01.481139493
107.6563,1,09:53:01.481189615
107.6563,1,09:53:01.481216412
107.6563,1,09:53:01.481267844
107.6563,6,09:53:01.481410781
107.6563,50,09:53:01.482062219
107.6563,1,09:53:01.482517424
107.6563,1,09:53:01.482755215
107.6563,80,09:53:01.482905653
107.6563,1,09:53:01.483517058
107.6563,1,09:53:01.484013964
107.6563,1,09:53:01.484030806
107.6563,20,09:53:01.484068668
107.6563,1,09:53:01.485392475
107.6563,1,09:53:01.485459817
107.6563,1,09:53:01.486024753
107.6563,2,09:53:01.520419181
107.6563,1,09:53:06.047082304
107.6719,1,09:53:08.243616779
107.6719,1,09:53:08.253427860
107.6719,65,09:53:10.447838999
107.6719,1,09:53:11.600159219
107.6719,8,09:53:16.454771783
107.6719,2,09:53:24.807328681
107.6719,25,09:53:25.090338512
107.6563,15,09:53:25.290243842
107.6563,1,09:53:42.044456224
107.6563,1,09:53:42.947859447
107.6563,1,09:53:42.949092452
107.6563,25,09:53:45.210705302
107.6563,4,09:53:47.988013235
107.6563,6,09:53:52.852998509
107.6719,2,09:53:53.838587852
107.6719,1,09:53:55.829203092
107.6719,42,09:54:01.566866586
107.6719,6,09:54:01.567598065
107.6719,11,09:54:01.568801269
107.6719,24,09:54:01.570911659
107.6719,40,09:54:01.571007895
107.6719,6,09:54:01.587548551
107.6719,1,09:54:01.625176382
107.6719,7,09:54:01.637552244
107.6563,150,09:54:02.258896956
107.6563,1,09:54:02.259681996
107.6563,19,09:54:04.794749184
107.6719,19,09:54:08.481168747
107.6563,3,09:54:09.057448342
107.6563,1,09:54:11.283152412
107.6563,1,09:54:19.046365240
107.6563,22,09:54:19.260384698
107.6719,2,09:54:22.144307132
107.6719,5,09:54:22.697808916
107.6719,5,09:54:22.699093809
107.6719,1,09:54:23.298725954
107.6719,1,09:54:23.465922313
107.6719,2,09:54:23.472549193
107.6719,2,09:54:23.478565242
107.6563,125,09:54:26.926594234
107.6563,6,09:54:28.235642768
107.6563,11,09:54:29.494466890
107.6563,11,09:54:29.494491937
107.6563,3,09:54:29.512656567
107.6563,107,09:54:33.947933514
107.6563,1,09:54:33.948771662
107.6563,2,09:54:33.948807064
107.6563,1,09:54:33.948875802
107.6563,1,09:54:33.948878436
107.6563,1,09:54:33.948906769
107.6563,1,09:54:33.948980835
107.6563,1,09:54:33.949020832
107.6563,23,09:54:33.949082599
107.6563,20,09:54:33.949147628
107.6563,1,09:54:33.949191086
107.6563,57,09:54:33.949400455
107.6563,1,09:54:33.949923336
107.6563,1,09:54:33.949967213
107.6563,1,09:54:33.950007498
107.6563,1,09:54:33.950047039
107.6563,1,09:54:33.950077739
107.6563,1,09:54:33.950136564
107.6563,1,09:54:33.950177181
107.6563,1,09:54:33.950203310
107.6563,1,09:54:33.950233964
107.6563,1,09:54:33.950250236
107.6563,1,09:54:33.950282951
107.6563,1,09:54:33.950304971
107.6563,1,09:54:33.950335729
107.6563,1,09:54:33.950366853
107.6563,1,09:54:33.950451978
107.6563,35,09:54:33.950660910
107.6563,1,09:54:33.950839592
107.6563,1,09:54:33.950920707
107.6563,2,09:54:33.951083863
107.6563,7,09:54:33.951208822
107.6563,5,09:54:33.951314800
107.6563,2,09:54:33.951354585
107.6563,6,09:54:33.951407318
107.6563,7,09:54:33.951487890
107.6563,10,09:54:33.951514313
107.6563,2,09:54:33.951556228
107.6563,1,09:54:33.952315746
107.6563,1,09:54:33.952493968
107.6563,27,09:54:33.952690081
107.6563,11,09:54:33.952836593
107.6563,13,09:54:33.952888850
107.6563,5,09:54:33.952957190
107.6563,100,09:54:33.953017422
107.6563,1,09:54:33.953125273
107.6563,1,09:54:33.953555394
107.6563,8,09:54:33.953707404
107.6563,1,09:54:33.954216963
107.6563,1,09:54:33.954596619
107.6563,72,09:54:33.954629009
107.6563,9,09:54:33.955424638
107.6563,1,09:54:33.955659716
107.6563,1,09:54:33.956637835
107.6563,1,09:54:33.956979022
107.6563,1,09:54:33.957031413
107.6563,36,09:54:33.957095911
107.6563,20,09:54:33.957802757
107.6563,21,09:54:33.958580564
107.6563,1,09:54:33.959065516
107.6563,1,09:54:33.959239253
107.6563,1,09:54:33.959420765
107.6563,15,09:54:33.959478263
107.6563,2,09:54:33.959635505
107.6563,2,09:54:33.959662917
107.6563,1,09:54:33.959783930
107.6563,15,09:54:33.959993022
107.6563,1,09:54:33.977197252
107.6563,75,09:54:33.977528724
107.6563,1,09:54:33.977769130
107.6563,1,09:54:33.978300404
107.6563,116,09:54:34.217993898
107.6563,52,09:54:34.218094475
107.6563,1,09:54:34.218121833
107.6563,1,09:54:41.584119047
107.6719,1,09:54:48.594807440
107.6563,1,09:54:55.035252737
107.6563,1,09:54:57.499131111
107.6719,1,09:55:00.014315637
107.6719,4,09:55:07.068462881
107.6563,6,09:55:07.079229739
107.6719,9,09:55:11.172132760
107.6719,1,09:55:15.010588735
107.6719,2,09:55:18.106629884
107.6563,100,09:55:18.960511042
107.6719,1,09:55:18.967234938
107.6719,1,09:55:20.596708752
107.6563,35,09:55:23.525619918
107.6563,1,09:55:26.034269163
107.6563,4,09:55:26.668952989
107.6563,5,09:55:26.669647520
107.6563,68,09:55:26.670176030
107.6563,1,09:55:26.671781516
107.6563,480,09:55:26.672134916
107.6563,42,09:55:26.673286263
107.6563,1,09:55:28.708064844
107.6563,1,09:55:28.708583901
107.6563,1,09:55:28.708828916
107.6563,5,09:55:28.708874681
107.6563,100,09:55:28.708928554
107.6563,1,09:55:28.708999298
107.6563,2,09:55:28.709033414
107.6563,86,09:55:28.709231959
107.6563,1,09:55:28.725576066
107.6563,23,09:55:28.725857297
107.6563,1,09:55:28.726239647
107.6563,5,09:55:28.726477069
107.6563,1,09:55:28.726642903
107.6563,3,09:55:28.740335772
107.6563,1,09:55:28.744530353
107.6563,3,09:55:28.775159165
107.6563,3,09:55:28.775363323
107.6563,1,09:55:29.300940665
107.6563,48,09:55:29.301314202
107.6563,1,09:55:29.301394763
107.6563,1,09:55:29.301470006
107.6563,1,09:55:29.301553996
107.6563,32,09:55:29.301702795
107.6563,4,09:55:29.301772282
107.6563,1,09:55:30.011126692
107.6563,1,09:55:30.011366415
107.6563,100,09:55:30.444227935
107.6406,3,09:55:31.584678462
107.6563,25,09:55:33.265332244
107.6406,1,09:55:34.497838478
107.6563,1,09:55:36.814582822
107.6406,2,09:55:38.214089026
107.6406,6,09:55:38.221653058
107.6406,5,09:55:38.221732367
107.6406,3,09:55:38.222106001
107.6406,5,09:55:38.222209660
107.6406,5,09:55:38.224742112
107.6406,1,09:55:38.231544550
107.6406,3,09:55:38.231660732
107.6406,1,09:55:38.232250456
107.6406,2,09:55:38.232292374
107.6406,2,09:55:38.233248419
107.6406,1,09:55:38.233266957
107.6406,1,09:55:38.235708731
107.6406,2,09:55:38.235727387
107.6563,1,09:55:38.239435491
107.6406,2,09:55:38.243124769
107.6406,2,09:55:38.243143483
107.6406,2,09:55:38.243169109
107.6563,4,09:55:38.249555254
107.6563,1,09:55:38.341541852
107.6406,5,09:55:41.096616127
107.6406,1,09:55:41.105996921
107.6406,40,09:55:41.106142207
107.6406,8,09:55:41.106313091
107.6406,1,09:55:41.106827424
107.6406,46,09:55:41.117011822
107.6406,40,09:55:41.117615127
107.6406,1,09:55:41.117725788
107.6406,92,09:55:41.117870441
107.6406,40,09:55:41.118098880
107.6406,21,09:55:41.118271719
107.6406,41,09:55:41.118459032
107.6406,20,09:55:41.118567057
107.6406,1,09:55:41.148363423
107.6406,1,09:55:43.005653405
107.6406,250,09:55:43.931863588
107.6406,1,09:55:45.010768985
107.6406,10,09:55:48.105519729
107.6406,50,09:55:49.581895203
107.6406,2,09:55:49.583973792
107.6406,68,09:55:51.177427328
107.6406,41,09:55:51.177845985
107.6406,1,09:55:51.178008187
107.6406,4,09:55:51.178143253
107.6406,2,09:55:51.178211005
107.6406,1,09:55:51.178288651
107.6406,13,09:55:51.178408250
107.6406,16,09:55:51.178446174
107.6406,5,09:55:51.178480040
107.6406,22,09:55:51.178534323
107.6406,2,09:55:51.178566701
107.6406,1,09:55:51.178849992
107.6406,35,09:55:51.179040801
107.6406,1,09:55:51.179071163
107.6406,1,09:55:51.179389476
107.625,31,09:55:53.684542614
107.625,2,09:55:53.684562375
107.6406,1,09:55:55.397917473
107.625,1,09:55:57.035398899
107.6406,2,09:55:57.773795437
107.6406,7,09:55:57.774201973
107.6406,1,09:55:57.774425004
107.6406,1,09:55:57.774762643
107.6406,160,09:55:57.775054466
107.6406,1,09:55:57.775450430
107.6406,1,09:55:57.775474539
107.6406,1,09:55:57.775521302
107.6406,37,09:55:57.775757014
107.6406,1,09:55:57.775833532
107.6406,1,09:55:57.775893172
107.6406,1,09:55:57.775919688
107.6406,1,09:55:57.775989797
107.6406,1,09:55:57.776055520
107.6406,1,09:55:57.776122021
107.6406,1,09:55:57.776142860
107.6406,1,09:55:57.776181530
107.6406,1,09:55:57.776208254
107.6406,1,09:55:57.776245310
107.6406,1,09:55:57.776340007
107.6406,1,09:55:57.776343600
107.6406,1,09:55:57.776367105
107.6406,1,09:55:57.776397745
107.6406,1,09:55:57.776460037
107.6406,1,09:55:57.776488242
107.6406,2,09:55:57.776522711
107.6406,1,09:55:57.776560526
107.6406,1,09:55:57.776594117
107.6406,10,09:55:57.776674512
107.6406,1,09:55:57.776778646
107.6406,1,09:55:57.776827827
107.6406,1,09:55:57.777443891
107.6406,3,09:55:57.777465693
107.6406,1,09:55:57.777495297
107.6406,1,09:55:57.777767277
107.6406,1,09:55:57.777789124
107.6406,27,09:55:57.778034921
107.6406,2,09:55:57.778780331
107.6406,1,09:55:57.778955858
107.6406,1,09:55:57.778979922
107.6406,1,09:55:57.779143078
107.6406,51,09:55:57.779224724
107.6406,1,09:55:57.779282354
107.6406,18,09:55:57.779342541
107.6406,5,09:55:57.779658322
107.6406,7,09:55:57.780751241
107.6406,1,09:55:57.780876668
107.6406,1,09:55:57.780939973
107.6406,1,09:56:00.010580518
107.6406,1,09:56:00.160379513
107.625,1,09:56:00.276583556
107.6406,10,09:56:03.115946608
107.6406,62,09:56:05.425210696
107.6406,1,09:56:05.427656777
107.6406,1,09:56:05.427849629
107.6406,46,09:56:05.428566178
107.6406,92,09:56:05.428879484
107.6406,27,09:56:05.429175483
107.6406,35,09:56:05.430020131
107.6406,6,09:56:05.430055475
107.6406,1,09:56:05.430085706
107.6406,192,09:56:05.430249447
107.6406,2,09:56:05.436099511
107.6406,1,09:56:05.436276561
107.6406,32,09:56:05.436298175
107.6406,8,09:56:05.436537753
107.6406,2,09:56:05.437586882
107.6406,1,09:56:05.438550172
107.6563,20,09:56:10.316217762
107.6563,2,09:56:10.539521083
107.6563,6,09:56:12.052222384
107.6563,1,09:56:15.011320664
107.6406,500,09:56:17.948155719
107.6563,1,09:56:17.954047991
107.6406,1,09:56:20.787524932
107.6406,40,09:56:20.790761797
107.6406,1,09:56:20.790997757
107.6406,1,09:56:20.791107785
107.6406,1,09:56:22.293671224
107.6406,192,09:56:23.267870508
107.6406,2,09:56:24.604601678
107.6406,1,09:56:24.604752417
107.6406,40,09:56:24.605323587
107.6406,321,09:56:24.605562673
107.6406,1,09:56:27.031451526
107.6406,2,09:56:29.936119861
107.6406,5,09:56:29.936446827
107.6406,1,09:56:29.936697862
107.6406,1,09:56:29.937030800
107.6406,1,09:56:29.937057174
107.6406,1,09:56:29.937082654
107.6406,1,09:56:29.937111036
107.6406,1,09:56:29.937134959
107.6406,1,09:56:30.003348067
107.6563,1,09:56:30.011234787
107.6406,4,09:56:33.156450511
107.6406,1,09:56:33.354687423
107.6563,1,09:56:45.012079916
107.6406,1,09:56:47.758926616
107.6406,1,09:56:58.039204302
107.6563,1,09:57:00.018166288
107.6563,2,09:57:00.630625424
107.6406,1,09:57:00.630892703
107.6563,1,09:57:00.630966979
107.6563,1,09:57:01.659666656
107.6406,18,09:57:07.358194773
107.6563,6,09:57:07.737270645
107.6563,5,09:57:08.237457870
107.6563,5,09:57:11.050414886
107.6563,3,09:57:11.051391178
107.6563,19,09:57:11.051574075
107.6563,1,09:57:11.052218747
107.6563,1,09:57:11.052350801
107.6563,2,09:57:11.052394472
107.6563,1,09:57:11.052954071
107.6563,1,09:57:11.065757872
107.6563,1,09:57:11.335381555
107.6563,13,09:57:14.040917969
107.6563,19,09:57:14.041402286
107.6563,1,09:57:14.041648601
107.6563,92,09:57:14.041956883
107.6563,1,09:57:14.042127875
107.6563,1,09:57:14.042170186
107.6563,8,09:57:14.042292966
107.6563,20,09:57:14.042965805
107.6563,35,09:57:14.043585715
107.6563,10,09:57:14.044126066
107.6563,1,09:57:14.044301112
107.6563,1,09:57:14.045283843
107.6563,1,09:57:14.045309200
107.6563,1,09:57:14.045681246
107.6563,25,09:57:14.045928905
107.6563,1,09:57:14.045983069
107.6563,1,09:57:14.053158156
107.6563,2,09:57:14.053195186
107.6563,1,09:57:14.053239578
107.6719,1,09:57:15.011239256
107.6563,24,09:57:15.133271454
107.6563,1,09:57:15.134312884
107.6563,282,09:57:15.134552930
107.6563,7,09:57:15.136853432
107.6563,3,09:57:15.136987360
107.6563,3,09:57:15.138530058
107.6563,1,09:57:15.141610142
107.6563,1,09:57:16.874472970
107.6563,100,09:57:17.371005607
107.6563,1,09:57:17.371506499
107.6563,1,09:57:17.371599645
107.6563,25,09:57:17.371655054
107.6563,1,09:57:17.371679534
107.6563,1,09:57:17.371712274
107.6563,1,09:57:17.371746700
107.6563,1,09:57:17.371822558
107.6563,1,09:57:17.371854114
107.6563,1,09:57:17.371880630
107.6563,1,09:57:17.371902912
107.6563,1,09:57:17.371939085
107.6563,1,09:57:17.371974590
107.6563,1,09:57:17.372003054
107.6563,1,09:57:17.372035500
107.6563,1,09:57:17.372074841
107.6563,1,09:57:17.372111018
107.6563,1,09:57:17.372150308
107.6563,1,09:57:17.372178329
107.6563,1,09:57:17.372203813
107.6563,1,09:57:17.372266273
107.6563,1,09:57:17.372296062
107.6563,940,09:57:19.565390741
107.6563,1,09:57:22.865503074
107.6563,100,09:57:23.855327427
107.6563,1,09:57:23.856046865
107.6563,1,09:57:23.856347537
107.6563,100,09:57:24.305625455
107.6563,1,09:57:28.032337186
107.6719,3,09:57:28.266394897
107.6719,1,09:57:28.985620640
107.6719,1,09:57:30.011343076
107.6719,1,09:57:30.355827591
107.6719,5,09:57:38.656411681
107.6563,4,09:57:40.267094996
107.6563,17,09:57:43.393362629
107.6563,16,09:57:43.398236634
107.6563,17,09:57:43.402299621
107.6563,1,09:57:43.406254937
107.6563,15,09:57:43.406300042
107.6563,2,09:57:43.409280912
107.6563,13,09:57:43.412203521
107.6563,3,09:57:43.415213409
107.6563,3,09:57:43.418230814
107.6563,9,09:57:43.418390702
107.6563,2,09:57:43.419269805
107.6719,4,09:57:44.958366888
107.6719,1,09:57:45.012083165
107.6563,1,09:57:45.658306361
107.6563,3,09:57:45.659492705
107.6563,12,09:57:45.662547099
107.6563,4,09:57:45.666521650
107.6563,13,09:57:45.669646577
107.6563,3,09:57:45.672539858
107.6563,12,09:57:45.674662509
107.6563,4,09:57:45.678525410
107.6563,12,09:57:45.680529335
107.6563,4,09:57:45.682438657
107.6563,13,09:57:45.685464360
107.6563,3,09:57:45.688539103
107.6563,12,09:57:45.690437001
107.6563,4,09:57:45.692444914
107.6563,12,09:57:45.694434653
107.6563,5,09:57:45.697552095
107.6563,11,09:57:45.699442172
107.6563,5,09:57:45.702497415
107.6563,1,09:57:45.705489472
107.6563,6,09:57:47.051233547
107.6563,4,09:57:47.052239868
107.6563,6,09:57:47.052284585
107.6563,1,09:57:47.052421138
107.6719,156,09:57:47.151878459
107.6563,4,09:57:49.661716761
107.6563,1,09:57:59.033631935
107.6719,1,09:58:00.014674344
107.6563,1,09:58:01.787252885
107.6719,6,09:58:03.422541507
107.6563,2,09:58:03.862607117
107.6563,3,09:58:03.863312101
107.6563,5,09:58:03.863894993
107.6563,5,09:58:03.867629747
107.6563,3,09:58:03.904477481
107.6563,5,09:58:03.945873964
107.6563,5,09:58:04.109316064
107.6563,192,09:58:04.110246188
107.6563,317,09:58:04.111116667
107.6563,1,09:58:04.111783103
107.6563,1,09:58:04.111864477
107.6563,1,09:58:04.111896657
107.6563,308,09:58:04.112028480
107.6563,1,09:58:04.112028480
107.6563,640,09:58:04.112058947
107.6563,1,09:58:04.112136208
107.6563,9,09:58:04.112158834
107.6563,94,09:58:04.112432431
107.6563,21,09:58:04.112858004
107.6563,19,09:58:04.113060456
107.6563,1,09:58:04.113114041
107.6563,7,09:58:04.113171323
107.6563,15,09:58:04.113183460
107.6563,2,09:58:04.113242591
107.6563,1,09:58:04.113242591
107.6563,26,09:58:04.113464659
107.6563,44,09:58:04.113464659
107.6563,50,09:58:04.113572732
107.6563,1,09:58:04.113620653
107.6563,6,09:58:04.114038332
107.6563,32,09:58:04.114157349
107.6563,58,09:58:04.114372652
107.6563,15,09:58:04.114474206
107.6563,18,09:58:04.114533914
107.6563,1,09:58:04.115102939
107.6563,500,09:58:04.115199489
107.6563,106,09:58:04.115622626
107.6563,1,09:58:04.115836394
107.6563,20,09:58:04.116664024
107.6563,1,09:58:04.117505241
107.6563,50,09:58:04.120746372
107.6563,25,09:58:04.120900756
107.6563,1,09:58:04.122509418
107.6563,139,09:58:04.974534188
107.6563,1,09:58:04.975184071
107.6563,640,09:58:04.975475597
107.6563,1,09:58:04.976576982
107.6563,6,09:58:04.976831800
107.6563,4,09:58:04.977019058
107.6563,1,09:58:04.977039490
107.6563,1,09:58:04.977105722
107.6563,102,09:58:11.180282825
107.6563,24,09:58:11.180408053
107.6563,77,09:58:11.180640815
107.6563,76,09:58:11.180942096
107.6563,38,09:58:11.181049634
107.6563,38,09:58:11.181086013
107.6563,5,09:58:11.181192286
107.6563,161,09:58:11.181360581
107.6563,38,09:58:11.185516323
107.6563,36,09:58:11.185818806
107.6563,1,09:58:11.189346571
107.6563,1,09:58:15.012189659
107.6563,1,09:58:20.797641008
107.6406,6,09:58:21.944618830
107.6563,1,09:58:22.806359190
107.6406,1,09:58:25.784515284
107.6406,4,09:58:27.812282708
107.6406,23,09:58:28.183838883
107.6406,1,09:58:29.049202326
107.6563,1,09:58:30.012701041
107.6563,1,09:58:30.031632044
107.6406,4,09:58:33.001150904
107.6406,42,09:58:33.501860552
107.6406,20,09:58:34.433434998
107.6406,7,09:58:34.526075501
107.6563,1,09:58:36.022647166
107.6406,4,09:58:37.975740192
107.6406,10,09:58:38.253112614
107.6406,5,09:58:42.397032361
107.6563,1,09:58:45.011263470
107.6563,18,09:58:50.625427526
107.6563,54,09:58:50.626237249
107.6563,18,09:58:50.626927182
107.6563,16,09:58:50.627006236
107.6563,32,09:58:50.627634963
107.6563,1,09:58:50.627924421
107.6563,19,09:58:50.628123696
107.6563,1,09:58:50.629170446
107.6563,310,09:58:50.629748970
107.6563,6,09:58:50.631294227
107.6563,1,09:58:50.631404995
107.6563,1,09:58:50.631673083
107.6563,8,09:58:50.631984887
107.6563,2,09:58:50.632084800
107.6563,321,09:58:50.633382586
107.6563,1,09:58:50.634113964
107.6563,67,09:58:50.636390388
107.6563,1,09:58:50.637175197
107.6563,1,09:58:50.637280780
107.6563,29,09:58:50.638689580
107.6563,5,09:58:50.639102583
107.6563,6,09:58:50.639467682
107.6563,4,09:58:50.640182071
107.6563,1,09:58:50.641099414
107.6563,2,09:58:50.644974853
107.6563,63,09:58:50.646882210
107.6563,1,09:58:50.647124695
107.6563,1,09:58:50.647192011
107.6563,4,09:58:50.647559497
107.6563,1,09:58:50.647637460
107.6563,6,09:58:50.647731276
107.6563,1,09:58:50.648176326
107.6563,11,09:58:50.648857619
107.6563,1,09:58:50.648916690
107.6563,1,09:58:50.649206874
107.6563,1,09:58:50.649474838
107.6563,1,09:58:50.651161138
107.6563,1,09:58:50.651326149
107.6563,1,09:58:50.651506803
107.6563,2,09:58:50.653541004
107.6563,2,09:58:50.682902743
107.6563,3,09:58:50.683201574
107.6563,1,09:58:50.734098015
107.6563,53,09:58:50.828285947
107.6563,6,09:58:50.829422358
107.6563,1,09:58:50.829580134
107.6563,24,09:58:50.830113579
107.6563,1,09:58:50.830380727
107.6563,1,09:58:51.830694726
107.6563,50,09:58:52.193868489
107.6563,1,09:58:52.194173103
107.6563,50,09:58:53.675225926
107.6563,1,09:58:53.675372453
107.6563,1,09:58:53.675618452
107.6563,1,09:58:57.002476850
107.6563,1,09:58:58.016740059
107.6406,1,09:58:59.037501214
107.6563,3,09:58:59.103996304
107.6563,6,09:58:59.107629049
107.6563,6,09:58:59.141336458
107.6563,70,09:58:59.283903731
107.6563,1,09:58:59.284256670
107.6563,2,09:58:59.649196318
107.6563,10,09:58:59.678208249
107.6563,21,09:58:59.723481177
107.5938,84,10:00:12.767248803
107.6094,23,10:00:12.831279787
107.5938,5,10:00:12.836123898
107.5938,3,10:00:12.907800246
107.5938,50,10:00:12.942507131
107.5938,10,10:00:12.943022850
107.5938,2,10:00:12.943428368
107.5938,2,10:00:12.943885184
107.6094,69,10:00:13.279972029
107.6094,3,10:00:13.281231501
107.6094,57,10:00:13.282979836
107.6094,10,10:00:13.283111606
107.6094,1,10:00:13.283592297
107.6094,2,10:00:13.283612493
107.6094,2,10:00:13.283629623
107.625,19,10:00:13.284223698
107.625,84,10:00:13.284956056
107.625,1,10:00:13.285347654
107.625,11,10:00:13.286545631
107.625,1,10:00:13.286645930
107.625,8,10:00:13.286775645
107.625,19,10:00:13.286905635
107.625,5,10:00:13.287158328
107.625,12,10:00:13.287475255
107.625,1,10:00:13.287840021
107.625,1,10:00:13.288164809
107.625,9,10:00:13.288780098
107.625,5,10:00:13.289252370
107.625,6,10:00:13.289339422
107.625,4,10:00:13.290119578
107.625,6,10:00:13.290462423
107.625,7,10:00:13.290652897
107.625,7,10:00:13.291059552
107.625,1,10:00:13.292060446
107.625,3,10:00:13.292512330
107.625,8,10:00:13.292960150
107.625,8,10:00:13.293138311
107.625,16,10:00:13.294952568
107.625,15,10:00:13.295043345
107.625,2,10:00:13.299330331
107.625,8,10:00:13.299398638
107.625,2,10:00:13.326753803
107.625,3,10:00:13.327294064
107.6406,1,10:00:13.328173218
107.6406,44,10:00:13.407893655
107.625,78,10:00:13.461365022
107.625,1,10:00:13.465579967
107.625,1,10:00:13.467331017
107.6094,3,10:00:13.470639983
107.625,9,10:00:13.470843040
107.625,5,10:00:13.535977667
107.6094,30,10:00:13.747248692
107.6406,24,10:00:13.836036465
107.625,76,10:00:13.836036465
107.625,1,10:00:13.837207785
107.625,8,10:00:13.838353427
107.625,1,10:00:13.838612482
107.625,4,10:00:13.839725961
107.625,4,10:00:13.839780557
107.625,2,10:00:13.841028214
107.625,3,10:00:14.023207605
107.625,6,10:00:14.201849459
107.625,1,10:00:14.202007014
107.625,1,10:00:14.202247233
107.625,5,10:00:14.203046888
107.625,9,10:00:14.275449843
107.6406,7,10:00:14.276207279
107.625,12,10:00:14.276207279
107.6406,19,10:00:14.276247248
107.6406,9,10:00:14.276323950
107.625,6,10:00:14.276734618
107.6406,5,10:00:14.305048071
107.6406,144,10:00:14.932524839
107.6406,5,10:00:14.942821985
107.6406,28,10:00:15.268762273
107.6406,4,10:00:15.268839974
107.6406,1,10:00:15.268971605
107.6406,2,10:00:15.269075620
107.6406,1,10:00:15.269659822
107.625,40,10:00:15.368407770
107.625,2,10:00:15.761817867
107.625,5,10:00:15.773774140
107.625,17,10:00:15.774118576
107.625,5,10:00:15.902507303
107.6094,100,10:00:15.926141739
107.625,4,10:00:15.927428821
107.625,57,10:00:15.931895113
107.625,7,10:00:15.933551934
107.625,19,10:00:15.934840965
107.625,4,10:00:15.963539366
107.625,5,10:00:16.024202258
107.625,1,10:00:16.024419464
107.625,2,10:00:16.024515254
107.625,2,10:00:16.025027287
107.625,4,10:00:16.025777021
107.625,32,10:00:16.226336185
107.625,2,10:00:16.361518007
107.625,3,10:00:16.362356568
107.6406,5,10:00:16.619093162
107.6406,1,10:00:16.619215795
107.6406,20,10:00:16.619590420
107.6406,15,10:00:16.619622408
107.6406,16,10:00:16.619888589
107.6406,1,10:00:16.620170278
107.6406,1,10:00:16.620505130
107.6406,54,10:00:16.956066769
107.6406,3,10:00:16.964882295
107.6406,5,10:00:16.965081077
107.6406,1,10:00:17.024443825
107.6406,1,10:00:17.166481116
107.6406,8,10:00:17.166706592
107.6406,11,10:00:17.166753192
107.6406,1,10:00:17.166792731
107.6406,1,10:00:17.166840939
107.6406,25,10:00:17.166910657
107.6406,4,10:00:17.166944034
107.6406,18,10:00:17.167021638
107.6406,2,10:00:17.167081646
107.6406,1,10:00:17.167338439
107.6406,1,10:00:17.167393134
107.6406,9,10:00:17.167589016
107.6406,5,10:00:17.168218265
107.6406,1,10:00:17.168510293
107.6406,2,10:00:17.177635770
107.6406,100,10:00:17.505069721
107.625,1,10:00:18.046351810
107.625,100,10:00:18.047150731
107.625,1,10:00:18.047387261
107.625,1,10:00:18.047463995
107.625,19,10:00:18.047680068
107.625,65,10:00:18.047801340
107.625,19,10:00:18.047801340
107.625,29,10:00:18.048099631
107.625,10,10:00:18.050410612
107.625,63,10:00:18.095972641
107.625,18,10:00:18.097050231
107.625,2,10:00:18.100744622
107.625,1,10:00:18.102666699
107.625,1,10:00:18.103353936
107.625,39,10:00:18.103765915
107.625,107,10:00:18.210266341
107.6406,93,10:00:18.210266341
107.625,1,10:00:18.212876721
107.625,33,10:00:18.213904364
107.625,15,10:00:18.214253040
107.625,1,10:00:18.215044470
107.625,1,10:00:18.223471739
107.625,11,10:00:18.366038398
107.625,1,10:00:18.366992597
107.625,16,10:00:18.367151982
107.625,14,10:00:18.367180361
107.625,1,10:00:18.368656480
107.625,50,10:00:19.143123455
107.625,1,10:00:19.143668209
107.625,1,10:00:19.143734306
107.625,1,10:00:19.147251526
107.625,5,10:00:19.301168810
107.625,1,10:00:19.301454643
107.625,1,10:00:19.301516871
107.625,1,10:00:19.301971680
107.625,60,10:00:19.302137588
107.625,1,10:00:19.302541987
107.625,1,10:00:19.302591849
107.625,5,10:00:19.302613546
107.625,1,10:00:19.302634074
107.625,1,10:00:19.302662075
107.625,1,10:00:19.302724431
107.625,1,10:00:19.302754695
107.625,5,10:00:19.303600491
107.625,1,10:00:19.303861139
107.625,4,10:00:19.303930964
107.625,1,10:00:19.303950312
107.625,1,10:00:19.304075630
107.625,1,10:00:19.304435503
107.625,8,10:00:19.304618905
107.625,3,10:00:19.305288879
107.625,4,10:00:19.305334635
107.625,15,10:00:19.305361070
107.625,1,10:00:19.672283998
107.625,200,10:00:20.337103781
107.625,31,10:00:20.420167163
107.625,2,10:00:20.649824017
107.6094,126,10:00:21.025902536
107.6094,96,10:00:21.026046023
107.6094,1,10:00:21.027519602
107.6094,1,10:00:21.027643153
107.6094,18,10:00:21.027765107
107.6094,5,10:00:21.028293947
107.6094,1,10:00:21.028477682
107.6094,19,10:00:21.029948733
107.6094,4,10:00:21.030619216
107.6094,1,10:00:21.030824498
107.6094,1,10:00:21.030947041
107.6094,10,10:00:21.031329961
107.6094,20,10:00:21.031407162
107.6094,5,10:00:21.031592826
107.6094,67,10:00:21.031694652
107.6094,28,10:00:21.031768520
107.6094,1,10:00:21.031885725
107.6094,2,10:00:21.031912794
107.6094,20,10:00:21.033459469
107.6094,5,10:00:21.033521217
107.6094,1,10:00:21.033587135
107.6094,5,10:00:21.033749504
107.6094,1,10:00:21.033822209
107.6094,4,10:00:21.033901808
107.6094,22,10:00:21.033967137
107.6094,1,10:00:21.035684106
107.6094,4,10:00:21.049026193
107.625,39,10:00:21.220687994
107.6094,61,10:00:21.220687994
107.6094,1,10:00:21.222538745
107.6094,1,10:00:21.224115523
107.6094,50,10:00:21.258681309
107.6094,18,10:00:21.337889216
107.6094,103,10:00:21.522526242
107.6094,2,10:00:21.525018370
107.6094,6,10:00:21.525046911
107.6094,29,10:00:21.525141520
107.6094,20,10:00:21.525201125
107.6094,8,10:00:21.525345419
107.6094,1,10:00:21.525917319
107.6094,1,10:00:21.525937505
107.5938,5,10:00:21.854816266
107.5938,2,10:00:22.025347613
107.5938,42,10:00:22.102804551
107.5938,9,10:00:22.102865301
107.5938,8,10:00:22.103368834
107.5938,4,10:00:22.103845358
107.5938,3,10:00:22.104921418
107.5938,13,10:00:22.104961545
107.5938,12,10:00:22.105059027
107.5938,4,10:00:22.105313893
107.5938,1,10:00:22.105394670
107.5938,6,10:00:22.105792477
107.5938,2,10:00:22.105904152
107.5938,1,10:00:22.106166279
107.5938,3,10:00:22.106648760
107.5938,25,10:00:22.107558554
107.5938,1,10:00:22.107656229
107.5938,14,10:00:22.108144360
107.5938,13,10:00:22.108303622
107.5938,1,10:00:22.108862193
107.5938,1,10:00:22.109340278
107.5938,1,10:00:22.109505754
107.5938,13,10:00:22.111193808
107.5938,23,10:00:22.111260631
107.5938,1,10:00:22.111299084
107.5938,20,10:00:22.111299084
107.5938,1,10:00:22.111323411
107.5938,3,10:00:22.111356252
107.5781,2,10:00:22.480405160
107.5781,5,10:00:22.480459155
107.5938,100,10:00:22.846135007
107.5781,1,10:00:22.848900603
107.5938,100,10:00:22.934712295
107.5938,3,10:00:23.003629153
107.5938,32,10:00:23.003950389
107.5938,32,10:00:23.004272879
107.5938,32,10:00:23.004391396
107.5938,1,10:00:23.476112006
107.5938,325,10:00:23.477524425
107.5938,2,10:00:23.484227198
107.5938,1,10:00:23.484257505
107.5938,6,10:00:23.484393406
107.5938,1,10:00:23.484441525
107.5938,5,10:00:23.484475525
107.5938,1,10:00:23.484524132
107.5938,1,10:00:23.484633026
107.5938,12,10:00:23.484633026
107.5938,2,10:00:23.485811863
107.5938,70,10:00:23.486699285
107.5938,5,10:00:23.488003696
107.5938,1,10:00:23.488353355
107.5938,1,10:00:23.488487629
107.5938,1,10:00:23.488507565
107.5938,1,10:00:23.488524475
107.5938,5,10:00:23.488583733
107.5938,1,10:00:23.488758720
107.5938,1,10:00:23.490086791
107.5938,1,10:00:23.490315042
107.5781,200,10:00:23.533913174
107.5781,100,10:00:24.278987641
107.5781,247,10:00:24.879408674
107.5781,1,10:00:25.072269145
107.5781,1,10:00:25.072346167
107.5781,55,10:00:25.073374106
107.5625,5,10:00:25.091604841
107.5625,1,10:00:25.092074956
107.5625,1,10:00:25.092233779
107.5625,10,10:00:25.093052003
107.5625,13,10:00:25.093358201
107.5625,1,10:00:25.093911794
107.5625,1,10:00:25.093932968
107.5625,4,10:00:25.094114738
107.5625,37,10:00:25.094648116
107.5625,6,10:00:25.094676535
107.5625,22,10:00:25.094842884
107.5625,1,10:00:25.096649640
107.5625,7,10:00:25.097151513
107.5625,38,10:00:25.121875232
107.5625,1,10:00:25.122055102
107.5781,1,10:00:25.361728218
107.5625,147,10:00:25.364948824
107.5625,4,10:00:25.375226280
107.5625,2,10:00:25.375461997
107.5625,5,10:00:25.414881277
107.5625,2,10:00:25.427941935
107.5625,3,10:00:25.477942734
107.5625,1,10:00:25.526152477
107.5625,5,10:00:25.572119342
107.5625,10,10:00:25.574208450
107.5625,1,10:00:25.574434676
107.5469,4,10:00:25.595654516
107.5625,1,10:00:25.622040877
107.5625,4,10:00:25.668323262
107.5625,73,10:00:25.701823942
107.5781,100,10:00:25.743585948
107.5625,2,10:00:25.766691776
107.5625,1,10:00:25.812447155
107.5625,1,10:00:25.815894556
107.5625,5,10:00:25.816012030
107.5625,1,10:00:25.820860637
107.5625,1,10:00:25.820919809
107.5625,35,10:00:25.849484854
107.5625,2,10:00:25.868306192
107.5625,2,10:00:25.916101622
107.5625,3,10:00:25.965815757
107.5469,2,10:00:26.026767021
107.5625,1,10:00:26.027911537
107.5625,5,10:00:26.081154824
107.5469,19,10:00:26.093929188
107.5625,2,10:00:26.130050545
107.5625,2,10:00:26.139499806
107.5625,4,10:00:26.179083034
107.5625,4,10:00:26.226903387
107.5469,100,10:00:26.415881316
107.5469,1,10:00:26.416201150
107.5625,1,10:00:26.446475116
107.5469,1,10:00:26.904524267
107.5469,1,10:00:26.914284784
107.5469,88,10:00:26.914718213
107.5469,1,10:00:26.914892029
107.5469,1,10:00:26.915016831
107.5469,1,10:00:26.915089236
107.5469,6,10:00:26.915119773
107.5469,1,10:00:26.915161515
107.5469,1,10:00:26.915193104
107.5469,1,10:00:26.915223194
107.5469,1,10:00:26.915262397
107.5469,1,10:00:26.915290926
107.5469,1,10:00:26.915320396
107.5469,1,10:00:26.915359551
107.5469,1,10:00:26.915391908
107.5469,1,10:00:26.915430938
107.5469,1,10:00:26.915460933
107.5469,1,10:00:26.915531218
107.5469,1,10:00:26.915562803
107.5469,1,10:00:26.915595373
107.5469,1,10:00:26.915628069
107.5469,1,10:00:26.915656399
107.5469,1,10:00:26.915694483
107.5469,1,10:00:26.915733213
107.5469,1,10:00:26.915755790
107.5469,1,10:00:26.915789550
107.5469,1,10:00:26.916344714
107.5469,5,10:00:26.916545733
107.5469,18,10:00:26.916598821
107.5469,1,10:00:26.916675284
107.5469,20,10:00:26.916851524
107.5469,4,10:00:26.916886811
107.5469,2,10:00:26.916947600
107.5469,1,10:00:26.917282141
107.5469,6,10:00:26.917331355
107.5469,18,10:00:26.917666853
107.5469,5,10:00:26.917850376
107.5469,8,10:00:26.917892454
107.5469,7,10:00:26.918142948
107.5469,13,10:00:26.918560128
107.5469,3,10:00:26.918826549
107.5469,1,10:00:26.919317334
107.5469,1,10:00:26.919490963
107.5469,32,10:00:26.924463582
107.5469,1,10:00:26.925222343
107.5469,46,10:00:26.925712388
107.5469,29,10:00:26.925879204
107.5469,1,10:00:26.925916213
107.5469,1,10:00:26.925950386
107.5469,1,10:00:26.925983203
107.5469,1,10:00:26.926464880
107.5469,7,10:00:26.926539669
107.5469,1,10:00:26.927150801
107.5469,46,10:00:26.934498847
107.5469,22,10:00:26.935534756
107.5469,6,10:00:26.935955206
107.5469,1,10:00:26.935987002
107.5469,54,10:00:26.936150064
107.5469,3,10:00:26.936402252
107.5469,1,10:00:26.936979428
107.5469,70,10:00:26.944492002
107.5469,30,10:00:27.268386087
107.5469,30,10:00:28.042878565
107.5469,25,10:00:28.370372089
107.5469,1,10:00:28.372447792
107.5469,100,10:00:28.432285235
107.5469,1,10:00:28.437385213
107.5469,1,10:00:28.443955794
107.5469,19,10:00:28.771613962
107.5469,1,10:00:28.771875686
107.5469,1,10:00:28.771934077
107.5469,1,10:00:28.771979820
107.5469,50,10:00:28.772185270
107.5469,4,10:00:28.772525731
107.5469,2,10:00:28.773091519
107.5469,11,10:00:28.773753417
107.5469,2,10:00:28.773789133
107.5469,5,10:00:28.774219775
107.5469,7,10:00:28.775433445
107.5469,1,10:00:28.780553542
107.5469,1,10:00:28.831795841
107.5469,1,10:00:28.892721641
107.5469,1,10:00:28.892923072
107.5313,1,10:00:28.920231176
107.5313,3,10:00:28.920248194
107.5313,100,10:00:28.920248194
107.5313,20,10:00:28.920248194
107.5313,1,10:00:28.920248194
107.5469,1,10:00:29.119760121
107.5469,46,10:00:29.120132660
107.5469,26,10:00:29.120266413
107.5469,1,10:00:29.270087644
107.5469,150,10:00:29.466500453
107.5625,35,10:00:30.147384609
107.5625,1,10:00:30.147580878
107.5625,117,10:00:30.147871323
107.5625,14,10:00:30.147928706
107.5625,59,10:00:30.148115577
107.5625,20,10:00:30.149213331
107.5625,1,10:00:30.149784194
107.5625,1,10:00:30.152205488
107.5625,1,10:00:30.152395575
107.5781,1,10:00:30.153979642
107.5625,5,10:00:30.157979050
107.5625,1,10:00:30.160526769
107.5781,1508,10:00:30.989279361
107.5781,1,10:00:30.990052531
107.5781,1,10:00:30.990088199
107.5781,50,10:00:30.991197213
107.5781,15,10:00:30.991621222
107.5781,59,10:00:30.991676196
107.5781,1,10:00:30.991744499
107.5781,8,10:00:30.991872111
107.5781,2,10:00:30.997488003
107.5781,2,10:00:31.001940225
107.5781,509,10:00:31.002386813
107.5781,1,10:00:31.002615736
107.5781,1,10:00:31.002781259
107.5781,1,10:00:31.002805327
107.5781,27,10:00:31.003182227
107.5781,32,10:00:31.003273631
107.5781,32,10:00:31.003316908
107.5781,32,10:00:31.003438344
107.5781,128,10:00:31.003699486
107.5781,26,10:00:31.003831587
107.5781,1,10:00:31.005845727
107.5781,2,10:00:31.006513149
107.5781,4,10:00:31.006867079
107.5781,6,10:00:31.007129762
107.5781,2,10:00:31.007436339
107.5781,1,10:00:31.007933210
107.5781,11,10:00:31.008056479
107.5781,1,10:00:31.008348158
107.5781,1,10:00:31.008441425
107.5781,1,10:00:31.008693106
107.5781,18,10:00:31.009183561
107.5781,5,10:00:31.010648330
107.5781,5,10:00:31.010691380
107.5781,2,10:00:31.012001289
107.5781,7,10:00:31.013750712
107.5781,1,10:00:31.014268681
107.5781,6,10:00:31.014310686
107.5781,1,10:00:31.014433420
107.5781,1,10:00:31.014685212
107.5781,30,10:00:31.015367984
107.5781,1,10:00:31.015444890
107.5781,1,10:00:31.015625883
107.5781,1,10:00:31.015702662
107.5781,24,10:00:31.015888740
107.5781,20,10:00:31.015998732
107.5781,5,10:00:31.016028452
107.5781,1,10:00:31.115765707
107.5625,3,10:00:31.145359889
107.5625,6,10:00:31.209374616
107.5625,3,10:00:31.209426623
107.5781,10,10:00:31.333336963
107.5625,2,10:00:32.023696238
107.5781,200,10:00:32.110980442
107.5625,150,10:00:32.241403135
107.5625,5,10:00:32.244323528
107.5625,128,10:00:32.337808078
107.5625,14,10:00:32.337906304
107.5625,96,10:00:32.338024443
107.5625,13,10:00:32.338167877
107.5625,14,10:00:32.338277370
107.5625,1,10:00:32.338436279
107.5625,23,10:00:32.338584322
107.5625,2,10:00:32.340414124
107.5625,1,10:00:32.340536315
107.5625,2,10:00:32.341381942
107.5625,70,10:00:32.752196385
107.5625,1,10:00:32.752444998
107.5781,200,10:00:32.765722960
107.5781,100,10:00:32.858523747
107.5781,7,10:00:33.114499218
107.5781,7,10:00:33.124240724
107.5781,35,10:00:33.142031890
107.5781,1,10:00:33.142211308
107.5781,1,10:00:33.142285383
107.5781,11,10:00:33.142400960
107.5781,1,10:00:33.143325766
107.5781,1,10:00:33.143369473
107.5781,30,10:00:33.143549818
107.5781,1,10:00:33.143795308
107.5781,1,10:00:33.144397228
107.5781,5,10:00:33.145320318
107.5625,5,10:00:33.327736591
107.5781,200,10:00:33.643835762
107.5781,100,10:00:34.125283409
107.5781,50,10:00:34.125867061
107.5781,3,10:00:34.187077695
107.5781,20,10:00:34.187327069
107.5781,5,10:00:34.276433288
107.5781,5,10:00:34.276734258
107.5781,1,10:00:34.333834803
107.5781,1,10:00:34.700341205
107.5781,56,10:00:34.700642267
107.5781,28,10:00:34.700833472
107.5781,5,10:00:34.701755665
107.5781,2,10:00:34.701849379
107.5781,1,10:00:34.701869354
107.5781,1,10:00:34.701886887
107.5781,1,10:00:34.701910497
107.5781,1,10:00:34.703393727
107.5781,1,10:00:34.703424566
107.5781,8,10:00:34.703462244
107.5781,9,10:00:34.703697048
107.5781,5,10:00:34.704302542
107.5781,1,10:00:34.704980498
107.5781,1,10:00:34.906220880
107.5781,1,10:00:34.964248949
107.5781,1,10:00:34.974242549
107.5781,67,10:00:34.975375071
107.5781,2,10:00:34.978357781
107.5938,7,10:00:35.292323932
107.5938,1,10:00:35.292340269
107.5781,10,10:00:36.041005760
107.5781,1,10:00:36.041692042
107.5781,200,10:00:36.185412122
107.5781,3,10:00:36.327639217
107.5781,1,10:00:36.329013715
107.5781,1,10:00:36.329543923
107.5781,1,10:00:36.332200049
107.5781,1,10:00:36.333498686
107.5781,1,10:00:36.333781917
107.5781,57,10:00:36.368166893
107.5781,1,10:00:36.368560495
107.5781,2,10:00:36.368643883
107.5781,1,10:00:36.368924141
107.5781,1,10:00:36.369226570
107.5781,43,10:00:36.369370554
107.5781,62,10:00:36.369467922
107.5781,2,10:00:36.369593454
107.5781,6,10:00:36.369716013
107.5781,66,10:00:36.369975186
107.5781,2,10:00:36.370358071
107.5781,2,10:00:36.372060579
107.5781,5,10:00:36.372197062
107.5781,20,10:00:36.372274087
107.5781,10,10:00:36.372308581
107.5781,52,10:00:36.372647535
107.5781,24,10:00:36.372712020
107.5781,5,10:00:36.372805218
107.5781,6,10:00:36.372912004
107.5781,18,10:00:36.373235476
107.5781,1,10:00:36.373235476
107.5781,3,10:00:36.373334298
107.5781,18,10:00:36.373576619
107.5781,1,10:00:36.374201352
107.5781,3,10:00:36.374232152
107.5781,2,10:00:36.374276230
107.5781,47,10:00:36.374412242
107.5781,10,10:00:36.374449593
107.5781,33,10:00:36.374537683
107.5781,4,10:00:36.374576299
107.5781,5,10:00:36.374601711
107.5781,52,10:00:36.376312821
107.5781,1,10:00:36.376441746
107.5781,1,10:00:36.376549242
107.5781,10,10:00:36.376589275
107.5781,1,10:00:36.377438572
107.5781,1,10:00:36.377515905
107.5781,1,10:00:36.377602217
107.5781,50,10:00:36.378896605
107.5781,23,10:00:36.674581824
107.5781,1,10:00:36.674822392
107.5781,19,10:00:36.674875942
107.5781,65,10:00:36.676100972
107.5781,1,10:00:37.150864382
107.5781,79,10:00:37.151753420
107.5781,1,10:00:37.151877846
107.5781,1,10:00:37.151966650
107.5781,1,10:00:37.152050348
107.5781,6,10:00:37.152110170
107.5781,11,10:00:37.153667415
107.5781,6,10:00:37.153702775
107.5781,1,10:00:37.154644999
107.5781,1,10:00:37.154700270
107.5781,1,10:00:37.154718286
107.5781,1,10:00:37.154735442
107.5781,1,10:00:37.154763907
107.5781,1,10:00:37.154782192
107.5781,1,10:00:37.154809172
107.5781,1,10:00:37.154832913
107.5781,1,10:00:37.154855556
107.5781,1,10:00:37.154884533
107.5781,12,10:00:37.155011845
107.5781,18,10:00:37.155260921
107.5781,2,10:00:37.155381900
107.5781,1,10:00:37.156172959
107.5781,2,10:00:37.156552269
107.5781,50,10:00:37.939070284
107.5938,250,10:00:38.706042473
107.5781,150,10:00:38.880225156
107.5938,100,10:00:39.034751025
107.5781,50,10:00:39.069109837
107.5938,1,10:00:39.179297626
107.5938,1,10:00:39.181442143
107.5938,1,10:00:39.207789914
107.5938,3,10:00:39.571290795
107.5938,1,10:00:39.571553982
107.5938,131,10:00:39.571904683
107.5938,6,10:00:39.571957026
107.5938,1,10:00:39.572077892
107.5938,7,10:00:39.572128195
107.5938,1,10:00:39.572208327
107.5938,1,10:00:39.572292640
107.5938,1,10:00:39.572332049
107.5938,1,10:00:39.572416271
107.5938,1,10:00:39.572502318
107.5938,6,10:00:39.573048889
107.5938,1,10:00:39.573891744
107.5938,1,10:00:39.574972489
107.5938,1,10:00:39.575242376
107.5938,2,10:00:39.575943802
107.5938,27,10:00:39.577820761
107.5938,1,10:00:39.578518899
107.5938,11,10:00:39.578557026
107.5938,1,10:00:39.580025305
107.6094,250,10:00:39.652899722
107.6094,12,10:00:39.711133768
107.6094,5,10:00:39.711580087
107.6094,47,10:00:39.711858630
107.6094,1,10:00:39.713447918
107.6094,2,10:00:39.713584739
107.6094,1,10:00:39.713659159
107.6094,43,10:00:39.713679105
107.6094,1,10:00:39.714653144
107.6094,10,10:00:39.714675730
107.6094,1,10:00:39.714707901
107.6094,1,10:00:39.714725661
107.6094,1,10:00:39.714750554
107.6094,1,10:00:39.714774782
107.6094,1,10:00:39.714802344
107.6094,1,10:00:39.714820380
107.6094,1,10:00:39.714844956
107.6094,1,10:00:39.714868477
107.6094,1,10:00:39.714893764
107.6094,1,10:00:39.714917780
107.6094,1,10:00:39.715964214
107.6094,2,10:00:39.726846453
107.6094,205,10:00:40.096864284
107.6094,1,10:00:40.097274462
107.6094,46,10:00:40.098002509
107.6094,1,10:00:40.099323188
107.6094,1,10:00:40.100025055
107.6094,1,10:00:40.100148367
107.6094,2,10:00:40.100242957
107.6094,1,10:00:40.100654162
107.6094,1,10:00:40.100681936
107.6094,10,10:00:40.602629780
107.6094,1,10:00:40.602754909
107.6094,1,10:00:40.602969969
107.6094,52,10:00:40.603303841
107.6094,2,10:00:40.605665150
107.625,1,10:00:40.968625644
107.625,1,10:00:40.968668560
107.6094,30,10:00:40.984802691
107.625,1,10:00:41.304398228
107.625,1,10:00:41.314150204
107.625,1,10:00:41.367305269
107.625,1,10:00:41.686219562
107.625,1,10:00:41.695852025
107.625,1,10:00:42.004948747
107.625,1,10:00:42.145710785
107.6094,50,10:00:42.553978368
107.6094,68,10:00:42.554535912
107.6094,1,10:00:42.555050652
107.6094,1,10:00:42.555147595
107.6094,1,10:00:42.555189932
107.6094,1,10:00:42.555212809
107.6094,1,10:00:42.555235571
107.6094,1,10:00:42.555254256
107.6094,1,10:00:42.555287470
107.6094,1,10:00:42.555324901
107.6094,1,10:00:42.555362294
107.6094,1,10:00:42.555420912
107.6094,1,10:00:42.555477924
107.6094,1,10:00:42.555515819
107.6094,1,10:00:42.555578221
107.6094,1,10:00:42.555610365
107.6094,1,10:00:42.555634866
107.6094,1,10:00:42.555662527
107.6094,1,10:00:42.555697724
107.6094,1,10:00:42.555730426
107.6094,1,10:00:42.555778948
107.6094,2,10:00:42.556595640
107.6094,1,10:00:42.556623231
107.625,50,10:00:43.371341610
107.625,816,10:00:44.204360822
107.625,2,10:00:44.207225695
107.625,1,10:00:44.209179572
107.625,2,10:00:44.213226741
107.625,2,10:00:44.215962869
107.625,1,10:00:44.370690690
107.6406,14,10:00:44.938991993
107.6406,4,10:00:45.078467303
107.6406,25,10:00:45.405694529
107.6406,450,10:00:45.992222978
107.6406,1,10:00:45.993174469
107.6406,1,10:00:45.993669570
107.6406,58,10:00:45.993767557
107.6406,1,10:00:45.993968479
107.6406,1,10:00:45.994291972
107.6406,3,10:00:45.994562015
107.6406,1,10:00:45.995956571
107.6406,200,10:00:46.332081439
107.6406,1,10:00:46.332790126
107.6563,210,10:00:46.540865915
107.6406,290,10:00:46.540865915
107.6406,2,10:00:46.543172314
107.6406,25,10:00:46.543793357
107.6406,9,10:00:46.543851224
107.6406,16,10:00:46.543871548
107.6406,1,10:00:46.545640790
107.6406,2,10:00:46.548295899
107.6406,2,10:00:46.550244662
107.6406,2,10:00:46.550911075
107.6406,2,10:00:46.551148911
107.6406,2,10:00:46.551443496
107.6406,2,10:00:46.551724644
107.6406,5,10:00:46.639929078
107.6563,1,10:00:47.132790425
107.6563,8,10:00:47.608725811
107.6563,78,10:00:47.734030280
107.6563,17,10:00:47.734265466
107.6563,32,10:00:47.734332447
107.6563,17,10:00:47.734375186
107.6563,17,10:00:47.734409670
107.6563,1,10:00:47.734562316
107.6563,1,10:00:47.734823442
107.6563,1,10:00:47.735014166
107.6563,5,10:00:47.735053911
107.6563,32,10:00:47.735072935
107.6563,19,10:00:47.735126210
107.6563,40,10:00:47.735172253
107.6563,1,10:00:47.735216039
107.6563,186,10:00:47.735381965
107.6563,2,10:00:47.737087258
107.6563,2,10:00:47.739095087
107.6719,1,10:00:48.139507703
107.6563,500,10:00:48.284548297
107.6563,16,10:00:48.286575822
107.6563,89,10:00:48.286619280
107.6563,1,10:00:48.287218565
107.6563,97,10:00:48.287337086
107.6563,1,10:00:48.287377166
107.6563,1,10:00:48.287431398
107.6563,1,10:00:48.287511582
107.6563,1,10:00:48.287548159
107.6563,1,10:00:48.287650526
107.6563,1,10:00:48.287808648
107.6563,1,10:00:48.287838888
107.6563,1,10:00:48.287921072
107.6563,1,10:00:48.288013058
107.6563,1,10:00:48.288062386
107.6563,1,10:00:48.288152385
107.6563,1,10:00:48.288202137
107.6563,1,10:00:48.288255287
107.6563,1,10:00:48.288302302
107.6563,1,10:00:48.288374611
107.6563,1,10:00:48.288429389
107.6563,1,10:00:48.288543324
107.6563,1,10:00:48.288661394
107.6563,1,10:00:48.288751953
107.6563,1,10:00:48.288802341
107.6563,7,10:00:48.289260669
107.6563,1,10:00:48.289389028
107.6719,20,10:00:48.384250732
107.6719,30,10:00:48.709388623
107.6719,5,10:00:48.744184555
107.6563,7,10:00:48.860270009
107.6563,1,10:00:48.921341481
107.6563,2,10:00:49.414120056
107.6563,2,10:00:49.414205629
107.6563,2,10:00:49.414248753
107.6563,1,10:00:49.414417182
107.6563,1,10:00:49.414505495
107.6563,1,10:00:49.414543303
107.6563,122,10:00:49.415158919
107.6563,1,10:00:49.415867884
107.6563,1,10:00:49.415958778
107.6563,1,10:00:49.415996475
107.6563,1,10:00:49.416017883
107.6563,1,10:00:49.416036827
107.6563,1,10:00:49.416057589
107.6563,1,10:00:49.416077404
107.6563,1,10:00:49.416090010
107.6563,1,10:00:49.416112663
107.6563,1,10:00:49.416129252
107.6563,1,10:00:49.416182187
107.6563,1,10:00:49.416239494
107.6563,1,10:00:49.416298846
107.6563,1,10:00:49.416383522
107.6563,1,10:00:49.416426823
107.6563,1,10:00:49.416518636
107.6563,1,10:00:49.416582019
107.6563,75,10:00:49.416694102
107.6563,1,10:00:49.416731661
107.6563,84,10:00:49.416825052
107.6563,6,10:00:49.418229983
107.6563,1,10:00:49.418367825
107.6563,21,10:00:49.418503246
107.6563,16,10:00:49.418533589
107.6563,29,10:00:49.418670523
107.6563,1,10:00:49.418889695
107.6563,1,10:00:49.419469406
107.6563,9,10:00:49.420459762
107.6563,3,10:00:49.420619513
107.6563,11,10:00:49.420848903
107.6563,1,10:00:49.421234104
107.6563,1,10:00:49.421325002
107.6563,1,10:00:49.422325588
107.6563,1,10:00:49.422537977
107.6563,1,10:00:49.422599786
107.6563,1,10:00:49.422859366
107.6563,7,10:00:49.423033542
107.6563,9,10:00:49.423814361
107.6563,3,10:00:49.423921835
107.6563,1,10:00:49.424362650
107.6563,4,10:00:49.424781779
107.6563,1,10:00:49.424822851
107.6563,8,10:00:49.424843447
107.6563,1,10:00:49.424869973
107.6563,1,10:00:49.424991969
107.6563,1,10:00:49.425626695
107.6563,12,10:00:49.441747489
107.6563,100,10:00:50.420297689
107.6406,17,10:00:50.458955832
107.6406,32,10:00:50.459056093
107.6406,32,10:00:50.459301138
107.6406,32,10:00:50.459396660
107.6406,17,10:00:50.459523753
107.6406,17,10:00:50.459778664
107.6406,19,10:00:50.460213053
107.6406,6,10:00:50.460389620
107.6406,18,10:00:50.460491101
107.6406,32,10:00:50.460523543
107.6406,32,10:00:50.460685979
107.6406,1,10:00:50.461156910
107.6406,27,10:00:50.461230485
107.6406,52,10:00:50.461417046
107.6406,2,10:00:50.461446909
107.6406,1,10:00:50.461488446
107.6406,1,10:00:50.461510338
107.6406,1,10:00:50.461691528
107.6406,72,10:00:50.461944695
107.6406,10,10:00:50.466567486
107.6406,1,10:00:50.467870965
107.6406,25,10:00:50.859394742
107.6406,200,10:00:50.940894223
107.6406,2,10:00:50.943793738
107.6406,2,10:00:50.944973835
107.6406,5,10:00:50.944995154
107.6406,50,10:00:51.075967768
107.6406,119,10:00:51.177054512
107.6406,1,10:00:51.968664864
107.625,2,10:00:52.340695849
107.625,2,10:00:52.341248286
107.6406,650,10:00:52.839206436
107.6406,1,10:00:52.839934265
107.6406,1,10:00:52.840336868
107.6406,1,10:00:52.841822092
107.6406,2,10:00:52.882524426
107.6406,1,10:00:52.896542351
107.6406,1,10:00:53.480501723
107.6406,50,10:00:53.725276070
107.6406,1,10:00:53.725512315
107.6406,1,10:00:54.002066754
107.625,1,10:00:54.033164144
107.6406,1,10:00:54.152843039
107.6406,1,10:00:54.157425515
107.6406,1,10:00:54.162006226
107.6406,3,10:00:54.166114366
107.6406,1,10:00:54.192365383
107.6406,1,10:00:54.195847604
107.6406,10,10:00:54.866869901
107.6406,50,10:00:55.433644026
107.6406,1,10:00:55.785269400
107.6406,96,10:00:55.965356731
107.6406,17,10:00:55.965558665
107.6406,17,10:00:55.965723311
107.6406,64,10:00:55.965905741
107.6406,6,10:00:55.966045270
107.6406,2,10:00:55.968677054
107.6406,1,10:00:55.968998725
107.6406,11,10:00:55.969890474
107.6406,2,10:00:55.970484579
107.6563,200,10:00:56.114464577
107.6563,1,10:00:56.119218028
107.6563,79,10:00:56.134694515
107.6563,1,10:00:56.134836265
107.6563,30,10:00:56.134906324
107.6563,8,10:00:56.134968536
107.6563,1,10:00:56.135020842
107.6563,1,10:00:56.135108523
107.6563,38,10:00:56.135246324
107.6563,10,10:00:57.211341700
107.6719,1,10:00:57.554940286
107.6719,25,10:00:57.956301253
107.6719,101,10:00:57.965149253
107.6719,94,10:00:57.965467006
107.6719,2,10:00:57.965677481
107.6719,4,10:00:57.965905633
107.6719,8,10:00:57.966733855
107.6719,25,10:00:57.966928028
107.6719,2,10:00:57.968413946
107.6719,40,10:00:57.969235998
107.6719,12,10:00:57.969463718
107.6719,1,10:00:57.970045243
107.6719,2,10:00:57.970230406
107.6719,1,10:00:57.972710696
107.6719,1,10:00:57.972769484
107.6719,20,10:00:57.972855153
107.6719,1,10:00:57.975444373
107.6719,1,10:00:57.975613983
107.6719,3,10:00:57.975935605
107.6719,1,10:00:57.976058754
107.6719,1,10:00:57.976742688
107.6719,1,10:00:58.817307466
107.6563,50,10:00:59.074513568
107.6563,1,10:00:59.074623094
107.6563,12,10:00:59.074718770
107.6563,1,10:00:59.074742078
107.6563,1,10:00:59.074773107
107.6563,1,10:00:59.074823412
107.6563,1,10:00:59.074891874
107.6563,1,10:00:59.074916975
107.6563,1,10:00:59.074949132
107.6563,1,10:00:59.074988260
107.6563,1,10:00:59.075027876
107.6563,1,10:00:59.075061525
107.6563,1,10:00:59.075096112
107.6563,1,10:00:59.075129690
107.6563,1,10:00:59.075170670
107.6563,1,10:00:59.075199192
107.6563,1,10:00:59.075266176
107.6563,1,10:00:59.075284781
107.6563,1,10:00:59.075321140
107.6563,1,10:00:59.075347919
107.6563,1,10:00:59.075418403
107.6563,269,10:00:59.393258957
107.6719,131,10:00:59.393258957
107.6563,2,10:00:59.396042168
107.6563,2,10:00:59.397300420
107.6563,2,10:00:59.399332408
107.6563,30,10:00:59.663678873
107.7656,3,10:01:33.277294467
107.7656,30,10:01:33.368670887
107.7656,1,10:01:35.051766130
107.7656,1,10:01:35.086164259
107.75,25,10:01:35.945083064
107.75,20,10:01:36.802437750
107.75,32,10:01:36.802531494
107.75,32,10:01:36.802646942
107.75,21,10:01:36.802732131
107.75,32,10:01:36.802732131
107.75,32,10:01:36.802851442
107.75,22,10:01:36.802851442
107.75,32,10:01:36.802951207
107.75,22,10:01:36.803015448
107.75,1,10:01:36.803263623
107.75,61,10:01:36.803316514
107.75,10,10:01:36.803734007
107.75,43,10:01:36.803790053
107.75,1,10:01:36.803842367
107.75,480,10:01:36.804683473
107.75,1,10:01:36.805028805
107.75,9,10:01:36.805036033
107.75,232,10:01:36.805782954
107.75,2,10:01:37.065431178
107.75,2,10:01:37.148705377
107.75,16,10:01:37.156309194
107.75,1,10:01:37.156341630
107.75,1,10:01:37.156544601
107.75,1,10:01:37.156583168
107.75,16,10:01:37.156695593
107.75,4,10:01:37.156760525
107.75,1,10:01:37.156760525
107.75,1,10:01:37.156842946
107.75,1,10:01:37.156864172
107.75,1,10:01:37.156898157
107.75,1,10:01:37.156926372
107.75,19,10:01:37.157096791
107.75,1,10:01:37.157142517
107.75,1,10:01:37.157169058
107.75,1,10:01:37.157235952
107.75,1,10:01:37.157275156
107.75,1,10:01:37.157344409
107.75,1,10:01:37.157394810
107.75,1,10:01:37.157480709
107.75,36,10:01:37.157634101
107.75,9,10:01:37.157937384
107.75,5,10:01:37.157988137
107.75,6,10:01:37.158087809
107.75,1,10:01:37.158293532
107.75,9,10:01:37.159658158
107.75,1,10:01:37.160133368
107.75,1,10:01:37.160166376
107.75,1,10:01:37.160185372
107.75,1,10:01:37.160208498
107.75,1,10:01:37.160228992
107.75,1,10:01:37.160248742
107.75,1,10:01:37.160267108
107.75,1,10:01:37.160294372
107.75,1,10:01:37.160312136
107.75,1,10:01:37.160330127
107.75,1,10:01:37.160354274
107.75,1,10:01:37.160372819
107.75,1,10:01:37.160396886
107.75,1,10:01:37.160413357
107.75,1,10:01:37.160440458
107.75,1,10:01:37.160456321
107.75,1,10:01:37.160481020
107.75,1,10:01:37.160502111
107.75,1,10:01:37.160518313
107.75,1,10:01:37.160540486
107.75,1,10:01:37.160565834
107.75,1,10:01:37.160705933
107.75,1,10:01:37.160908170
107.75,1,10:01:37.160940763
107.75,1,10:01:37.161150838
107.75,5,10:01:37.161254420
107.75,1,10:01:37.161378203
107.75,5,10:01:37.161400583
107.75,1,10:01:37.161429781
107.75,1,10:01:37.161500304
107.75,1,10:01:37.161540174
107.75,1,10:01:37.161756700
107.75,1,10:01:37.162685426
107.75,1,10:01:37.162889942
107.75,26,10:01:37.163136657
107.75,6,10:01:37.163184245
107.75,1,10:01:37.163468421
107.75,1,10:01:37.163511916
107.75,66,10:01:37.163618599
107.75,1,10:01:37.163837027
107.75,1,10:01:37.163863292
107.75,1,10:01:37.164092135
107.75,1,10:01:37.164193261
107.75,1,10:01:37.164300060
107.75,1,10:01:37.166124554
107.75,45,10:01:37.168407234
107.75,1,10:01:37.169839000
107.75,20,10:01:38.163539944
107.7656,1,10:01:39.063027848
107.7656,50,10:01:39.221026837
107.75,1,10:01:40.005551855
107.75,25,10:01:40.434496535
107.75,1,10:01:41.223373970
107.75,25,10:01:41.539678601
107.75,1,10:01:42.385081406
107.75,1,10:01:42.430619702
107.7656,1,10:01:42.654880743
107.75,20,10:01:42.929359027
107.75,1,10:01:42.929580888
107.75,1,10:01:42.929698628
107.75,20,10:01:42.934895831
107.75,1,10:01:42.935099563
107.75,20,10:01:42.935392202
107.75,1,10:01:42.935445871
107.75,1,10:01:42.935615055
107.75,1,10:01:42.935700599
107.75,20,10:01:42.937386742
107.75,20,10:01:42.940645079
107.75,1,10:01:42.940830549
107.75,25,10:01:42.940899558
107.75,1,10:01:42.940948270
107.75,1,10:01:42.941041626
107.75,1,10:01:42.941070983
107.75,1,10:01:42.941093722
107.75,1,10:01:42.941163758
107.75,1,10:01:42.941215597
107.75,1,10:01:42.941260929
107.75,1,10:01:42.941324571
107.75,1,10:01:42.941363747
107.75,1,10:01:42.941444754
107.75,1,10:01:42.941524905
107.75,1,10:01:42.941557514
107.75,1,10:01:42.941587861
107.75,1,10:01:42.941676137
107.75,1,10:01:42.941976297
107.75,2,10:01:42.942256540
107.75,20,10:01:42.947374294
107.75,20,10:01:42.953698175
107.75,1,10:01:42.953877283
107.75,1,10:01:42.953972078
107.75,2,10:01:42.954068659
107.75,1,10:01:42.954113601
107.75,1,10:01:42.955000387
107.75,1,10:01:42.955076088
107.75,27,10:01:42.955763648
107.75,6,10:01:42.956023090
107.75,4,10:01:42.956081967
107.75,1,10:01:42.956242182
107.75,1,10:01:42.956262253
107.75,7,10:01:42.957237421
107.75,1,10:01:42.957742058
107.75,20,10:01:42.963183497
107.75,5,10:01:43.214137492
107.75,47,10:01:43.216029763
107.75,8,10:01:43.216104552
107.75,5,10:01:43.216149603
107.75,4,10:01:43.216415048
107.75,1,10:01:43.216593340
107.75,10,10:01:43.217233199
107.75,1,10:01:43.217332699
107.75,36,10:01:43.217363739
107.75,1,10:01:43.217573078
107.75,1,10:01:43.217600048
107.75,15,10:01:43.217628931
107.75,1,10:01:43.218363949
107.75,1,10:01:43.218998429
107.75,20,10:01:44.301395290
107.75,675,10:01:45.142855341
107.75,1,10:01:45.144798263
107.75,4,10:01:45.145664121
107.75,1,10:01:45.151959058
107.7344,1,10:01:45.600195021
107.7344,204,10:01:45.600283775
107.7344,3,10:01:45.600401607
107.7344,5,10:01:45.600775877
107.7344,1,10:01:45.601553957
107.7344,1,10:01:45.601585350
107.7344,11,10:01:45.603214903
107.7344,5,10:01:45.605796039
107.7344,22,10:01:45.605857225
107.7344,10,10:01:45.606134453
107.7344,22,10:01:45.606505647
107.7344,41,10:01:45.607288338
107.7344,11,10:01:45.607753289
107.7344,4,10:01:45.607931474
107.7344,1,10:01:45.608083711
107.7344,1,10:01:45.608999419
107.7344,5,10:01:45.611325239
107.7344,1,10:01:45.611768522
107.7344,20,10:01:45.613085703
107.7344,1,10:01:45.613237320
107.7344,2,10:01:45.613346864
107.7344,2,10:01:45.613446203
107.7344,5,10:01:45.620764732
107.7344,1,10:01:45.837562860
107.7344,20,10:01:45.840516566
107.7344,1,10:01:45.840690718
107.7344,1,10:01:45.840760201
107.7344,21,10:01:45.840853034
107.7344,43,10:01:45.842367369
107.7344,5,10:01:45.842613499
107.7344,1,10:01:45.842733268
107.7344,9,10:01:45.842889266
107.7344,4,10:01:45.844674500
107.7344,1,10:01:45.844704981
107.7344,3,10:01:45.844723093
107.75,1,10:01:46.320060781
107.7344,1,10:01:47.211861323
107.7344,65,10:01:47.212168142
107.7344,1,10:01:47.217848435
107.7344,1,10:01:47.218182401
107.7344,9,10:01:47.218309798
107.7344,1,10:01:47.218620346
107.7344,2,10:01:47.218849864
107.7344,11,10:01:47.218896812
107.7344,1,10:01:47.218923101
107.7344,1,10:01:47.219017685
107.7344,3,10:01:47.219088800
107.7344,1,10:01:47.219132679
107.7344,1,10:01:47.219154355
107.7344,1,10:01:47.219192709
107.7344,7,10:01:47.219262199
107.7344,2,10:01:47.219327807
107.7344,1,10:01:47.219391609
107.7344,1,10:01:47.219850553
107.7344,1,10:01:47.219940251
107.7344,1,10:01:47.220046554
107.7344,62,10:01:47.221287539
107.7344,6,10:01:47.221345419
107.7344,1,10:01:47.221659687
107.7344,1,10:01:47.221755618
107.7188,1,10:01:48.038514730
107.7344,19,10:01:48.367298452
107.7344,22,10:01:48.367467716
107.7344,21,10:01:48.367522444
107.7344,64,10:01:48.367640155
107.7344,12,10:01:48.367699362
107.7344,10,10:01:48.370514398
107.75,9,10:01:48.547101655
107.75,1,10:01:49.097792742
107.75,2,10:01:49.098478880
107.75,1,10:01:49.402506096
107.75,2,10:01:49.403138461
107.75,103,10:01:49.403245781
107.75,80,10:01:49.403302166
107.75,1,10:01:49.403323946
107.75,10,10:01:49.403439152
107.75,11,10:01:49.403467731
107.75,1,10:01:49.403488647
107.75,7,10:01:49.403673185
107.75,1,10:01:49.403704050
107.75,1,10:01:49.403877730
107.75,69,10:01:49.404127159
107.75,5,10:01:49.404409277
107.75,13,10:01:49.404460225
107.75,2,10:01:49.404547619
107.75,2,10:01:49.404605713
107.75,2,10:01:49.404664015
107.75,1,10:01:49.404703478
107.75,1,10:01:49.404911966
107.75,1,10:01:49.404939585
107.75,1,10:01:49.404975346
107.75,4,10:01:49.405003929
107.75,1,10:01:49.406408953
107.75,4,10:01:49.406907103
107.75,5,10:01:49.407233795
107.75,54,10:01:49.407968225
107.75,32,10:01:49.408003049
107.75,1,10:01:49.408222429
107.75,1,10:01:49.408432171
107.75,4,10:01:49.408623189
107.75,1,10:01:49.408723460
107.75,5,10:01:49.408746299
107.75,1,10:01:49.408775730
107.75,7,10:01:49.409209815
107.75,1,10:01:49.409380763
107.75,1,10:01:49.409511927
107.75,1,10:01:49.409678369
107.75,1,10:01:49.409842670
107.75,1,10:01:49.409947459
107.75,3,10:01:49.410570079
107.75,1,10:01:49.410658277
107.75,1,10:01:49.411013945
107.75,141,10:01:49.414500553
107.7656,70,10:01:49.819771469
107.75,1,10:01:50.127242657
107.75,40,10:01:50.127432290
107.75,20,10:01:50.127533016
107.75,1,10:01:50.127872382
107.75,27,10:01:50.128025362
107.75,5,10:01:50.128715404
107.75,2,10:01:50.129077239
107.75,1,10:01:50.130388517
107.75,25,10:01:50.130473253
107.75,1,10:01:50.130507188
107.75,1,10:01:50.130527140
107.75,1,10:01:50.130548971
107.75,1,10:01:50.130574424
107.75,1,10:01:50.130592274
107.75,1,10:01:50.130613401
107.75,1,10:01:50.130643958
107.75,1,10:01:50.130663485
107.75,1,10:01:50.130681255
107.75,1,10:01:50.130708251
107.75,1,10:01:50.130728097
107.75,1,10:01:50.130751531
107.75,1,10:01:50.130775343
107.75,1,10:01:50.130789571
107.75,1,10:01:50.130812967
107.75,1,10:01:50.130838955
107.75,1,10:01:50.130862101
107.75,1,10:01:50.130882629
107.75,1,10:01:50.130906975
107.75,1,10:01:50.130926748
107.75,4,10:01:50.131091036
107.7344,50,10:01:50.131806561
107.75,1,10:01:50.132122203
107.75,1,10:01:50.132187641
107.75,4,10:01:50.132385952
107.75,1,10:01:50.133680836
107.75,20,10:01:50.134609127
107.75,1,10:01:50.134721938
107.75,1,10:01:50.134763338
107.75,1,10:01:50.136391447
107.75,42,10:01:50.588194139
107.75,1,10:01:50.588362421
107.75,1,10:01:50.588485928
107.75,1,10:01:50.588555702
107.75,1,10:01:50.588636910
107.7344,350,10:01:50.980818468
107.7344,2,10:01:51.080894701
107.7344,1,10:01:53.731677222
107.7344,35,10:01:53.846184287
107.7344,1,10:01:53.846249629
107.7344,174,10:01:53.846455870
107.7344,1,10:01:53.846508438
107.7344,1,10:01:53.846610496
107.7344,1,10:01:53.846651658
107.7344,5,10:01:53.846725127
107.7344,53,10:01:53.847090148
107.7344,17,10:01:55.008232369
107.7344,1,10:01:55.008311007
107.7344,12,10:01:55.008707486
107.7344,1,10:01:55.009828551
107.7344,2,10:01:55.016639679
107.7344,1,10:01:55.016847331
107.7344,1,10:01:55.016903872
107.7344,1,10:01:55.016970891
107.7344,1,10:01:55.017006255
107.7344,1,10:01:55.017034845
107.7344,1,10:01:55.017285768
107.7344,100,10:01:56.799684942
107.7188,75,10:01:57.578232842
107.7188,1,10:01:57.844975376
107.7188,2,10:01:57.845077525
107.7188,68,10:01:57.845488720
107.7188,82,10:01:57.845616803
107.7188,20,10:01:57.846808520
107.7188,5,10:01:57.847445482
107.7188,1,10:01:57.847746900
107.7188,14,10:01:57.848578190
107.7188,15,10:01:57.848926822
107.7188,6,10:01:57.849058287
107.7188,5,10:01:57.850737750
107.7188,1,10:01:57.851135145
107.7188,1,10:01:57.851458396
107.7188,1,10:01:57.852357906
107.7188,100,10:01:58.241397050
107.7188,1,10:01:58.241920862
107.7188,1,10:01:58.242046669
107.7188,1,10:01:58.242133206
107.7188,1,10:01:58.242335725
107.7188,20,10:01:58.248213860
107.7188,1,10:01:58.248332112
107.7188,1,10:01:58.248397140
107.7188,12,10:01:58.248526852
107.7188,1,10:01:58.248577653
107.7188,1,10:01:58.248625712
107.7188,1,10:01:58.248652278
107.7188,1,10:01:58.248683872
107.7188,1,10:01:58.248746843
107.7188,1,10:01:58.248772141
107.7188,1,10:01:58.248803408
107.7188,1,10:01:58.248833245
107.7188,1,10:01:58.248865614
107.7188,1,10:01:58.248914937
107.7188,1,10:01:58.248944777
107.7188,1,10:01:58.248976541
107.7188,1,10:01:58.249034226
107.7188,1,10:01:58.249065542
107.7188,1,10:01:58.249285585
107.7188,4,10:01:58.249460205
107.7188,4,10:01:58.249915910
107.7188,1,10:01:58.249983867
107.7188,1,10:01:58.250432616
107.7188,1,10:01:58.250518435
107.7188,1,10:01:58.251714791
107.7188,10,10:01:58.932321994
107.7031,25,10:01:59.184064321
107.7188,10,10:02:00.140069033
107.7188,20,10:02:00.140265713
107.7188,6,10:02:00.140416950
107.7188,2,10:02:00.140464468
107.7188,10,10:02:00.140518518
107.7188,3,10:02:00.140546208
107.7188,1,10:02:00.140598301
107.7188,19,10:02:00.140716268
107.7188,1,10:02:00.141064058
107.7188,1,10:02:00.141089159
107.7188,27,10:02:00.142437177
107.7188,1,10:02:00.142514999
107.7188,1,10:02:00.143046166
107.7188,45,10:02:00.144062435
107.7188,4,10:02:00.144287010
107.7188,1,10:02:00.144712157
107.7188,21,10:02:00.144731492
107.7188,1,10:02:00.144830764
107.7188,1,10:02:00.144996976
107.7188,1,10:02:00.145019165
107.7188,1,10:02:00.145946720
107.7188,1,10:02:00.149157777
107.7188,30,10:02:00.665226777
107.7188,100,10:02:01.540671111
107.7188,3,10:02:01.540856881
107.7188,1,10:02:01.540902831
107.7188,2,10:02:01.540960150
107.7188,3,10:02:01.540985296
107.7188,1,10:02:01.541024885
107.7188,3,10:02:01.541294909
107.7188,20,10:02:01.542438116
107.7188,1,10:02:01.544941344
107.7188,1,10:02:01.545134865
107.7188,15,10:02:01.647768390
107.7188,100,10:02:01.788335883
107.7188,1,10:02:01.788466000
107.7188,4,10:02:01.788514073
107.7188,6,10:02:01.788866758
107.7188,1,10:02:01.789105627
107.7188,1,10:02:01.789174860
107.7188,1,10:02:01.789212176
107.7188,1,10:02:01.789240684
107.7188,1,10:02:01.789278519
107.7188,1,10:02:01.789308003
107.7188,1,10:02:01.789343122
107.7188,1,10:02:01.789375664
107.7188,1,10:02:01.789446606
107.7188,1,10:02:01.789528102
107.7188,1,10:02:01.789589150
107.7188,1,10:02:01.789622721
107.7188,1,10:02:01.789656976
107.7188,1,10:02:01.789685241
107.7188,1,10:02:01.789751749
107.7188,1,10:02:01.789780321
107.7188,1,10:02:01.789814745
107.7188,69,10:02:01.790175837
107.7188,3,10:02:01.790518321
107.7188,16,10:02:01.791068885
107.7188,1,10:02:01.791568230
107.7188,1,10:02:01.791616172
107.7188,1,10:02:01.791775396
107.7188,1,10:02:01.792194396
107.7188,1,10:02:01.792501654
107.7188,1,10:02:01.792568820
107.7188,500,10:02:03.726455466
107.7188,1,10:02:03.728663033
107.7188,1,10:02:03.729067618
107.7188,15,10:02:03.739869817
107.7188,1,10:02:03.740198521
107.7188,1,10:02:03.740233152
107.7188,1,10:02:03.740260433
107.7188,1,10:02:03.740975648
107.7188,1,10:02:03.741118808
107.7188,20,10:02:03.752301607
107.7188,1,10:02:03.752395987
107.7188,1,10:02:03.752450685
107.7188,1,10:02:03.752537260
107.7188,1,10:02:03.752593998
107.7188,1,10:02:03.752660773
107.7188,1,10:02:03.752688623
107.7188,1,10:02:03.752721050
107.7188,1,10:02:03.752780584
107.7188,1,10:02:03.752839653
107.7188,1,10:02:03.752868159
107.7188,1,10:02:03.752902250
107.7188,1,10:02:03.752931508
107.7188,1,10:02:03.753003343
107.7188,1,10:02:03.753024006
107.7188,1,10:02:03.753047690
107.7188,1,10:02:03.753079210
107.7188,1,10:02:03.753144268
107.7188,1,10:02:03.753169996
107.7188,1,10:02:03.753213988
107.7188,1,10:02:03.753249966
107.7188,2,10:02:03.753315241
107.7188,2,10:02:03.753384145
107.7188,36,10:02:03.753516496
107.7188,1,10:02:03.753966144
107.7188,1,10:02:03.754087273
107.7188,1,10:02:03.754137731
107.7188,1,10:02:03.754180362
107.7188,19,10:02:03.754215249
107.7188,1,10:02:03.754635143
107.7188,1,10:02:03.754827348
