price,volume,timestamp
5326.75,1,14:20:00.020061852
5326.5,30,14:20:00.126620763
5326.5,9,14:20:00.126934541
5326.5,4,14:20:00.127018067
5326.5,6,14:20:00.127097445
5326.5,5,14:20:00.127241985
5326.5,35,14:20:00.127390467
5326.25,1,14:20:00.254683401
5326.25,1,14:20:00.254693030
5326.5,2,14:20:00.271182579
5326.25,1,14:20:00.396564445
5326.5,1,14:20:00.888829812
5326.5,1,14:20:00.930820195
5326.5,2,14:20:01.045622218
5326.5,22,14:20:01.046509294
5326.5,1,14:20:01.048642358
5326.5,10,14:20:01.048830471
5326.5,1,14:20:01.048906802
5326.5,1,14:20:01.049276665
5326.5,1,14:20:01.049379682
5326.5,2,14:20:01.049379682
5326.5,7,14:20:01.049452182
5326.5,1,14:20:01.049542011
5326.5,16,14:20:01.050143412
5326.5,2,14:20:01.166587616
5326.5,1,14:20:01.375344409
5326.5,7,14:20:01.516975975
5326.5,1,14:20:01.517003246
5326.5,7,14:20:01.517327457
5326.5,4,14:20:01.517554607
5326.5,5,14:20:01.517616596
5326.5,1,14:20:01.517651237
5326.5,2,14:20:01.592615431
5326.75,49,14:20:01.649141217
5326.75,15,14:20:01.649470084
5326.75,1,14:20:01.650052119
5326.75,3,14:20:01.651475046
5326.75,1,14:20:01.663082302
5326.75,2,14:20:01.838164486
5326.75,3,14:20:01.838185347
5326.75,2,14:20:01.838369446
5326.75,4,14:20:01.838456901
5326.75,10,14:20:01.838574113
5326.75,4,14:20:01.838706397
5326.75,1,14:20:01.838706397
5326.75,4,14:20:01.838934047
5326.75,6,14:20:01.838986252
5326.75,1,14:20:01.839075272
5326.75,1,14:20:01.839153270
5326.75,1,14:20:01.839219153
5326.75,34,14:20:02.871946419
5326.75,5,14:20:02.872544700
5326.75,1,14:20:02.872929296
5326.75,5,14:20:02.873129229
5326.75,3,14:20:02.873129229
5326.75,9,14:20:02.873165899
5326.75,1,14:20:02.873165899
5326.75,1,14:20:02.873244413
5326.75,1,14:20:02.873444407
5326.75,2,14:20:02.873444407
5326.75,4,14:20:02.873444407
5326.75,4,14:20:02.873657768
5326.75,1,14:20:02.873657768
5326.75,1,14:20:02.873692304
5326.75,3,14:20:02.873772894
5326.75,1,14:20:02.873772894
5326.75,1,14:20:02.873798609
5326.75,1,14:20:02.873860988
5326.75,1,14:20:02.873962791
5326.75,1,14:20:03.207781459
5326.75,1,14:20:03.860953015
5326.75,26,14:20:03.916693573
5326.5,1,14:20:03.916997310
5326.5,1,14:20:03.917145150
5326.75,2,14:20:03.917547709
5326.5,12,14:20:03.939266560
5326.5,1,14:20:03.939339569
5326.5,4,14:20:03.939403352
5326.5,3,14:20:03.939882278
5326.5,1,14:20:03.939929724
5326.5,2,14:20:03.940051157
5326.5,6,14:20:03.940146401
5326.5,1,14:20:03.953182366
5326.5,1,14:20:03.985409442
5326.5,1,14:20:05.833895903
5326.75,40,14:20:06.726857056
5326.75,1,14:20:06.735347526
5326.5,1,14:20:07.163235733
5326.5,34,14:20:07.688889772
5326.5,3,14:20:07.689024639
5326.5,1,14:20:07.689485438
5326.25,2,14:20:07.795640855
5326.25,1,14:20:08.444917891
5326.25,1,14:20:08.538604696
5326.25,1,14:20:09.018636457
5326.25,3,14:20:09.243584499
5326.5,38,14:20:10.202002442
5326.5,1,14:20:10.202710236
5326.5,51,14:20:10.202890734
5326.5,2,14:20:10.203193826
5326.5,5,14:20:10.203370723
5326.5,8,14:20:10.203370723
5326.5,2,14:20:10.203370723
5326.5,4,14:20:10.203609406
5326.5,1,14:20:10.203689430
5326.5,1,14:20:10.203760711
5326.75,1,14:20:10.372591533
5326.5,1,14:20:10.395315789
5326.75,1,14:20:10.413656674
5326.5,1,14:20:10.875437623
5326.75,2,14:20:12.372543663
5326.75,1,14:20:13.119887297
5326.5,1,14:20:13.187533258
5326.5,1,14:20:13.676003227
5326.5,1,14:20:14.085625807
5326.75,1,14:20:14.372644833
5326.75,1,14:20:14.569000861
5326.75,1,14:20:15.019533655
5326.75,1,14:20:15.777558810
5326.75,3,14:20:16.322560809
5326.5,1,14:20:16.711194051
5326.5,1,14:20:17.683078630
5326.75,1,14:20:17.746388543
5326.75,1,14:20:18.558769772
5326.75,1,14:20:18.776101576
5326.5,25,14:20:18.995166934
5326.5,2,14:20:18.995300534
5326.5,1,14:20:18.995351619
5326.5,1,14:20:18.995384257
5326.5,1,14:20:18.995648488
5326.5,6,14:20:18.995778345
5326.5,1,14:20:18.995825120
5326.5,6,14:20:18.995895173
5326.5,1,14:20:18.995924738
5326.5,1,14:20:18.996111398
5326.5,1,14:20:18.996245855
5326.5,5,14:20:18.996352126
5326.5,9,14:20:18.996540514
5326.5,1,14:20:18.996840193
5326.5,1,14:20:18.996879951
5326.5,20,14:20:19.149190149
5326.5,6,14:20:19.149254019
5326.5,2,14:20:19.149298551
5326.5,3,14:20:19.149377650
5326.5,5,14:20:19.149448759
5326.5,6,14:20:19.149758874
5326.5,1,14:20:19.149871823
5326.5,5,14:20:19.149871823
5326.5,1,14:20:19.149996325
5326.5,2,14:20:19.149996325
5326.5,4,14:20:19.149996325
5326.5,2,14:20:19.150174499
5326.5,1,14:20:19.150300072
5326.5,1,14:20:19.150345580
5326.75,1,14:20:19.327491559
5326.75,5,14:20:19.818887296
5326.75,1,14:20:20.627244919
5326.5,1,14:20:20.913918970
5326.5,1,14:20:20.918903409
5326.75,1,14:20:21.369922129
5326.5,2,14:20:21.507647903
5326.5,10,14:20:21.508006084
5326.5,1,14:20:21.508136078
5326.5,1,14:20:21.508157324
5326.5,1,14:20:21.508230810
5326.5,4,14:20:21.508327692
5326.5,2,14:20:21.508327692
5326.5,1,14:20:21.508402295
5326.5,2,14:20:21.508649177
5326.5,11,14:20:21.508734264
5326.5,2,14:20:21.508794277
5326.5,1,14:20:21.508850358
5326.5,4,14:20:21.509017943
5326.5,3,14:20:21.509017943
5326.5,1,14:20:21.509185489
5326.5,2,14:20:21.509260988
5326.5,3,14:20:21.509380113
5326.5,1,14:20:21.509380113
5326.5,1,14:20:21.723396471
5326.25,9,14:20:22.953132866
5326.25,8,14:20:22.953232902
5326.25,2,14:20:22.953232902
5326.25,6,14:20:22.953971907
5326.25,5,14:20:22.954106569
5326.25,1,14:20:22.954106569
5326.25,2,14:20:22.954517655
5326.25,4,14:20:22.954517655
5326.25,7,14:20:22.954523467
5326.25,2,14:20:22.954651233
5326.25,1,14:20:22.954890136
5326.25,3,14:20:22.955293659
5326.25,1,14:20:22.955577431
5326.0,1,14:20:23.678755287
5326.0,1,14:20:23.678767264
5326.0,2,14:20:23.689102718
5326.0,1,14:20:23.689248541
5326.0,1,14:20:23.831725307
5326.0,1,14:20:24.444492573
5326.0,1,14:20:24.874259115
5326.25,1,14:20:25.585175154
5326.0,1,14:20:26.115277610
5326.0,1,14:20:26.367261657
5326.0,1,14:20:27.158041716
5326.0,2,14:20:27.287017445
5326.0,6,14:20:27.287343048
5326.0,1,14:20:27.287416198
5326.0,7,14:20:27.287488340
5326.0,7,14:20:27.287552620
5326.0,3,14:20:27.287586099
5326.0,25,14:20:27.288112477
5326.0,3,14:20:27.288495190
5326.0,6,14:20:27.288585501
5326.0,1,14:20:27.288611608
5326.0,8,14:20:27.288697501
5326.0,2,14:20:27.288758308
5326.0,3,14:20:27.288884695
5326.0,1,14:20:27.288926088
5326.0,1,14:20:27.289197783
5326.0,3,14:20:27.289248023
5326.0,1,14:20:28.690007715
5325.75,25,14:20:29.306906746
5325.75,1,14:20:29.306921569
5325.75,7,14:20:29.307087112
5325.75,1,14:20:29.307126361
5325.75,1,14:20:29.307208977
5326.0,1,14:20:29.906871971
5325.75,1,14:20:30.020188366
5326.0,1,14:20:30.020776090
5325.75,1,14:20:30.165419557
5325.75,2,14:20:30.179747385
5325.75,1,14:20:30.295515308
5325.75,2,14:20:30.906443460
5325.75,5,14:20:31.479258933
5325.75,8,14:20:32.041824951
5325.75,1,14:20:32.219802364
5325.75,1,14:20:33.383041520
5325.5,2,14:20:33.487078892
5325.5,1,14:20:33.487092211
5325.5,4,14:20:33.700342201
5325.5,3,14:20:34.114002723
5325.5,1,14:20:34.114227143
5325.5,1,14:20:34.114273938
5325.5,1,14:20:34.114465350
5325.5,2,14:20:34.522823179
5325.5,1,14:20:34.746778429
5325.5,2,14:20:34.853786315
5325.5,1,14:20:34.854121963
5325.5,1,14:20:35.662018472
5325.5,8,14:20:36.024827333
5325.5,2,14:20:36.205985969
5325.5,5,14:20:36.782863042
5325.75,1,14:20:36.944627627
5325.5,1,14:20:37.005655571
5325.5,10,14:20:37.005776168
5325.5,5,14:20:37.005875630
5325.5,4,14:20:37.006106277
5325.5,1,14:20:37.006268831
5325.5,6,14:20:37.006367345
5325.5,4,14:20:37.006415276
5325.5,4,14:20:37.006478295
5325.5,1,14:20:37.006700235
5325.5,4,14:20:37.006777626
5325.5,2,14:20:37.006777626
5325.5,1,14:20:37.007127563
5325.5,1,14:20:37.007321720
5325.5,4,14:20:37.007321720
5325.5,6,14:20:37.007321720
5325.5,2,14:20:37.007368158
5325.5,2,14:20:37.007594708
5325.5,2,14:20:37.007803560
5325.5,3,14:20:37.007881542
5325.5,1,14:20:37.007881542
5325.5,2,14:20:37.007916212
5325.5,1,14:20:37.008008646
5325.5,1,14:20:37.008166607
5325.25,1,14:20:37.031721572
5325.5,5,14:20:37.268633386
5325.5,7,14:20:37.271115959
5325.5,13,14:20:37.278419712
5325.5,1,14:20:37.532410802
5325.5,3,14:20:37.950906588
5325.25,5,14:20:37.960664525
5325.25,2,14:20:38.503904818
5325.25,2,14:20:38.941633165
5325.25,1,14:20:39.023379636
5325.25,1,14:20:39.265492986
5325.5,6,14:20:39.341606457
5325.5,9,14:20:39.341873946
5325.5,9,14:20:39.341921135
5325.5,22,14:20:39.342353923
5325.5,15,14:20:39.342475537
5325.5,1,14:20:39.342828085
5325.5,1,14:20:39.343080764
5325.5,3,14:20:39.343203167
5325.5,1,14:20:39.343203167
5325.5,1,14:20:39.343796239
5325.5,1,14:20:39.343987452
5325.5,1,14:20:39.344074782
5325.5,1,14:20:39.344323122
5325.5,2,14:20:39.344323122
5325.5,1,14:20:39.344429166
5325.5,1,14:20:39.344672198
5325.75,1,14:20:39.383073312
5325.5,4,14:20:39.723303698
5325.75,11,14:20:39.829410772
5325.5,2,14:20:40.965254574
5325.5,3,14:20:40.965316196
5325.5,4,14:20:40.965397815
5325.5,10,14:20:40.965450796
5325.5,2,14:20:40.974680636
5325.5,1,14:20:40.974716467
5325.5,2,14:20:40.974839465
5325.5,3,14:20:40.974952416
5325.5,3,14:20:40.975018761
5325.5,2,14:20:41.274918109
5325.5,1,14:20:41.275095242
5325.5,1,14:20:41.275251043
5325.5,1,14:20:42.216039991
5325.5,64,14:20:42.229628299
5325.25,8,14:20:42.313608641
5325.25,4,14:20:42.313777833
5325.25,12,14:20:42.313900359
5325.25,6,14:20:42.315305342
5325.25,1,14:20:42.315391875
5325.25,3,14:20:42.315451786
5325.25,5,14:20:42.315531058
5325.25,4,14:20:42.315876345
5325.25,1,14:20:42.315990939
5325.25,1,14:20:42.316024335
5325.25,6,14:20:42.316349116
5325.25,1,14:20:42.317590735
5325.5,2,14:20:42.318003511
5325.25,5,14:20:42.318166729
5325.5,2,14:20:42.319634386
5325.5,2,14:20:42.331150816
5325.25,1,14:20:42.409280538
5325.5,1,14:20:42.529206503
5325.25,2,14:20:42.637435683
5325.5,5,14:20:42.780299985
5325.5,5,14:20:44.302475382
5325.5,1,14:20:45.019901439
5325.25,1,14:20:45.100473583
5325.5,1,14:20:45.379398546
5325.25,1,14:20:45.916064883
5325.5,1,14:20:46.467423524
5325.5,1,14:20:47.405559903
5325.5,1,14:20:47.405707038
5325.5,2,14:20:47.430955311
5325.5,3,14:20:47.430995551
5325.5,1,14:20:47.431036234
5325.5,7,14:20:47.431067082
5325.5,101,14:20:47.431145587
5325.5,1,14:20:47.431193434
5325.5,21,14:20:47.431268520
5325.5,3,14:20:47.431268520
5325.5,10,14:20:47.431323388
5325.5,1,14:20:47.431323388
5325.5,1,14:20:47.431371217
5325.5,6,14:20:47.431430149
5325.5,5,14:20:47.431430149
5325.5,3,14:20:47.431454287
5325.5,3,14:20:47.431532864
5325.5,4,14:20:47.431596849
5325.5,5,14:20:47.431596849
5325.5,1,14:20:47.431709182
5325.5,5,14:20:47.431709182
5325.5,6,14:20:47.431787788
5325.5,10,14:20:47.431787788
5325.5,4,14:20:47.431873969
5325.5,2,14:20:47.431873969
5325.5,1,14:20:47.431873969
5325.5,2,14:20:47.431908287
5325.5,21,14:20:47.432084399
5325.5,1,14:20:47.432186046
5325.5,2,14:20:47.432186046
5325.5,4,14:20:47.432425513
5325.5,4,14:20:47.432474903
5325.5,2,14:20:47.432634061
5325.5,3,14:20:47.432748681
5325.5,4,14:20:47.432748681
5325.5,7,14:20:47.432873394
5325.5,1,14:20:47.433196674
5325.5,1,14:20:47.440278715
5325.5,3,14:20:47.450496151
5325.5,17,14:20:48.319076704
5325.5,1,14:20:48.345461486
5325.75,1,14:20:49.018996527
5325.75,2,14:20:49.130472805
5325.75,1,14:20:49.899503352
5325.75,11,14:20:49.899854986
5325.75,1,14:20:49.900068417
5325.75,5,14:20:49.900359789
5325.75,1,14:20:49.900613745
5325.75,1,14:20:49.900650387
5325.75,2,14:20:49.900693018
5325.75,2,14:20:49.900746516
5325.75,1,14:20:49.900842359
5325.75,1,14:20:49.900881892
5325.75,1,14:20:49.908813000
5325.5,1,14:20:50.911888977
5325.5,1,14:20:50.938488236
5325.5,1,14:20:51.220514150
5325.75,5,14:20:51.303450075
5325.75,1,14:20:52.499214092
5325.75,1,14:20:52.537132993
5325.75,1,14:20:52.983441014
5325.75,1,14:20:53.974990753
5325.5,1,14:20:55.694671674
5325.75,1,14:20:56.376891415
5325.75,41,14:20:56.735457062
5325.75,1,14:20:56.735803060
5325.75,5,14:20:56.735991543
5325.75,4,14:20:56.735991543
5325.75,5,14:20:56.736039915
5325.75,5,14:20:56.736455652
5325.75,4,14:20:56.737518735
5325.75,4,14:20:56.737568483
5325.75,2,14:20:56.746158487
5325.75,3,14:20:56.746205243
5325.75,6,14:20:56.746556095
5325.75,8,14:20:56.746684289
5325.75,2,14:20:56.746798612
5325.75,2,14:20:56.747137586
5325.75,2,14:20:56.747324834
5325.75,2,14:20:56.747672828
5325.75,3,14:20:56.747923233
5325.75,6,14:20:56.748234564
5325.75,7,14:20:56.748269438
5325.75,2,14:20:56.764185791
5325.75,2,14:20:56.846532010
5325.75,1,14:20:56.846557681
5325.75,1,14:20:56.846708868
5325.75,1,14:20:56.846746632
5325.75,1,14:20:57.850618539
5326.0,5,14:20:58.304413332
5326.0,1,14:20:58.741607396
5326.0,1,14:20:59.054597950
5326.0,7,14:20:59.514512292
5326.0,11,14:20:59.905511645
5326.0,1,14:21:00.020911968
5325.75,30,14:21:00.505737190
5325.75,30,14:21:00.506683590
5325.75,1,14:21:00.507005228
5325.75,1,14:21:01.137205797
5325.75,1,14:21:02.009676988
5325.75,1,14:21:02.690795391
5325.75,1,14:21:02.690987321
5325.75,1,14:21:02.691024601
5325.75,5,14:21:02.691228752
5325.75,8,14:21:02.691293778
5325.75,3,14:21:02.691625955
5325.75,1,14:21:02.691663177
5325.75,1,14:21:02.706451754
5325.75,1,14:21:02.766228485
5325.75,2,14:21:02.948648980
5325.75,2,14:21:02.948822600
5325.75,8,14:21:02.948939149
5325.75,2,14:21:02.949005336
5325.75,1,14:21:03.307704629
5325.75,1,14:21:03.494545661
5325.75,1,14:21:03.681350494
5325.75,2,14:21:04.302861858
5325.75,3,14:21:04.302918861
5325.75,10,14:21:04.303171611
5325.75,1,14:21:04.303216975
5325.75,5,14:21:04.303288116
5326.0,1,14:21:04.375186290
5326.0,5,14:21:05.305394651
5326.0,1,14:21:05.376433962
5326.0,1,14:21:06.896359219
5325.75,1,14:21:06.956634299
5325.75,26,14:21:06.965555234
5325.75,1,14:21:06.966000776
5325.75,1,14:21:07.167371881
5325.75,1,14:21:08.601857630
5325.75,1,14:21:08.715536527
5325.5,1,14:21:08.782135631
5325.75,11,14:21:09.906896716
5325.5,1,14:21:11.453784514
5325.75,2,14:21:11.685000039
5325.5,1,14:21:11.851059685
5325.75,5,14:21:12.306364361
5325.5,2,14:21:12.695288606
5325.5,72,14:21:12.695852736
5325.5,1,14:21:12.802281584
5325.25,1,14:21:12.809754643
5325.25,1,14:21:12.809768477
5325.25,20,14:21:13.462374646
5325.25,30,14:21:14.063367358
5325.25,7,14:21:14.063533655
5325.25,2,14:21:14.063594718
5325.25,1,14:21:14.063662004
5325.25,2,14:21:14.063725611
5325.25,1,14:21:14.063725611
5325.25,1,14:21:14.063791613
5325.25,1,14:21:14.063832963
5325.25,1,14:21:14.063877765
5325.25,3,14:21:14.064140846
5325.25,3,14:21:14.064180008
5325.25,2,14:21:14.064283850
5325.25,1,14:21:14.064380699
5325.25,2,14:21:14.064380699
5325.25,4,14:21:14.072339980
5325.25,2,14:21:14.073606278
5325.25,1,14:21:14.097984670
5325.25,7,14:21:14.549413077
5325.25,3,14:21:14.739665534
5325.25,1,14:21:14.739894431
5325.25,4,14:21:14.740165706
5325.25,1,14:21:15.020491138
5325.0,1,14:21:16.898157603
5325.0,1,14:21:16.898167719
5325.0,1,14:21:17.218927708
5325.0,1,14:21:17.679066933
5325.0,5,14:21:18.022945688
5325.0,50,14:21:18.312656284
5325.0,1,14:21:18.312913847
5325.0,1,14:21:18.312948458
5325.0,14,14:21:18.313055869
5325.0,3,14:21:18.313336012
5325.0,3,14:21:18.313370691
5325.0,1,14:21:18.313445041
5325.0,2,14:21:18.313495141
5325.0,3,14:21:18.315125629
5325.0,10,14:21:18.315445908
5325.0,1,14:21:18.315482673
5325.0,1,14:21:18.315649793
5325.0,4,14:21:18.315713157
5325.0,3,14:21:18.315794452
5325.0,1,14:21:18.343735997
5325.25,2,14:21:18.812897729
5325.0,6,14:21:18.995978951
5325.25,1,14:21:19.372981932
5325.0,9,14:21:19.380460321
5325.0,1,14:21:19.380855275
5325.0,1,14:21:19.920176562
5325.0,10,14:21:19.920453659
5325.0,1,14:21:19.920571690
5325.0,1,14:21:19.920794408
5325.0,2,14:21:19.921013990
5325.0,4,14:21:19.921131425
5325.0,1,14:21:19.921210720
5325.0,1,14:21:19.921270836
5325.0,3,14:21:19.921371290
5325.0,1,14:21:19.921555194
5325.0,1,14:21:19.921655542
5325.0,1,14:21:19.921692502
5325.0,1,14:21:19.921754072
5325.0,1,14:21:19.921977641
5325.0,1,14:21:19.923878604
5324.75,1,14:21:21.171125353
5324.75,1,14:21:21.171137241
5325.0,1,14:21:21.188652253
5325.0,1,14:21:21.227162811
5324.75,2,14:21:21.349792646
5324.75,36,14:21:21.350116547
5324.75,1,14:21:21.690335400
5324.75,1,14:21:21.696505947
5324.5,9,14:21:21.719344528
5324.5,1,14:21:21.719355207
5324.5,2,14:21:21.745831206
5324.75,94,14:21:21.889230113
5325.0,93,14:21:21.889230113
5325.0,1,14:21:21.890860300
5325.0,23,14:21:21.891254752
5325.0,2,14:21:21.891254752
5325.0,1,14:21:21.891259101
5325.0,1,14:21:21.891410458
5325.0,7,14:21:21.891410458
5325.0,2,14:21:21.891584226
5325.0,1,14:21:21.891584226
5325.0,8,14:21:21.891584226
5325.0,3,14:21:21.891584226
5325.0,7,14:21:21.891681771
5325.0,1,14:21:21.891813938
5325.0,21,14:21:21.891913821
5325.0,7,14:21:21.892013011
5325.0,1,14:21:21.892104782
5325.0,9,14:21:21.892299893
5325.0,2,14:21:21.893448124
5325.0,32,14:21:21.901920964
5325.0,2,14:21:21.902058538
5325.0,1,14:21:21.967205325
5325.0,25,14:21:22.071586035
5324.75,25,14:21:22.071586035
5324.75,1,14:21:22.072138834
5324.75,5,14:21:22.072251303
5324.75,5,14:21:22.072345510
5324.75,3,14:21:22.103214391
5324.75,1,14:21:22.451041687
5324.75,9,14:21:23.397293534
5325.0,1,14:21:23.659926681
5325.0,1,14:21:24.191363128
5324.75,1,14:21:24.247565119
5324.75,20,14:21:25.331139375
5324.75,7,14:21:25.368012717
5325.0,1,14:21:25.369569401
5324.75,9,14:21:25.372877663
5325.0,1,14:21:25.816048213
5324.75,1,14:21:26.134867499
5324.75,1,14:21:27.259110474
5324.75,1,14:21:27.259301485
5324.75,10,14:21:27.260553881
5324.75,1,14:21:27.630418842
5324.75,1,14:21:28.280958580
5324.5,1,14:21:28.632186292
5324.5,1,14:21:28.632201092
5324.75,1,14:21:28.678969586
5324.75,1,14:21:28.782800086
5324.75,1,14:21:29.370713036
5324.5,7,14:21:29.632806426
5324.75,1,14:21:30.021840133
5324.75,1,14:21:30.115596847
5324.5,41,14:21:31.248524981
5324.5,2,14:21:31.355038386
5324.5,3,14:21:31.367021536
5324.5,1,14:21:31.384764648
5324.25,2,14:21:32.214102286
5324.25,1,14:21:32.214120482
5324.25,1,14:21:32.278831579
5324.25,7,14:21:32.624247784
5324.25,1,14:21:32.867880944
5324.25,1,14:21:33.181060784
5324.25,1,14:21:33.255099437
5324.25,1,14:21:33.731738092
5324.25,1,14:21:33.862009308
5324.25,5,14:21:34.033853085
5324.25,1,14:21:34.087051159
5324.5,1,14:21:34.430511096
5324.5,18,14:21:34.442560814
5324.5,10,14:21:34.442661920
5324.5,11,14:21:34.442820416
5324.5,5,14:21:34.442898260
5324.5,7,14:21:34.443665681
5324.5,1,14:21:34.481344565
5324.5,1,14:21:34.576742650
5324.5,2,14:21:34.887387557
5324.5,3,14:21:34.887449676
5324.5,5,14:21:34.887643642
5324.5,5,14:21:34.887704583
5324.25,7,14:21:35.018865633
5324.25,2,14:21:35.018915391
5324.25,37,14:21:35.019259590
5324.0,1,14:21:35.217504667
5324.0,2,14:21:35.217520358
5324.0,1,14:21:35.217520358
5324.0,4,14:21:35.217529372
5324.0,1,14:21:35.217529372
5324.0,1,14:21:35.217932574
5324.0,1,14:21:35.217997042
5324.0,1,14:21:35.444767559
5324.25,1,14:21:35.670936690
5324.0,1,14:21:35.813129518
5324.0,1,14:21:35.840597857
5324.0,1,14:21:35.920049799
5324.0,1,14:21:35.938222939
5324.0,1,14:21:36.263949268
5324.0,5,14:21:37.331915236
5324.0,1,14:21:37.348537629
5324.0,1,14:21:37.581924013
5324.0,14,14:21:38.203248812
5324.25,1,14:21:38.904354704
5324.0,10,14:21:39.428728680
5324.0,1,14:21:39.486931214
5324.0,1,14:21:39.570804874
5324.25,1,14:21:40.108467573
5324.0,20,14:21:40.189649881
5324.0,1,14:21:40.189929213
5324.25,3,14:21:40.196174068
5324.25,2,14:21:40.196354587
5324.25,2,14:21:40.196407138
5324.25,30,14:21:40.196656317
5324.25,1,14:21:40.197072022
5324.25,1,14:21:40.197371241
5324.25,1,14:21:40.203578880
5324.5,1,14:21:40.357751279
5324.25,1,14:21:40.392278545
5324.25,1,14:21:40.512895790
5324.25,1,14:21:40.525011907
5324.25,1,14:21:40.980063312
5324.25,1,14:21:41.045394663
5324.25,2,14:21:41.072410427
5324.25,1,14:21:41.237667501
5324.5,5,14:21:41.248617789
5324.5,1,14:21:42.565425474
5324.25,1,14:21:42.634992912
5324.25,4,14:21:42.808829383
5324.5,1,14:21:43.266547571
5324.5,1,14:21:43.377481592
5324.25,5,14:21:44.631451769
5324.25,3,14:21:44.632757108
5324.5,1,14:21:44.824912509
5324.5,4,14:21:44.825902215
5324.5,1,14:21:45.021042477
5324.5,4,14:21:45.075448727
5324.25,18,14:21:46.088365692
5324.25,5,14:21:46.088580416
5324.25,7,14:21:46.088688905
5324.0,1,14:21:46.948811728
5324.0,4,14:21:46.976123704
5324.25,5,14:21:47.215620922
5324.25,1,14:21:47.215773722
5324.0,1,14:21:47.430846192
5324.25,3,14:21:48.055252744
5324.0,1,14:21:48.120774754
5324.0,1,14:21:48.354266465
5324.25,13,14:21:48.892457045
5324.25,1,14:21:48.892508445
5324.25,13,14:21:48.892699142
5324.25,1,14:21:48.893395448
5324.5,2,14:21:48.941905007
5324.5,1,14:21:48.996738911
5324.25,3,14:21:49.139729606
5324.5,3,14:21:49.218712296
5324.5,1,14:21:49.430782107
5324.25,1,14:21:51.119548760
5324.5,2,14:21:52.298558584
5324.5,1,14:21:52.651712307
5324.25,1,14:21:52.844442782
5324.25,1,14:21:53.574572393
5324.25,1,14:21:53.948049105
5324.5,2,14:21:54.374422956
5324.25,1,14:21:54.893760531
5324.25,1,14:21:55.505897763
5324.5,13,14:21:57.327576735
5324.5,1,14:21:57.327726690
5324.5,1,14:21:57.327803344
5324.5,1,14:21:57.327843942
5324.5,6,14:21:57.327897367
5324.5,17,14:21:57.328106355
5324.5,1,14:21:57.328207803
5324.5,6,14:21:57.328225206
5324.5,2,14:21:57.328359269
5324.5,1,14:21:57.328359269
5324.5,1,14:21:57.328570357
5324.5,4,14:21:57.328570357
5324.5,7,14:21:57.328570357
5324.5,6,14:21:57.328570357
5324.5,8,14:21:57.328715058
5324.5,1,14:21:57.328819192
5324.5,8,14:21:57.328930232
5324.5,1,14:21:57.329076928
5324.5,2,14:21:57.329076928
5324.5,9,14:21:57.329157218
5324.5,2,14:21:57.329284807
5324.5,1,14:21:57.329492322
5324.5,1,14:21:57.329539639
5324.5,1,14:21:57.329718656
5324.5,1,14:21:57.330098568
5324.5,1,14:21:57.330146860
5324.5,1,14:21:57.330294425
5324.5,2,14:21:57.332136721
5324.5,3,14:21:57.332183156
5324.5,2,14:21:57.332225410
5324.5,3,14:21:57.332354459
5324.5,1,14:21:57.335250793
5324.5,1,14:21:57.336296197
5324.25,1,14:21:57.652522229
5324.25,1,14:21:58.688645880
5324.25,1,14:21:59.243322007
5324.25,1,14:21:59.447499043
5324.5,7,14:21:59.513592334
5324.5,5,14:22:00.017264451
5324.5,1,14:22:00.020160110
5324.5,2,14:22:00.024070013
5324.5,1,14:22:00.024253405
5324.25,1,14:22:00.855284377
5324.25,9,14:22:01.150157917
5324.25,3,14:22:01.151228262
5324.25,1,14:22:01.151290692
5324.25,2,14:22:01.151492946
5324.25,1,14:22:01.151492946
5324.25,1,14:22:01.151882208
5324.25,2,14:22:01.152447627
5324.25,8,14:22:02.024464284
5324.5,9,14:22:02.187667939
5324.25,2,14:22:02.208116953
5324.25,1,14:22:02.778320478
5324.25,1,14:22:04.234826577
5324.5,1,14:22:04.827658753
5324.5,1,14:22:05.252958419
5324.5,3,14:22:05.257776429
5324.5,6,14:22:05.258015494
5324.5,32,14:22:05.258418087
5324.5,1,14:22:05.258603365
5324.5,1,14:22:05.258646223
5324.5,4,14:22:05.258934277
5324.5,1,14:22:05.259058909
5324.5,2,14:22:05.259058909
5324.5,2,14:22:05.259204413
5324.5,1,14:22:05.259204413
5324.5,1,14:22:05.259323520
5324.5,4,14:22:05.259323520
5324.5,1,14:22:05.259528193
5324.5,1,14:22:05.259786230
5324.75,10,14:22:05.865944233
5324.75,1,14:22:05.865955014
5324.75,1,14:22:06.372922107
5324.75,3,14:22:07.299935322
5324.75,2,14:22:07.314560301
5324.75,5,14:22:07.314811055
5324.75,2,14:22:07.314864436
5324.75,2,14:22:07.314931294
5324.75,1,14:22:07.314971356
5324.75,6,14:22:07.315169257
5324.75,6,14:22:07.315248721
5324.75,4,14:22:07.315248721
5324.75,1,14:22:07.315308589
5324.75,2,14:22:07.315894994
5324.75,4,14:22:07.316328428
5324.75,1,14:22:07.316531765
5324.75,1,14:22:07.316645716
5324.75,2,14:22:07.317048934
5324.75,1,14:22:07.407837907
5324.75,7,14:22:07.549382227
5324.75,12,14:22:07.551325142
5324.75,1,14:22:07.551390250
5324.75,1,14:22:07.551446850
5324.75,1,14:22:07.663047392
5324.75,1,14:22:07.663208010
5324.75,1,14:22:07.663357654
5324.75,1,14:22:07.735961152
5324.75,1,14:22:07.741591409
5324.75,2,14:22:07.746677390
5324.75,1,14:22:07.746705592
5324.75,3,14:22:07.746986289
5324.75,2,14:22:07.747193954
5324.75,2,14:22:07.747243848
5324.75,2,14:22:07.747293930
5324.75,1,14:22:07.747557561
5324.75,6,14:22:07.928595044
5324.75,1,14:22:08.113211148
5324.75,3,14:22:08.113255139
5324.75,4,14:22:08.113420615
5324.75,3,14:22:08.113475905
5324.75,1,14:22:08.113507813
5324.75,2,14:22:08.122520123
5324.75,3,14:22:08.122726078
5324.75,1,14:22:08.122966727
5324.75,2,14:22:08.123156795
5324.75,2,14:22:08.123208315
5324.75,2,14:22:08.123240060
5324.75,2,14:22:08.123285757
5325.0,1,14:22:08.133737484
5325.0,1,14:22:08.134161643
5325.0,1,14:22:08.134198265
5325.0,1,14:22:08.505485253
5325.0,1,14:22:08.745725554
5325.0,1,14:22:08.987608043
5324.75,2,14:22:09.002209909
5324.75,3,14:22:09.002266440
5324.75,16,14:22:09.002546788
5324.75,5,14:22:09.035747019
5324.75,3,14:22:09.587793115
5324.75,7,14:22:09.588092910
5324.75,1,14:22:09.599385563
5324.75,1,14:22:09.599733471
5324.75,6,14:22:09.599951558
5325.0,1,14:22:11.174981570
5325.0,1,14:22:11.399347642
5325.0,1,14:22:11.576322714
5325.0,44,14:22:11.598496203
5325.25,1,14:22:12.114907268
5325.25,1,14:22:12.114918858
5325.25,2,14:22:12.407041895
5325.25,1,14:22:13.040459449
5325.25,1,14:22:13.136321753
5325.25,1,14:22:13.137485863
5325.25,1,14:22:13.143974365
5325.25,1,14:22:13.144141184
5325.25,1,14:22:13.144189403
5325.25,1,14:22:13.147381595
5325.25,2,14:22:13.150868504
5325.25,6,14:22:13.151070363
5325.25,2,14:22:13.151126042
5325.25,4,14:22:13.151206001
5325.25,2,14:22:13.153253681
5325.25,3,14:22:13.153447185
5325.25,1,14:22:13.153551994
5325.25,5,14:22:13.153789611
5325.5,1,14:22:13.160191386
5325.5,5,14:22:13.160201731
5325.5,1,14:22:13.176744448
5325.5,1,14:22:13.260938998
5325.5,1,14:22:13.313868581
5325.5,1,14:22:13.943622194
5325.5,1,14:22:14.437008368
5325.5,2,14:22:14.885430163
5325.5,1,14:22:15.019986649
5325.5,1,14:22:15.659643826
5325.25,31,14:22:15.878008965
5325.25,1,14:22:15.878163784
5325.25,1,14:22:16.781986274
5325.0,1,14:22:17.021220253
5325.25,1,14:22:17.371000366
5325.0,1,14:22:17.541487621
5325.25,2,14:22:17.848422203
5325.0,1,14:22:18.778437895
5325.25,1,14:22:19.394445012
5325.0,3,14:22:19.633601866
5325.0,4,14:22:19.633657946
5325.0,8,14:22:19.633785446
5325.0,10,14:22:19.634423270
5325.0,1,14:22:19.634480942
5325.0,42,14:22:19.634618507
5325.0,1,14:22:19.634979836
5325.0,8,14:22:19.636297271
5325.0,1,14:22:19.636331649
5325.0,5,14:22:19.636418127
5325.0,5,14:22:19.636460502
5325.0,1,14:22:19.636812449
5325.0,1,14:22:19.656555335
5325.0,33,14:22:20.185095829
5325.0,5,14:22:20.238785745
5325.0,3,14:22:20.238819012
5325.0,3,14:22:20.238876163
5325.0,3,14:22:20.238922214
5325.0,4,14:22:20.238985337
5325.0,7,14:22:20.239078026
5325.0,2,14:22:20.248656642
5325.0,2,14:22:20.248699064
5325.0,1,14:22:20.355815981
5325.0,2,14:22:20.355998885
5325.0,3,14:22:20.356083087
5325.0,2,14:22:20.364127109
5325.0,1,14:22:20.364427678
5325.0,10,14:22:20.364612962
5325.0,2,14:22:20.364685357
5325.0,3,14:22:20.364798815
5324.75,1,14:22:21.541241568
5324.75,1,14:22:21.541250468
5325.0,1,14:22:22.079524824
5324.75,2,14:22:22.661844220
5324.75,1,14:22:22.947715159
5325.0,4,14:22:23.099911578
5325.0,1,14:22:23.690137381
5324.75,1,14:22:25.018220831
5324.75,37,14:22:25.978832645
5324.75,4,14:22:25.979400500
5324.75,1,14:22:25.979648521
5324.75,4,14:22:25.979648521
5324.75,2,14:22:25.979676205
5324.75,2,14:22:25.980755462
5324.75,1,14:22:26.170993668
5324.75,16,14:22:26.171534248
5324.75,1,14:22:26.171644545
5324.75,3,14:22:26.171644545
5324.75,1,14:22:26.171653355
5324.75,2,14:22:26.172004005
5324.75,1,14:22:26.172075296
5324.75,7,14:22:26.172507840
5324.75,2,14:22:26.172594077
5324.75,1,14:22:27.445851958
5324.5,1,14:22:27.515818839
5324.75,2,14:22:29.382075138
5324.75,5,14:22:29.405208356
5324.75,6,14:22:29.405473110
5324.75,1,14:22:29.405495051
5324.75,4,14:22:29.405567259
5324.75,1,14:22:29.406144260
5324.75,1,14:22:29.406188879
5324.75,1,14:22:29.406221029
5324.75,10,14:22:29.406285034
5324.75,4,14:22:29.406356591
5324.75,1,14:22:29.406494805
5324.75,1,14:22:29.407009742
5324.75,1,14:22:29.407075146
5324.75,3,14:22:29.407159881
5324.75,1,14:22:29.407159881
5324.75,1,14:22:29.407224925
5324.75,3,14:22:29.407586945
5324.75,1,14:22:29.407656083
5324.75,1,14:22:29.407703734
5324.75,1,14:22:29.407736680
5324.75,18,14:22:29.408053277
5324.75,9,14:22:29.408343184
5324.75,1,14:22:29.408422978
5324.75,1,14:22:29.408484679
5324.75,1,14:22:29.408574204
5324.75,3,14:22:29.408574204
5324.75,1,14:22:29.408605062
5324.75,6,14:22:29.408844990
5324.75,5,14:22:29.409162324
5324.75,1,14:22:29.409223067
5324.75,13,14:22:29.671191777
5324.75,1,14:22:29.671290502
5324.75,1,14:22:29.671343847
5324.75,5,14:22:29.671373595
5324.75,3,14:22:29.671449399
5324.75,4,14:22:29.671618417
5324.75,1,14:22:29.671654257
5324.75,4,14:22:29.671707721
5324.75,2,14:22:29.671736741
5324.75,1,14:22:29.671782775
5324.75,1,14:22:29.671819441
5325.0,3,14:22:29.945031070
5325.0,1,14:22:30.021033969
5324.75,10,14:22:30.335546182
5324.75,2,14:22:30.335592001
5324.75,1,14:22:30.335785432
5324.75,5,14:22:30.335864947
5324.75,4,14:22:30.335924683
5324.75,1,14:22:30.335924683
5324.75,4,14:22:30.335943694
5324.75,7,14:22:30.336125302
5324.75,1,14:22:31.106112622
5324.5,11,14:22:33.136885274
5324.5,6,14:22:33.651721307
5324.5,2,14:22:33.651767589
5324.5,21,14:22:33.652096488
5324.5,2,14:22:33.652152913
5324.5,1,14:22:33.652191802
5324.5,43,14:22:33.652309283
5324.5,1,14:22:33.683444806
5324.5,1,14:22:34.194305020
5324.25,1,14:22:34.383172288
5324.25,3,14:22:35.185957523
5324.5,1,14:22:35.422568198
5324.25,1,14:22:35.505081542
5324.25,1,14:22:35.506579591
5324.25,4,14:22:35.899250290
5324.25,20,14:22:36.416816502
5324.25,1,14:22:36.429797848
5324.25,1,14:22:37.287384678
5324.25,1,14:22:38.002315687
5324.5,1,14:22:41.378946859
5324.5,22,14:22:42.763201805
5324.5,1,14:22:42.763414462
5324.5,1,14:22:42.763466892
5324.5,35,14:22:42.763891438
5324.5,2,14:22:42.790288097
5324.5,2,14:22:42.790326684
5324.5,1,14:22:42.790370374
5324.5,2,14:22:42.790445965
5324.5,18,14:22:42.790578311
5324.25,40,14:22:43.508084186
5324.5,1,14:22:43.758286047
5324.5,1,14:22:43.782043994
5324.25,2,14:22:43.789044635
5324.25,2,14:22:43.815525893
5324.25,1,14:22:44.143797313
5324.25,1,14:22:44.223039183
5324.5,1,14:22:44.378264816
5324.5,4,14:22:44.504105131
5324.5,1,14:22:45.020306975
5324.25,7,14:22:46.244248266
5324.25,4,14:22:46.244551260
5324.25,3,14:22:46.244639701
5324.25,7,14:22:46.244832652
5324.25,11,14:22:46.244957077
5324.25,1,14:22:46.245379236
5324.25,20,14:22:46.245555633
5324.25,1,14:22:46.245892366
5324.25,3,14:22:46.245932457
5324.25,1,14:22:46.271199260
5324.25,1,14:22:46.271408461
5324.25,3,14:22:46.271455504
5324.25,5,14:22:46.271495482
5324.25,7,14:22:46.271600900
5324.25,3,14:22:46.271659000
5324.25,2,14:22:46.271759764
5324.25,10,14:22:46.349301319
5324.25,7,14:22:46.349552684
5324.25,1,14:22:47.073677129
5324.25,3,14:22:47.073899720
5324.25,1,14:22:47.074301244
5324.25,2,14:22:47.074505566
5324.25,4,14:22:47.085655563
5324.25,1,14:22:47.085849768
5324.25,40,14:22:48.322523337
5324.25,5,14:22:48.323496669
5324.25,4,14:22:48.323544365
5324.5,3,14:22:49.800626844
5324.5,1,14:22:49.979005612
5324.5,3,14:22:49.979131710
5324.5,1,14:22:49.979180035
5324.5,1,14:22:49.979344448
5324.5,1,14:22:50.377236758
5324.25,14,14:22:52.375774081
5324.25,49,14:22:52.376272543
5324.25,1,14:22:52.376926209
5324.25,3,14:22:52.377326585
5324.25,30,14:22:52.377513287
5324.25,1,14:22:52.378062495
5324.25,8,14:22:52.378236636
5324.25,6,14:22:52.378236636
5324.25,2,14:22:52.378326395
5324.25,1,14:22:52.378326395
5324.25,1,14:22:52.378383673
5324.25,4,14:22:52.378814229
5324.25,1,14:22:52.402954712
5324.25,2,14:22:52.403749922
5324.25,1,14:22:52.546028127
5324.25,1,14:22:52.546346811
5324.25,1,14:22:52.554915000
5324.25,1,14:22:52.556030847
5324.25,1,14:22:52.556238086
5324.25,3,14:22:52.759499036
5324.25,2,14:22:52.760154274
5324.25,1,14:22:52.795125196
5324.25,1,14:22:52.795285401
5324.25,8,14:22:52.802136024
5324.25,1,14:22:53.417201316
5324.0,1,14:22:53.465787808
5324.0,1,14:22:53.465795715
5324.0,1,14:22:53.466203336
5324.0,1,14:22:53.466270823
5324.0,5,14:22:53.586501048
5324.0,1,14:22:53.620005477
5324.25,1,14:22:53.932842277
5324.0,1,14:22:54.693877578
5324.25,2,14:22:55.344652901
5324.25,4,14:22:55.344719340
5324.25,6,14:22:55.344804351
5324.25,2,14:22:55.344804351
5324.25,3,14:22:55.344857456
5324.0,1,14:22:55.442632482
5324.25,2,14:22:55.511709236
5324.25,1,14:22:56.714459040
5324.25,1,14:22:56.714768688
5324.25,1,14:22:56.715070713
5324.25,18,14:22:56.715640478
5324.25,6,14:22:56.715892054
5324.25,1,14:22:56.715892054
5324.25,10,14:22:56.716270920
5324.25,9,14:22:56.716336447
5324.25,1,14:22:56.716377036
5324.25,1,14:22:56.959237657
5324.25,3,14:22:57.701957824
5324.25,43,14:22:57.702315527
5324.25,1,14:22:57.702357794
5324.25,1,14:22:57.702414294
5324.25,5,14:22:57.702414294
5324.25,2,14:22:57.702910343
5324.25,1,14:22:58.613856183
5324.5,7,14:22:59.512869244
5324.5,51,14:22:59.949637810
5324.5,2,14:22:59.950268238
5324.75,1,14:23:00.019946534
5324.75,1,14:23:00.038483851
5324.75,1,14:23:00.042008677
5324.5,10,14:23:00.768061637
5324.5,2,14:23:00.768338785
5324.5,1,14:23:00.768373745
5324.5,13,14:23:00.768567096
5324.5,3,14:23:00.922683060
5324.5,3,14:23:00.978111306
5324.5,5,14:23:01.006134750
5324.5,1,14:23:01.006323576
5324.5,1,14:23:01.006404758
5324.5,1,14:23:01.006587229
5324.5,1,14:23:03.047085129
5324.5,1,14:23:03.066730939
5324.25,2,14:23:03.501960409
5324.25,1,14:23:03.624311607
5324.5,1,14:23:04.373283631
5324.25,7,14:23:04.539538081
5324.25,27,14:23:04.539782150
5324.25,10,14:23:04.540342928
5324.25,10,14:23:04.540458633
5324.25,2,14:23:04.540655729
5324.25,3,14:23:04.540699224
5324.25,1,14:23:04.540885420
5324.25,4,14:23:04.940459705
5324.25,5,14:23:04.940682676
5324.25,6,14:23:04.940744681
5324.25,1,14:23:04.940820615
5324.25,1,14:23:04.941047897
5324.25,3,14:23:04.941138193
5324.25,1,14:23:04.941236364
5324.0,1,14:23:05.801655754
5324.0,1,14:23:05.801666093
5324.25,4,14:23:06.278783708
5324.25,1,14:23:06.279027677
5324.25,3,14:23:06.279088782
5324.25,1,14:23:06.279194625
5324.25,1,14:23:06.391823486
5324.25,2,14:23:06.628215016
5324.25,1,14:23:06.653823000
5324.25,18,14:23:07.083759867
5324.25,2,14:23:07.083939717
5324.25,16,14:23:07.084412530
5324.25,10,14:23:07.084780583
5324.25,1,14:23:07.084819006
5324.25,1,14:23:07.098620880
5324.25,10,14:23:07.592826609
5324.25,4,14:23:07.593084851
5324.25,1,14:23:07.593133469
5324.25,1,14:23:07.593285220
5324.25,1,14:23:08.129506797
5324.25,1,14:23:08.334581167
5324.25,3,14:23:08.336699604
5324.25,1,14:23:08.336891277
5324.25,1,14:23:08.337147748
5324.25,1,14:23:08.337242034
5324.25,6,14:23:08.337289677
5324.25,1,14:23:08.337421388
5324.25,2,14:23:08.337652407
5324.25,2,14:23:08.337706549
5324.25,1,14:23:08.355583712
5324.5,1,14:23:08.955498501
5324.5,1,14:23:09.379793625
5324.5,1,14:23:09.438377137
5324.5,1,14:23:09.439064133
5324.5,1,14:23:09.448378419
5324.5,1,14:23:09.653847819
5324.5,1,14:23:09.654014667
5324.5,2,14:23:09.654203785
5324.5,1,14:23:09.654220239
5324.5,2,14:23:09.654290186
5324.5,1,14:23:09.654361957
5324.5,1,14:23:09.654450222
5324.5,2,14:23:09.654506603
5324.75,5,14:23:10.187837949
5324.75,1,14:23:11.042311565
5324.5,1,14:23:11.908122971
5324.75,1,14:23:12.645082046
5324.75,5,14:23:14.449137821
5324.75,7,14:23:14.449416943
5324.75,2,14:23:14.449470842
5324.75,2,14:23:14.449548654
5324.75,1,14:23:14.449548654
5324.75,1,14:23:14.450480795
5324.75,3,14:23:14.450543296
5324.75,1,14:23:14.450565353
5324.75,1,14:23:14.450601204
5324.75,1,14:23:14.450639852
5324.75,3,14:23:14.450695488
5324.75,2,14:23:14.450735657
5324.75,2,14:23:14.450778743
5324.75,1,14:23:14.452423110
5324.75,1,14:23:14.463831641
5324.75,1,14:23:14.464002374
5324.75,10,14:23:14.464101707
5324.75,2,14:23:14.464145332
5324.75,1,14:23:14.464759096
5324.75,5,14:23:14.464989894
5324.75,2,14:23:14.465046353
5324.75,2,14:23:14.465088827
5324.75,1,14:23:14.478135942
5324.75,3,14:23:14.585926262
5324.75,2,14:23:14.586091918
5324.75,1,14:23:14.586348652
5324.75,6,14:23:14.586596334
5324.75,1,14:23:14.589063376
5325.0,1,14:23:15.020458463
5325.0,1,14:23:15.020469915
5325.0,1,14:23:15.020891755
5325.0,1,14:23:15.020942187
5324.75,2,14:23:15.261472460
5324.75,1,14:23:15.261630664
5325.0,1,14:23:15.370843302
5324.75,1,14:23:15.653948270
5324.75,7,14:23:16.207666882
5324.75,3,14:23:16.207868754
5324.75,1,14:23:16.208087232
5324.75,1,14:23:16.208795135
5324.75,15,14:23:16.883646458
5324.75,1,14:23:16.884028194
5324.75,2,14:23:16.884210230
5324.75,1,14:23:16.884383174
5324.75,1,14:23:16.884461448
5324.75,3,14:23:16.884644850
5324.75,4,14:23:16.884819564
5324.75,1,14:23:16.885015981
5324.75,1,14:23:19.256805097
5324.75,1,14:23:19.942769165
5324.5,3,14:23:20.949187391
5324.75,1,14:23:21.349254100
5324.5,1,14:23:22.828892419
5324.5,2,14:23:23.001903627
5324.5,8,14:23:24.123570876
5324.5,3,14:23:26.740782414
5324.5,8,14:23:26.796158256
5324.5,3,14:23:26.796206756
5324.5,7,14:23:26.796281548
5324.5,7,14:23:26.796728229
5324.5,24,14:23:26.796944320
5324.5,1,14:23:26.797507365
5324.5,1,14:23:27.383725311
5324.25,7,14:23:28.083177169
5324.5,37,14:23:28.266728366
5324.75,1,14:23:30.020576698
5324.75,1,14:23:33.382322081
5324.75,1,14:23:33.400881290
5324.75,1,14:23:35.737325653
5324.75,2,14:23:35.955280389
5324.75,2,14:23:35.955348553
5324.75,3,14:23:35.955410939
5324.75,4,14:23:35.955482245
5324.75,2,14:23:35.955557678
5324.75,3,14:23:35.955609452
5324.75,6,14:23:35.955711933
5324.75,1,14:23:35.955745320
5324.75,1,14:23:35.955804505
5324.75,5,14:23:35.955922716
5324.75,1,14:23:35.955922716
5324.75,3,14:23:35.956137511
5324.75,1,14:23:35.956313436
5324.5,1,14:23:35.958467135
5324.75,1,14:23:36.601402923
5324.5,1,14:23:39.084632628
5324.75,1,14:23:39.380158255
5324.75,1,14:23:39.380168495
5324.5,5,14:23:39.906256869
5324.5,3,14:23:39.906363381
5324.5,7,14:23:39.906471264
5324.5,4,14:23:39.906604483
5324.5,1,14:23:39.906604483
5324.5,3,14:23:39.906656058
5324.5,1,14:23:39.906750674
5324.5,1,14:23:39.906934343
5324.5,5,14:23:39.906934343
5324.5,4,14:23:39.907026089
5324.5,5,14:23:39.907556521
5324.5,8,14:23:39.907817147
5324.5,2,14:23:39.908013340
5324.5,1,14:23:39.908083290
5324.5,6,14:23:39.908256392
5324.5,5,14:23:39.908340418
5324.5,1,14:23:39.996223831
5324.75,1,14:23:40.208751215
5324.75,1,14:23:40.527396487
5324.5,1,14:23:40.876892913
5324.75,2,14:23:41.921383045
5324.5,1,14:23:42.972218741
5324.75,2,14:23:43.054680505
5324.75,1,14:23:43.743473998
5324.5,1,14:23:43.983117528
5324.75,3,14:23:44.584382875
5324.75,16,14:23:44.585035559
5324.75,6,14:23:44.585152179
5324.75,1,14:23:44.585154112
5324.75,3,14:23:44.585226472
5324.75,4,14:23:44.585543563
5324.75,2,14:23:44.585653559
5324.75,1,14:23:44.585748278
5324.75,1,14:23:45.020871167
5324.5,5,14:23:45.332477028
5324.75,4,14:23:45.558886689
5324.5,1,14:23:46.724548555
5324.5,1,14:23:47.799720213
5324.75,1,14:23:47.978939440
5324.75,1,14:23:47.979157422
5324.75,1,14:23:47.979229429
5324.75,9,14:23:47.979555788
5325.0,1,14:23:50.378520990
5325.0,1,14:23:50.378534734
5325.0,1,14:23:51.000231191
5325.0,1,14:23:51.000411205
5325.0,2,14:23:51.000632983
5325.0,1,14:23:51.874550773
5325.0,1,14:23:52.678030414
5325.0,1,14:23:53.377808965
5325.0,1,14:23:54.702160720
5325.0,1,14:23:55.761681124
5325.0,1,14:23:57.608877193
5325.0,1,14:23:58.375666457
5325.0,7,14:23:59.512013397
5325.0,1,14:24:00.021853064
5325.0,1,14:24:01.145301559
5325.0,1,14:24:02.375111152
5325.0,20,14:24:02.375497355
5325.0,1,14:24:02.375674274
5325.0,1,14:24:02.375708108
5325.0,1,14:24:02.375743881
5325.0,2,14:24:02.375777939
5325.0,2,14:24:02.375813857
5325.0,5,14:24:02.375978385
5325.0,2,14:24:02.376441313
5325.0,10,14:24:02.376736464
5325.0,2,14:24:02.376843315
5325.0,3,14:24:02.376901175
5325.0,1,14:24:02.486223428
5325.0,1,14:24:02.526486605
5324.75,1,14:24:02.950732002
5324.75,2,14:24:03.591753444
5325.0,1,14:24:06.413880754
5325.0,1,14:24:08.467775310
5325.0,1,14:24:09.437340690
5324.75,1,14:24:09.524695206
5325.0,1,14:24:09.599475476
5325.0,1,14:24:09.905339488
5325.0,1,14:24:09.966883060
5325.0,1,14:24:10.193542241
5325.0,2,14:24:10.883160821
5325.0,6,14:24:11.605117871
5324.75,2,14:24:12.180259662
5324.75,3,14:24:12.307821740
5324.75,56,14:24:12.308371213
5324.75,1,14:24:12.309257432
5324.75,34,14:24:12.312723303
5324.75,17,14:24:12.313329364
5324.75,3,14:24:12.429965785
5324.75,2,14:24:13.015717125
5324.75,3,14:24:13.015760078
5324.75,1,14:24:13.015884075
5324.75,1,14:24:13.015918261
5324.75,4,14:24:13.016176766
5324.75,6,14:24:13.016407240
5324.75,3,14:24:13.103763753
5324.75,2,14:24:13.103786419
5324.75,6,14:24:13.103904162
5324.75,2,14:24:13.103953546
5325.0,1,14:24:13.373217670
5324.75,2,14:24:13.919653793
5325.0,1,14:24:14.376092998
5324.75,10,14:24:14.602199056
5325.0,1,14:24:15.021546818
5325.0,2,14:24:17.157828112
5324.75,3,14:24:18.081195667
5325.0,1,14:24:19.621097497
5325.0,20,14:24:19.630295222
5325.0,1,14:24:19.630411022
5325.0,1,14:24:19.630475616
5325.0,1,14:24:19.630557450
5325.0,2,14:24:19.630664032
5325.0,1,14:24:19.630664032
5325.0,2,14:24:19.630699598
5325.0,1,14:24:19.943372915
5325.0,5,14:24:20.255416150
5325.0,2,14:24:20.299617413
5325.0,3,14:24:20.299673429
5325.0,6,14:24:20.299854441
5325.0,1,14:24:20.299894433
5325.0,3,14:24:20.299929246
5325.0,6,14:24:20.300157488
5325.0,8,14:24:20.300380301
5325.0,1,14:24:20.300575816
5325.0,1,14:24:20.300766466
5325.0,1,14:24:20.480873134
5325.0,1,14:24:20.488811019
5325.0,5,14:24:20.634253473
5325.0,2,14:24:20.888459516
5325.0,3,14:24:20.888549441
5325.0,5,14:24:20.888666352
5325.0,1,14:24:20.888699677
5325.0,2,14:24:20.888972876
5325.0,2,14:24:20.893765729
5325.0,2,14:24:20.893800559
5325.0,2,14:24:20.893833385
5325.0,1,14:24:21.878189280
5325.25,20,14:24:23.227069450
5325.25,1,14:24:23.227104028
5325.25,7,14:24:23.227209287
5325.25,4,14:24:23.227308201
5325.25,1,14:24:23.227308201
5325.25,4,14:24:23.227339420
5325.25,4,14:24:23.227397764
5325.25,4,14:24:23.228012509
5325.25,1,14:24:23.228159159
5325.25,4,14:24:23.228159159
5325.25,2,14:24:23.228199905
5325.25,5,14:24:23.228336679
5325.25,4,14:24:23.228504126
5325.25,2,14:24:23.228504126
5325.25,1,14:24:23.228689220
5325.25,5,14:24:23.228904521
5325.25,1,14:24:23.229142260
5325.25,1,14:24:23.229239177
5325.25,2,14:24:23.235386233
5325.25,1,14:24:23.369226822
5325.25,16,14:24:23.776536827
5325.25,1,14:24:24.163370652
5325.25,7,14:24:24.566766778
5325.25,1,14:24:24.894326497
5325.5,1,14:24:24.949051511
5325.5,1,14:24:24.949062865
5325.5,1,14:24:25.368838984
5325.5,1,14:24:25.940450846
5325.5,1,14:24:26.759741159
5325.25,1,14:24:26.797495913
5325.5,1,14:24:27.423759018
5325.5,1,14:24:28.478038813
5325.5,75,14:24:28.992052455
5325.5,15,14:24:29.018369892
5325.5,2,14:24:29.018590217
5325.5,28,14:24:29.018828813
5325.5,1,14:24:29.138361573
5325.5,1,14:24:29.274846770
5325.5,1,14:24:29.666951674
5325.5,1,14:24:29.880072623
5325.5,1,14:24:30.021485192
5325.5,6,14:24:30.032042698
5325.25,2,14:24:30.967673013
5325.5,1,14:24:31.233199224
5325.5,2,14:24:32.571228617
5325.25,1,14:24:32.662879049
5325.5,1,14:24:33.880291887
5325.5,1,14:24:34.101076226
5325.5,20,14:24:34.738365408
5325.5,1,14:24:34.738559860
5325.5,10,14:24:34.739158964
5325.5,1,14:24:34.739404357
5325.5,7,14:24:34.739476439
5325.5,3,14:24:34.739611226
5325.5,2,14:24:34.739669268
5325.5,5,14:24:34.739780128
5325.5,2,14:24:35.706921880
5325.5,1,14:24:36.200596644
5325.5,20,14:24:36.210090829
5325.5,3,14:24:36.210233981
5325.5,1,14:24:36.210289249
5325.5,1,14:24:36.210350045
5325.5,3,14:24:36.210457244
5325.5,2,14:24:36.210457244
5325.5,1,14:24:36.210610629
5325.5,1,14:24:36.218555797
5325.5,2,14:24:36.368834646
5325.5,1,14:24:36.368865716
5325.5,3,14:24:36.369078321
5325.5,1,14:24:36.369225883
5325.5,1,14:24:36.369553640
5325.5,1,14:24:36.370025547
5325.5,1,14:24:36.376994225
5325.5,1,14:24:36.377178860
5325.5,2,14:24:36.377383587
5325.5,2,14:24:36.382859682
5325.5,1,14:24:36.398991555
5325.5,2,14:24:36.420992372
5325.5,1,14:24:36.421153420
5325.5,1,14:24:36.493834249
5325.5,1,14:24:36.504316742
5325.5,1,14:24:36.504344915
5325.75,7,14:24:36.614363146
5325.75,1,14:24:36.614377745
5325.75,3,14:24:36.637715730
5325.75,1,14:24:36.638058530
5325.75,1,14:24:36.766472553
5325.75,1,14:24:37.382859353
5325.75,5,14:24:37.670032277
5325.75,1,14:24:37.766895374
5325.75,1,14:24:37.832995130
5325.75,2,14:24:37.903044883
5325.75,1,14:24:38.334919940
5325.75,1,14:24:38.928657040
5325.75,1,14:24:40.149232781
5325.5,2,14:24:40.210152136
5325.75,2,14:24:40.897247315
5325.75,2,14:24:41.968971142
5325.75,1,14:24:42.128462746
5325.75,1,14:24:43.755727356
5325.75,50,14:24:44.055015540
5325.75,1,14:24:44.055301829
5325.75,1,14:24:44.055432574
5325.75,7,14:24:44.055592574
5325.75,16,14:24:44.055686214
5325.75,1,14:24:44.055938846
5325.75,1,14:24:44.056044685
5325.75,1,14:24:44.056076503
5325.75,1,14:24:44.056244910
5325.75,1,14:24:44.056405848
5325.75,1,14:24:44.056573377
5325.75,1,14:24:44.070902710
5325.75,1,14:24:44.082830714
5325.75,3,14:24:44.083035873
5325.75,1,14:24:44.083954186
5325.75,2,14:24:44.084078093
5325.75,3,14:24:44.090117412
5325.75,1,14:24:44.090307681
5325.75,1,14:24:44.103594199
5325.75,1,14:24:44.160768421
5325.75,2,14:24:44.171106233
5325.5,2,14:24:44.227746954
5325.75,1,14:24:44.711838855
5325.75,1,14:24:44.712030760
5325.75,2,14:24:44.726364944
5325.75,1,14:24:44.739537076
5325.75,1,14:24:45.021343026
5325.75,12,14:24:45.060034437
5325.75,50,14:24:45.060458004
5325.75,5,14:24:45.060686508
5325.75,2,14:24:45.060775962
5325.75,2,14:24:45.060997538
5325.75,1,14:24:45.137451562
5325.75,2,14:24:45.137477639
5325.75,1,14:24:45.137602800
5325.75,1,14:24:45.137675183
5325.75,1,14:24:45.261887537
5326.0,1,14:24:45.776237889
5326.0,10,14:24:45.776249770
5326.0,1,14:24:45.776249770
5326.0,1,14:24:45.776255604
5326.0,3,14:24:46.298826547
5326.0,5,14:24:46.299070920
5326.0,10,14:24:46.299181549
5326.0,6,14:24:46.299238755
5326.0,2,14:24:46.299302221
5326.0,1,14:24:46.299302221
5326.0,2,14:24:46.299325802
5326.0,1,14:24:46.299348167
5326.0,1,14:24:46.299394773
5326.0,1,14:24:46.299463015
5326.0,1,14:24:46.299494058
5326.0,1,14:24:46.299564527
5326.0,7,14:24:46.299604170
5326.0,20,14:24:46.299645051
5326.0,7,14:24:46.299730342
5326.0,1,14:24:46.299854882
5326.0,1,14:24:46.300279322
5326.0,18,14:24:46.349531955
5326.0,1,14:24:46.351679678
5326.0,1,14:24:46.898230938
5325.75,1,14:24:46.979681107
5325.75,1,14:24:47.117521055
5326.0,1,14:24:47.172772212
5325.75,1,14:24:47.264522464
5325.75,1,14:24:47.490602502
5326.0,1,14:24:48.180259514
5326.0,2,14:24:48.380922940
5326.0,1,14:24:48.766129628
5326.0,20,14:24:48.766336656
5326.0,2,14:24:48.766440617
5326.0,1,14:24:48.766491287
5326.0,1,14:24:48.766578056
5326.0,1,14:24:48.766615468
5326.0,1,14:24:48.766753097
5326.0,8,14:24:48.787793214
5326.0,1,14:24:48.809128654
5326.0,2,14:24:49.343068044
5326.0,1,14:24:49.612627593
5326.0,1,14:24:49.706989662
5326.0,8,14:24:49.790653539
5326.0,1,14:24:49.873394933
5326.0,1,14:24:50.078963727
5326.0,3,14:24:50.095539521
5326.0,1,14:24:50.426797544
5326.0,56,14:24:50.670837957
5325.75,126,14:24:50.670837957
5325.75,1,14:24:50.672315904
5325.75,1,14:24:51.380326711
5325.75,1,14:24:51.509612456
5325.75,1,14:24:51.580375887
5325.75,3,14:24:52.024662479
5325.75,1,14:24:52.340666289
5325.75,1,14:24:52.601947195
5325.5,1,14:24:52.650733852
5325.5,1,14:24:52.650746709
5325.5,2,14:24:56.563125792
5325.5,10,14:24:56.762929068
5325.5,1,14:24:57.107490873
5325.75,1,14:24:58.236204725
5325.75,1,14:24:58.236214389
5325.75,7,14:24:59.511080630
5325.5,1,14:24:59.891259926
5325.75,1,14:25:00.020594732
5325.75,1,14:25:00.501744628
5325.75,1,14:25:00.622693346
5325.75,1,14:25:00.872923053
5325.75,1,14:25:01.149841537
5325.5,1,14:25:01.184062839
5325.75,1,14:25:01.213349158
5325.75,1,14:25:03.064621325
5325.5,1,14:25:04.014918885
5325.75,1,14:25:04.260381410
5325.5,1,14:25:04.487723528
5325.5,1,14:25:04.502546285
5325.75,1,14:25:04.971474420
5325.5,1,14:25:06.516857135
5325.5,1,14:25:06.687603740
5325.5,2,14:25:06.687654422
5325.5,2,14:25:06.687702001
5325.5,3,14:25:06.687765788
5325.5,3,14:25:06.687821120
5325.5,4,14:25:06.687881678
5325.5,4,14:25:06.687934649
5325.5,20,14:25:06.688108089
5325.5,1,14:25:06.688188001
5325.5,7,14:25:06.688250053
5325.5,5,14:25:06.688302924
5325.5,6,14:25:06.688375259
5325.5,7,14:25:06.688783997
5325.5,10,14:25:06.689241113
5325.5,1,14:25:06.689402522
5325.5,1,14:25:06.689725321
5325.5,1,14:25:06.689757812
5325.5,13,14:25:06.689869683
5325.75,20,14:25:07.460216125
5325.75,1,14:25:07.460414340
5325.75,1,14:25:07.460447333
5325.75,2,14:25:07.460490274
5325.75,3,14:25:07.460553379
5325.75,2,14:25:07.460553379
5325.75,8,14:25:07.460644315
5325.75,5,14:25:07.460777013
5325.75,20,14:25:07.461009093
5325.75,3,14:25:07.461111057
5325.75,1,14:25:07.482690318
5325.75,1,14:25:07.484023946
5325.75,28,14:25:07.783083368
5326.0,1,14:25:08.050429965
5325.75,1,14:25:08.138352482
5325.75,3,14:25:08.213688732
5325.75,3,14:25:08.588831282
5326.0,1,14:25:09.209119780
5326.0,3,14:25:09.409437712
5326.0,2,14:25:09.409512283
5326.0,2,14:25:09.409607181
5326.0,3,14:25:09.409707471
5326.0,1,14:25:09.409707471
5326.0,5,14:25:09.409782253
5326.0,5,14:25:09.409864553
5326.0,1,14:25:09.409906633
5326.0,3,14:25:09.409986264
5326.0,10,14:25:09.410876160
5326.0,1,14:25:09.411179786
5326.0,1,14:25:09.411409131
5326.0,26,14:25:09.603772443
5326.0,5,14:25:09.603964044
5326.0,2,14:25:09.603964044
5326.0,2,14:25:10.001000980
5326.0,12,14:25:10.478503685
5326.25,3,14:25:11.009667164
5326.25,1,14:25:11.009678256
5326.25,7,14:25:11.009822131
5326.25,3,14:25:11.009901659
5326.25,1,14:25:11.009901659
5326.25,1,14:25:11.010056581
5326.25,7,14:25:11.010237444
5326.25,45,14:25:11.010545797
5326.25,1,14:25:11.010749324
5326.5,1,14:25:11.014347115
5326.5,10,14:25:11.014356155
5326.5,1,14:25:11.014356155
5326.5,1,14:25:11.014363423
5326.5,1,14:25:11.233734974
5326.5,2,14:25:11.378610149
5326.25,6,14:25:11.383725993
5326.5,4,14:25:11.574536307
5326.5,1,14:25:11.735828057
5326.5,1,14:25:12.119144012
5326.5,1,14:25:12.137474766
5326.5,1,14:25:12.321556750
5326.5,1,14:25:12.323047785
5326.5,1,14:25:12.349726016
5326.5,1,14:25:12.920609096
5326.5,1,14:25:12.939186381
5326.25,1,14:25:13.364959811
5326.5,1,14:25:13.377479792
5326.25,1,14:25:13.720334537
5326.5,1,14:25:14.187865399
5326.5,40,14:25:14.188256731
5326.5,1,14:25:14.188433436
5326.5,2,14:25:14.188911337
5326.5,1,14:25:14.294477883
5326.5,1,14:25:14.295524925
5326.5,9,14:25:14.295734170
5326.5,1,14:25:14.307690777
5326.5,8,14:25:14.309628962
5326.5,1,14:25:14.309877429
5326.5,4,14:25:14.309954739
5326.5,8,14:25:14.841902727
5326.5,1,14:25:14.842931382
5326.5,12,14:25:14.942833167
5326.5,1,14:25:14.943019648
5326.5,2,14:25:14.943083093
5326.5,1,14:25:15.020801697
5326.5,2,14:25:15.090897435
5326.5,3,14:25:15.091001280
5326.5,2,14:25:15.091001280
5326.5,4,14:25:15.091052407
5326.5,2,14:25:15.091099698
5326.5,1,14:25:15.100033136
5326.5,2,14:25:15.100238292
5326.5,3,14:25:15.100268910
5326.5,5,14:25:15.100362240
5326.75,1,14:25:15.237442199
5326.75,3,14:25:15.237460209
5326.75,1,14:25:15.237460209
5326.75,2,14:25:15.237460209
5326.75,2,14:25:15.237462590
5326.75,1,14:25:15.275619631
5326.5,1,14:25:15.785362048
5326.5,7,14:25:15.833826614
5326.5,1,14:25:15.833899131
5326.5,1,14:25:15.833932834
5326.5,2,14:25:15.833976259
5326.5,1,14:25:15.834017597
5326.5,4,14:25:15.834093442
5326.5,1,14:25:15.978376813
5326.5,7,14:25:15.979024474
5326.5,2,14:25:15.979198340
5326.5,1,14:25:15.979237778
5326.5,7,14:25:15.979299718
5326.5,1,14:25:15.979329421
5326.5,1,14:25:15.979367041
5326.5,1,14:25:15.979448102
5326.5,3,14:25:15.979566265
5326.5,2,14:25:15.979771898
5326.5,1,14:25:16.013091335
5326.5,2,14:25:16.306718445
5326.25,1,14:25:16.398433999
5326.5,2,14:25:16.536285269
5326.5,1,14:25:16.609184874
5326.5,1,14:25:16.795266416
5326.25,1,14:25:16.851071881
5326.5,1,14:25:17.151389072
5326.5,1,14:25:17.377993215
5326.5,2,14:25:17.489640339
5326.25,1,14:25:18.074864744
5326.25,1,14:25:18.097601885
5326.25,10,14:25:18.506480430
5326.25,14,14:25:18.506876364
5326.25,1,14:25:18.506989931
5326.25,1,14:25:18.507023792
5326.25,1,14:25:18.507057379
5326.25,1,14:25:18.507112890
5326.25,2,14:25:18.507176931
5326.25,1,14:25:18.507176931
5326.25,7,14:25:18.507293410
5326.25,2,14:25:18.507422884
5326.25,1,14:25:18.507483401
5326.5,2,14:25:18.507544675
5326.25,3,14:25:18.507727348
5326.25,1,14:25:18.509476113
5326.25,14,14:25:19.128198953
5326.25,1,14:25:19.128382858
5326.25,1,14:25:19.128429198
5326.25,1,14:25:19.128488569
5326.5,3,14:25:19.286058508
5326.25,2,14:25:19.350792128
5326.25,3,14:25:19.350855583
5326.25,1,14:25:19.350899895
5326.25,1,14:25:19.350969243
5326.25,1,14:25:19.351011215
5326.25,2,14:25:19.351011215
5326.25,2,14:25:19.351143788
5326.25,5,14:25:19.376946158
5326.25,1,14:25:20.399856799
5326.5,1,14:25:20.683448619
5326.5,3,14:25:21.136200540
5326.5,1,14:25:21.136311496
5326.5,2,14:25:21.136311496
5326.5,9,14:25:21.136499791
5326.5,5,14:25:21.136607207
5326.5,2,14:25:21.136710940
5326.5,5,14:25:21.136710940
5326.5,4,14:25:21.136819055
5326.5,1,14:25:21.136819055
5326.5,4,14:25:21.136828530
5326.5,1,14:25:21.136916225
5326.5,1,14:25:21.137025843
5326.5,1,14:25:21.137124668
5326.5,1,14:25:21.145124301
5326.5,1,14:25:21.725755057
5326.5,1,14:25:21.854237511
5326.5,1,14:25:21.874671060
5326.5,1,14:25:22.168850144
5326.5,20,14:25:22.378884972
5326.5,2,14:25:22.378986068
5326.5,1,14:25:22.785294976
5326.5,1,14:25:23.370696755
5326.75,1,14:25:23.378430714
5326.75,3,14:25:23.660535019
5326.75,1,14:25:23.701628783
5326.75,3,14:25:23.968628062
5326.75,1,14:25:24.686738935
5326.75,1,14:25:25.332794229
5326.75,1,14:25:25.478651320
5326.75,1,14:25:25.576958285
5326.5,1,14:25:25.681142901
5326.5,1,14:25:26.696658543
5326.5,1,14:25:27.034849672
5326.75,1,14:25:27.173670199
5326.75,15,14:25:27.241352809
5326.75,24,14:25:27.242010627
5326.75,1,14:25:27.242586265
5326.75,1,14:25:27.242749621
5326.75,3,14:25:27.242749621
5326.75,3,14:25:27.242831450
5326.75,1,14:25:27.242831450
5326.75,13,14:25:27.243012558
5326.75,1,14:25:27.243653448
5326.75,1,14:25:27.243697686
5326.5,18,14:25:27.246455331
5326.5,1,14:25:27.247532867
5326.5,1,14:25:27.249167178
5326.5,10,14:25:27.249736662
5326.5,5,14:25:27.249736662
5326.5,1,14:25:27.249736662
5326.5,4,14:25:27.249793036
5326.5,1,14:25:27.250939700
5326.5,1,14:25:27.251044586
5326.5,3,14:25:27.905173899
5326.5,2,14:25:27.930217029
5326.5,1,14:25:28.187314355
5326.5,1,14:25:28.884428038
5326.5,10,14:25:29.095076456
5326.5,3,14:25:29.427376565
5326.75,1,14:25:30.020343064
5326.75,20,14:25:30.748317385
5326.75,1,14:25:30.748401698
5326.75,1,14:25:30.748436280
5326.75,2,14:25:30.922124134
5326.75,1,14:25:31.205003752
5327.0,2,14:25:31.345005500
5327.0,1,14:25:31.345038934
5327.0,1,14:25:31.345045917
5327.0,1,14:25:31.345051961
5327.0,4,14:25:31.345058653
5327.0,1,14:25:31.345065917
5327.0,1,14:25:31.345071651
5327.0,1,14:25:31.345078112
5327.0,1,14:25:31.345084125
5327.0,1,14:25:31.345089092
5327.0,5,14:25:31.345099277
5327.0,1,14:25:31.345107738
5327.0,1,14:25:31.345115112
5327.0,1,14:25:31.345120449
5327.0,1,14:25:31.369412303
5327.0,3,14:25:31.593773323
5327.0,1,14:25:31.852798847
5326.75,1,14:25:32.089520441
5326.75,19,14:25:32.089863875
5326.75,2,14:25:32.157888427
5326.75,1,14:25:32.431163362
5326.75,15,14:25:32.432221393
5327.0,1,14:25:32.532672405
5327.0,1,14:25:32.576129834
5326.75,1,14:25:32.711356546
5326.75,3,14:25:32.873416962
5326.75,6,14:25:32.873658622
5326.75,2,14:25:32.873681442
5326.75,2,14:25:33.136552445
5326.75,1,14:25:33.557965867
5326.75,14,14:25:33.583671211
5326.75,1,14:25:33.583742784
5326.75,1,14:25:33.583786301
5326.75,1,14:25:33.583917117
5326.75,1,14:25:33.584070458
5326.75,1,14:25:33.962221934
5326.75,10,14:25:34.492261609
5326.75,10,14:25:34.492554986
5326.75,1,14:25:34.492588494
5326.75,7,14:25:34.492767624
5326.75,2,14:25:34.492935941
5326.75,2,14:25:34.493000652
5326.75,2,14:25:34.493043758
5326.75,3,14:25:34.493261282
5326.75,1,14:25:34.493295103
5326.75,9,14:25:34.493557089
5326.75,2,14:25:35.235823842
5326.75,1,14:25:35.381675837
5326.75,1,14:25:35.886760668
5326.5,1,14:25:36.359413832
5326.5,1,14:25:36.359422555
5326.75,1,14:25:36.462117673
5326.75,2,14:25:38.381366740
5326.75,1,14:25:38.586843225
5326.75,20,14:25:38.642400640
5326.75,10,14:25:38.642858217
5326.75,2,14:25:38.643005047
5326.75,5,14:25:38.643005047
5326.75,1,14:25:38.643005047
5327.0,1,14:25:39.420644741
5326.75,4,14:25:40.010980472
5326.75,1,14:25:40.053672242
5326.75,29,14:25:40.145319875
5326.75,1,14:25:40.213239256
5326.5,1,14:25:41.375311551
5326.75,1,14:25:41.539173706
5326.5,1,14:25:43.475559186
5326.5,1,14:25:43.751442381
5326.75,1,14:25:44.235409553
5326.75,20,14:25:44.236127024
5326.75,3,14:25:44.236333670
5326.75,1,14:25:44.236379834
5326.75,1,14:25:44.236502180
5326.75,2,14:25:44.236615050
5326.75,1,14:25:44.236615050
5326.75,2,14:25:44.236650091
5326.75,1,14:25:44.236762755
5326.75,2,14:25:44.236983390
5326.75,2,14:25:44.237019084
5326.75,3,14:25:44.237097658
5326.75,10,14:25:44.237301396
5326.75,1,14:25:44.238582011
5326.75,1,14:25:44.238753822
5326.75,2,14:25:44.499384627
5326.75,1,14:25:44.499595748
5326.75,1,14:25:44.499786437
5326.75,1,14:25:44.499945665
5326.75,1,14:25:44.500099931
5326.75,4,14:25:44.503268113
5326.75,1,14:25:45.012382706
5327.0,1,14:25:45.020453391
5326.75,1,14:25:46.064802141
5327.0,1,14:25:46.388151585
5327.0,1,14:25:46.547797132
5327.0,1,14:25:48.244170702
5327.0,1,14:25:48.507664730
5327.0,1,14:25:48.912509035
5326.75,7,14:25:49.805474408
5327.0,1,14:25:50.222614416
5327.0,1,14:25:50.398475300
5327.0,3,14:25:50.899486133
5327.0,1,14:25:50.899641255
5327.0,1,14:25:50.899682955
5327.0,1,14:25:50.899716922
5327.0,1,14:25:50.899833279
5327.0,2,14:25:50.899981942
5327.0,1,14:25:50.900014743
5327.0,2,14:25:50.900125833
5327.0,1,14:25:50.900160003
5326.75,1,14:25:51.006471564
5327.0,1,14:25:51.273434652
5326.75,4,14:25:51.517702074
5327.0,2,14:25:51.927670520
5327.0,1,14:25:52.515664608
5326.75,3,14:25:52.743202022
5327.0,14,14:25:52.747388346
5327.0,6,14:25:52.748010129
5327.0,1,14:25:52.748201646
5327.0,5,14:25:52.748416853
5327.0,1,14:25:52.748545230
5327.0,2,14:25:52.748873614
5327.0,1,14:25:52.748873614
5327.0,1,14:25:52.749421319
5327.0,20,14:25:53.019357412
5327.0,17,14:25:53.019743170
5327.0,2,14:25:53.019782323
5327.0,1,14:25:53.019812643
5327.0,1,14:25:53.019892232
5327.0,3,14:25:53.019934626
5327.0,7,14:25:53.020000013
5327.0,2,14:25:53.020046071
5327.0,1,14:25:53.133661533
5327.25,2,14:25:53.885901914
5327.25,2,14:25:53.885917741
5327.25,15,14:25:53.885917741
5327.25,1,14:25:53.885917741
5327.25,1,14:25:54.007635267
5327.25,1,14:25:54.046444508
5327.25,1,14:25:54.264521480
5327.25,1,14:25:54.638242910
5327.0,7,14:25:54.958837282
5327.0,1,14:25:54.959083604
5327.0,8,14:25:54.959152440
5327.0,6,14:25:54.959300002
5327.0,1,14:25:54.959426184
5327.0,4,14:25:54.959426184
5327.0,7,14:25:54.959583203
5327.0,1,14:25:54.959583203
5327.0,3,14:25:54.959703869
5327.0,5,14:25:55.069465820
5327.0,1,14:25:55.395756176
5327.0,1,14:25:55.438502281
5327.25,2,14:25:55.689873956
5327.25,1,14:25:56.495548321
5327.25,1,14:25:56.591091370
5327.0,8,14:25:56.743794916
5327.25,2,14:25:56.750038556
5327.0,1,14:25:57.269378206
5327.25,1,14:25:57.394327346
5327.25,1,14:25:58.204017693
5327.25,1,14:25:58.381510957
5327.0,1,14:25:58.682495460
5327.0,1,14:25:58.682504865
5327.0,30,14:25:59.314376026
5327.0,30,14:25:59.314973272
5327.0,1,14:25:59.315235738
5327.0,2,14:25:59.315386329
5327.0,6,14:25:59.315386329
5327.0,3,14:25:59.315430353
5327.0,4,14:25:59.315523064
5327.0,2,14:25:59.315523064
5327.25,7,14:25:59.519246469
5327.25,2,14:25:59.588577154
5327.25,1,14:26:00.020551261
5327.25,1,14:26:00.235260928
5327.0,1,14:26:00.720617263
5327.0,1,14:26:00.738010123
5327.0,1,14:26:00.856691393
5327.25,1,14:26:01.182070181
5327.25,2,14:26:01.405108239
5327.25,1,14:26:01.587191573
5327.0,1,14:26:02.985891436
5327.25,1,14:26:03.158354674
5327.25,1,14:26:03.380125230
5327.25,1,14:26:04.229457257
5327.25,3,14:26:06.467463178
5327.0,5,14:26:06.641544066
5327.0,1,14:26:06.868534343
5327.0,1,14:26:06.887665590
5327.0,30,14:26:07.014472824
5327.0,1,14:26:07.014591204
5327.0,1,14:26:07.014650854
5327.0,1,14:26:07.014728279
5327.0,2,14:26:07.014839590
5327.0,21,14:26:07.015034461
5327.0,1,14:26:07.015255862
5327.0,3,14:26:07.015377930
5327.0,3,14:26:07.015464147
5327.0,1,14:26:07.015556472
5327.0,2,14:26:07.015589887
5327.0,6,14:26:07.015646026
5327.0,1,14:26:07.015678669
5327.0,1,14:26:07.015742647
5327.0,1,14:26:07.023429037
5327.0,7,14:26:07.241827656
5327.0,1,14:26:08.113022979
5327.0,1,14:26:08.554662321
5326.75,4,14:26:08.643630173
5326.75,1,14:26:08.643642653
5326.75,3,14:26:08.643742093
5326.75,7,14:26:08.643847099
5326.75,3,14:26:08.643973572
5326.75,2,14:26:08.643973572
5326.75,10,14:26:08.644171417
5326.75,1,14:26:08.644245744
5326.75,7,14:26:08.644433828
5326.75,8,14:26:08.644602888
5326.75,5,14:26:08.644602888
5326.75,1,14:26:08.644602888
5326.75,4,14:26:08.644602888
5326.75,1,14:26:08.644731603
5326.75,5,14:26:08.644731603
5326.75,4,14:26:08.645104376
5326.75,7,14:26:08.645217630
5326.75,1,14:26:08.662806404
5327.0,1,14:26:09.005130844
5327.0,4,14:26:09.202432013
5327.0,1,14:26:09.379382329
5326.75,21,14:26:09.557696989
5326.5,1,14:26:09.652379106
5326.75,1,14:26:09.764668856
5326.5,1,14:26:10.802726938
5326.5,3,14:26:10.948353006
5326.5,1,14:26:10.948553541
5326.5,1,14:26:10.948705749
5326.5,2,14:26:10.948914669
5326.5,7,14:26:11.431567816
5326.5,5,14:26:11.463624143
5326.5,1,14:26:11.739851032
5326.5,8,14:26:12.057678764
5326.5,2,14:26:12.389196167
5326.5,1,14:26:12.704831070
5326.5,3,14:26:13.031016518
5326.5,2,14:26:14.568036994
5326.75,1,14:26:14.569453032
5326.75,1,14:26:15.020227759
5326.75,1,14:26:16.729165928
5326.5,1,14:26:16.824725780
5326.5,1,14:26:17.618768334
5326.5,10,14:26:19.569752021
5326.5,1,14:26:20.657564176
5326.75,1,14:26:21.361362465
5326.75,1,14:26:21.379828514
5326.5,1,14:26:21.988622938
5326.5,1,14:26:24.425626407
5326.75,1,14:26:24.460463119
5326.75,2,14:26:24.480801104
5326.5,2,14:26:24.869421739
5326.5,1,14:26:24.869482034
5326.5,3,14:26:24.869482034
5326.5,21,14:26:24.869712356
5326.5,2,14:26:24.869802028
5326.5,4,14:26:24.869802028
5326.5,1,14:26:24.869875031
5326.5,2,14:26:24.869875031
5326.5,7,14:26:24.869909329
5326.5,4,14:26:24.870038346
5326.5,5,14:26:24.870152767
5326.5,1,14:26:24.870234472
5326.5,3,14:26:24.870234472
5326.5,1,14:26:24.871263053
5326.5,1,14:26:24.871318110
5326.5,1,14:26:24.871655467
5326.5,1,14:26:24.871886646
5326.5,1,14:26:24.931034700
5326.5,5,14:26:24.931279300
5326.5,1,14:26:24.931657982
5326.5,6,14:26:24.931914055
5326.5,2,14:26:24.932097554
5326.5,8,14:26:24.932218103
5326.5,11,14:26:24.932370791
5326.5,1,14:26:24.935479913
5326.5,1,14:26:24.935518544
5326.5,3,14:26:24.935649408
5326.5,3,14:26:24.935733825
5326.5,3,14:26:24.935797260
5326.5,4,14:26:24.936070772
5326.5,1,14:26:24.936212318
5326.5,2,14:26:24.944537136
5326.5,4,14:26:24.944621550
5326.5,1,14:26:25.464649886
5326.25,2,14:26:26.360956967
5326.25,1,14:26:26.360966785
5326.25,1,14:26:27.289273814
5326.25,1,14:26:27.624618970
5326.5,1,14:26:28.378488125
5326.25,1,14:26:29.630302238
5326.25,1,14:26:29.630797099
5326.5,1,14:26:30.020845134
5326.25,56,14:26:31.011797786
5326.0,1,14:26:31.946739558
5326.0,1,14:26:31.946901267
5326.0,43,14:26:32.124855001
5325.75,1,14:26:33.130172839
5325.75,1,14:26:33.148778257
5326.0,1,14:26:33.179305564
5326.0,1,14:26:33.377599903
5325.75,2,14:26:33.490665728
5325.75,1,14:26:33.556564139
5325.75,4,14:26:33.749582251
5325.75,1,14:26:33.817173678
5325.75,1,14:26:34.078846408
5325.75,1,14:26:34.251910657
5325.75,2,14:26:34.459714123
5325.75,2,14:26:34.459768187
5325.75,3,14:26:34.459822131
5325.75,14,14:26:34.460005505
5325.75,1,14:26:34.460093729
5325.75,3,14:26:34.460093729
5325.75,3,14:26:34.460171924
5325.75,6,14:26:34.460407222
5325.75,1,14:26:34.460468909
5325.75,1,14:26:34.460575141
5325.75,2,14:26:34.460713221
5325.75,1,14:26:34.460713221
5325.75,3,14:26:34.460827223
5325.75,2,14:26:34.460827223
5325.75,1,14:26:34.460994283
5325.75,1,14:26:34.461096122
5325.75,2,14:26:34.461357148
5325.75,1,14:26:34.461452971
5325.75,1,14:26:34.461551017
5325.75,1,14:26:34.530324860
5325.75,1,14:26:34.530346697
5325.75,5,14:26:34.530511584
5325.75,6,14:26:34.530580292
5325.75,2,14:26:34.530623749
5325.75,4,14:26:34.530685344
5325.75,2,14:26:34.530919825
5325.75,1,14:26:34.530968844
5325.75,1,14:26:34.531039709
5325.75,1,14:26:34.531123583
5325.75,1,14:26:34.531173094
5325.75,5,14:26:34.723008217
5325.75,2,14:26:34.875283171
5325.75,1,14:26:34.884974714
5325.75,1,14:26:34.885002840
5325.75,11,14:26:34.885206732
5325.75,1,14:26:34.885404288
5325.75,1,14:26:34.885546291
5325.75,1,14:26:34.885580112
5325.75,1,14:26:34.885654248
5325.75,1,14:26:34.885696726
5325.75,1,14:26:34.885781310
5325.75,1,14:26:34.885834411
5325.75,4,14:26:34.885897926
5325.75,1,14:26:34.886113771
5325.75,1,14:26:34.886236589
5325.75,1,14:26:34.886300763
5325.75,2,14:26:34.893961837
5325.75,5,14:26:34.894202395
5325.75,3,14:26:34.907387983
5325.75,1,14:26:34.907572632
5325.75,1,14:26:34.907614863
5325.75,3,14:26:34.917429773
5325.75,1,14:26:34.917642644
5325.75,1,14:26:34.917681185
5325.75,2,14:26:34.958891557
5325.75,4,14:26:34.959128158
5325.75,4,14:26:34.969609955
5325.75,1,14:26:35.216931385
5325.5,1,14:26:35.217440032
5325.5,2,14:26:35.217456464
5325.5,1,14:26:35.217456464
5325.5,1,14:26:35.784066292
5325.75,1,14:26:35.792625645
5325.5,1,14:26:35.873774697
5325.75,1,14:26:35.874268381
5325.5,1,14:26:36.152129312
5325.5,42,14:26:36.152660261
5325.5,2,14:26:36.153549453
5325.5,3,14:26:36.153643489
5325.5,1,14:26:36.153643489
5325.5,7,14:26:36.154178304
5325.5,1,14:26:36.154483715
5325.5,2,14:26:36.154554443
5325.5,3,14:26:36.154762923
5325.25,1,14:26:36.329579561
5325.25,1,14:26:36.329590361
5325.5,1,14:26:36.698102122
5325.25,1,14:26:36.758430982
5325.25,10,14:26:36.773968658
5325.25,1,14:26:37.376896319
5325.25,20,14:26:37.429422282
5325.25,11,14:26:37.429708307
5325.25,5,14:26:37.430334301
5325.25,5,14:26:37.430406126
5325.25,2,14:26:37.430473100
5325.25,2,14:26:37.430594020
5325.25,1,14:26:37.430711297
5325.5,1,14:26:37.438246387
5325.25,1,14:26:37.804289260
5325.25,1,14:26:38.051518089
5325.25,1,14:26:38.712110016
5325.5,51,14:26:38.785969896
5325.5,10,14:26:38.786270769
5325.5,1,14:26:38.786420786
5325.5,3,14:26:38.786420786
5325.5,3,14:26:38.786513233
5325.5,1,14:26:38.786513233
5325.5,6,14:26:38.786547608
5325.5,7,14:26:38.786860838
5325.5,1,14:26:38.787145481
5325.5,5,14:26:38.787388866
5325.5,1,14:26:38.787388866
5325.5,2,14:26:38.787388866
5325.5,1,14:26:38.794581818
5325.25,1,14:26:38.800029904
5325.25,1,14:26:39.306021084
5325.25,1,14:26:39.436326904
5325.25,2,14:26:39.575683806
5325.5,1,14:26:39.646138622
5325.5,1,14:26:40.371661415
5325.5,2,14:26:40.391655130
5325.5,6,14:26:40.391896661
5325.5,3,14:26:40.392021035
5325.5,17,14:26:40.392668479
5325.5,8,14:26:40.392730409
5325.5,3,14:26:40.392795965
5325.5,4,14:26:40.392838479
5325.5,1,14:26:40.393162719
5325.75,1,14:26:40.958128620
5325.5,1,14:26:41.208198219
5325.75,1,14:26:41.376154334
5325.5,1,14:26:43.404551283
5325.5,1,14:26:43.842066037
5325.75,1,14:26:44.713505366
5325.75,1,14:26:45.019861883
5325.5,3,14:26:45.364607385
5325.5,1,14:26:46.151561529
5325.5,2,14:26:46.151607021
5325.75,1,14:26:46.295580390
5325.5,86,14:26:48.389917954
5325.5,14,14:26:48.390668747
5325.5,3,14:26:48.390884565
5325.5,6,14:26:48.390884565
5325.5,1,14:26:48.390884565
5325.5,5,14:26:48.390884565
5325.5,3,14:26:48.391055433
5325.5,2,14:26:48.391055433
5325.5,2,14:26:48.391119671
5325.5,1,14:26:48.391358534
5325.5,1,14:26:48.391479297
5325.75,1,14:26:49.504363802
5325.75,1,14:26:49.911314324
5325.5,1,14:26:50.638410955
5325.75,3,14:26:51.863814282
5325.75,1,14:26:51.863847044
5325.75,1,14:26:51.863923127
5325.75,6,14:26:51.864024538
5325.75,1,14:26:51.864091908
5325.75,2,14:26:51.864091908
5325.75,8,14:26:51.864184879
5325.75,9,14:26:51.864291713
5325.75,1,14:26:51.864383450
5325.75,33,14:26:51.864509043
5325.75,1,14:26:51.864806528
5325.75,5,14:26:52.395651307
5325.75,5,14:26:52.475942012
5326.0,1,14:26:53.372665148
5326.0,1,14:26:53.372675276
5326.0,1,14:26:56.372398939
5326.0,1,14:26:58.003660520
5326.0,1,14:26:58.007031945
5325.75,1,14:26:59.058873232
5325.75,1,14:26:59.058883350
5326.0,7,14:26:59.518441010
5326.0,1,14:27:00.021041260
5326.0,1,14:27:00.285656114
5325.75,1,14:27:00.505605033
5325.75,1,14:27:00.520437886
5326.0,1,14:27:00.569105849
5325.75,2,14:27:01.202662106
5325.75,3,14:27:01.202717691
5325.75,1,14:27:01.202837085
5325.75,6,14:27:01.202918802
5325.75,3,14:27:01.202959959
5325.75,6,14:27:01.203077535
5325.75,11,14:27:01.203162609
5325.75,2,14:27:01.203208123
5325.75,1,14:27:01.203285411
5325.75,4,14:27:01.203481307
5325.75,2,14:27:01.203541454
5325.75,4,14:27:01.203599050
5325.75,1,14:27:01.203638564
5325.75,2,14:27:01.203772791
5325.75,2,14:27:01.203834174
5325.75,1,14:27:01.203959357
5325.75,1,14:27:01.204034834
5325.75,3,14:27:01.204345087
5325.75,1,14:27:01.220672213
5325.75,1,14:27:02.007105731
5325.75,1,14:27:02.063745026
5326.0,1,14:27:02.370173146
5326.0,1,14:27:03.663423668
5325.75,1,14:27:03.973931305
5325.75,1,14:27:05.571374640
5326.0,1,14:27:05.883380094
5325.75,2,14:27:06.247729520
5325.75,1,14:27:06.475913747
5326.0,1,14:27:07.369696152
5326.0,15,14:27:08.788520954
5326.0,4,14:27:09.077008795
5326.0,3,14:27:09.077080128
5326.0,1,14:27:09.077156363
5326.0,1,14:27:09.077213916
5326.0,2,14:27:09.077267616
5326.0,3,14:27:09.077312107
5326.0,2,14:27:09.077364492
5326.0,6,14:27:09.077413382
5326.0,15,14:27:09.077502366
5326.0,10,14:27:09.077570492
5326.0,1,14:27:09.077722707
5326.0,3,14:27:09.077722707
5326.0,1,14:27:09.077871881
5326.0,3,14:27:09.077871881
5326.0,2,14:27:09.078006984
5326.0,1,14:27:09.078006984
5326.0,5,14:27:09.078006984
5326.0,1,14:27:09.078123099
5326.0,7,14:27:09.078123099
5326.0,4,14:27:09.078275207
5326.0,6,14:27:09.078275207
5326.0,1,14:27:09.078411883
5326.0,3,14:27:09.078569239
5326.0,1,14:27:09.078610875
5326.0,3,14:27:09.085683600
5325.75,10,14:27:09.240273920
5325.75,1,14:27:09.240444327
5325.75,2,14:27:09.240495063
5325.75,3,14:27:09.240555974
5325.75,4,14:27:09.240755863
5325.75,1,14:27:09.240925434
5325.75,1,14:27:09.248599195
5325.75,1,14:27:09.545115974
5326.0,2,14:27:09.586982541
5326.0,6,14:27:09.587256655
5326.0,6,14:27:09.587714927
5326.0,6,14:27:09.588756711
5326.0,9,14:27:09.589149622
5326.0,1,14:27:09.589247479
5326.0,5,14:27:09.589247479
5326.0,3,14:27:09.589344179
5326.0,3,14:27:09.589588805
5326.0,1,14:27:09.589923689
5326.0,4,14:27:09.590155616
5326.0,2,14:27:09.597793265
5326.0,1,14:27:10.835427409
5326.0,4,14:27:11.799369014
5326.0,27,14:27:14.225654606
5326.0,4,14:27:14.226934904
5326.0,1,14:27:14.231462957
5326.0,1,14:27:14.231675988
5326.0,10,14:27:14.231784381
5326.0,8,14:27:14.231854885
5326.0,2,14:27:14.231854885
5326.0,1,14:27:14.232105002
5326.25,1,14:27:15.020352762
5326.25,1,14:27:15.206950982
5326.0,1,14:27:15.741934772
5326.0,1,14:27:15.742099768
5326.0,1,14:27:15.742138091
5326.0,1,14:27:15.749924642
5326.0,3,14:27:15.750131058
5326.0,6,14:27:15.750207979
5326.0,10,14:27:15.750207979
5326.0,1,14:27:15.750266159
5326.0,7,14:27:15.750353355
5326.0,5,14:27:15.750470397
5326.0,1,14:27:15.750470397
5326.0,30,14:27:15.770626320
5326.0,1,14:27:15.770873064
5326.0,1,14:27:15.770939141
5326.0,17,14:27:15.771108797
5326.0,3,14:27:16.253279639
5326.25,1,14:27:18.367201763
5326.25,10,14:27:19.010769723
5326.25,6,14:27:19.010853770
5326.25,2,14:27:19.010900359
5326.25,21,14:27:19.011007690
5326.25,1,14:27:19.028858945
5326.5,1,14:27:19.368597330
5326.5,1,14:27:19.368607170
5326.25,7,14:27:20.650590906
5326.5,1,14:27:20.782024012
5326.25,32,14:27:21.132481284
5326.0,2,14:27:21.919303653
5326.25,3,14:27:22.518411929
5326.0,61,14:27:23.761107389
5326.0,1,14:27:23.762167027
5326.0,1,14:27:23.762448252
5326.0,2,14:27:23.762448252
5326.0,1,14:27:23.762588367
5326.0,5,14:27:23.762776325
5326.0,1,14:27:23.762776325
5326.0,2,14:27:23.763051803
5326.0,5,14:27:23.763126566
5326.0,3,14:27:23.763126566
5326.0,2,14:27:23.763235781
5326.0,1,14:27:23.763286223
5326.0,10,14:27:23.763723266
5326.0,1,14:27:23.763818078
5326.0,3,14:27:23.763818078
5326.0,1,14:27:23.763991761
5326.0,28,14:27:23.764488763
5326.0,1,14:27:23.765062375
5326.0,2,14:27:23.765062375
5326.0,8,14:27:23.765162855
5326.0,1,14:27:23.765162855
5326.0,15,14:27:24.116228701
5325.75,14,14:27:24.971135058
5325.75,1,14:27:25.588638239
5325.75,1,14:27:25.617478193
5326.0,1,14:27:25.623736815
5325.75,1,14:27:25.778063558
5325.75,3,14:27:27.020152999
5326.0,5,14:27:27.594664860
5326.0,1,14:27:28.230742509
5326.0,30,14:27:28.232755352
5326.0,1,14:27:28.246761478
5326.0,1,14:27:28.333077306
5326.0,1,14:27:28.969240749
5326.25,1,14:27:30.020199765
5326.25,1,14:27:30.203918635
5326.25,1,14:27:31.381686419
5326.0,18,14:27:34.150781745
5326.0,1,14:27:34.151065162
5326.0,1,14:27:34.151097489
5326.0,1,14:27:34.151263602
5326.0,8,14:27:34.151390382
5326.0,12,14:27:34.151668691
5326.0,1,14:27:34.151849169
5326.0,9,14:27:34.201873369
5326.25,5,14:27:34.660223457
5326.0,3,14:27:35.537439523
5326.0,1,14:27:35.537517861
5326.0,4,14:27:35.537683100
5326.0,1,14:27:35.537844604
5326.0,16,14:27:35.538144847
5326.0,1,14:27:35.538255476
5326.0,2,14:27:35.538420020
5326.0,1,14:27:35.538545489
5326.0,2,14:27:35.539195940
5326.0,6,14:27:35.539250034
5326.0,2,14:27:35.539307305
5326.0,2,14:27:35.539343821
5326.0,5,14:27:35.539404113
5326.0,9,14:27:35.539741673
5325.75,2,14:27:35.548915579
5325.75,20,14:27:35.549256018
5325.75,6,14:27:35.549332317
5325.75,20,14:27:35.551345653
5325.75,1,14:27:35.551477141
5325.75,2,14:27:35.551553299
5325.75,1,14:27:35.551580269
5325.75,7,14:27:35.551983563
5325.75,1,14:27:35.561040105
5325.5,1,14:27:38.700723300
5325.75,5,14:27:39.337017299
5325.75,3,14:27:39.984335316
5325.5,1,14:27:40.089590018
5325.5,1,14:27:40.089598981
5325.75,1,14:27:41.056338589
5325.75,2,14:27:41.295302522
5325.75,2,14:27:41.295345850
5325.75,1,14:27:41.295537364
5325.75,1,14:27:41.295580648
5325.75,2,14:27:41.295646877
5325.75,5,14:27:41.295720712
5325.75,2,14:27:41.295781811
5325.75,10,14:27:41.295893621
5325.75,1,14:27:41.296003715
5325.75,2,14:27:41.296003715
5325.75,1,14:27:41.296082863
5325.75,5,14:27:41.296157508
5325.75,1,14:27:41.296213785
5325.75,4,14:27:41.296351415
5325.75,2,14:27:41.296391481
5325.75,1,14:27:41.296470154
5325.75,6,14:27:41.296470154
5325.75,3,14:27:41.296621015
5325.75,3,14:27:41.296721564
5325.75,1,14:27:41.296721564
5325.75,2,14:27:41.296848101
5325.75,1,14:27:41.296954929
5325.75,2,14:27:41.297057177
5325.75,1,14:27:41.297139149
5325.75,6,14:27:41.297338386
5325.75,3,14:27:41.297561293
5325.75,2,14:27:41.306681724
5325.75,1,14:27:41.306717862
5325.5,1,14:27:41.612481691
5325.5,1,14:27:41.892188362
5325.75,1,14:27:41.933979802
5325.5,1,14:27:42.176461539
5325.75,1,14:27:42.381474492
5325.5,1,14:27:42.788120523
5325.5,1,14:27:43.097665537
5325.5,1,14:27:43.180588254
5325.75,1,14:27:43.381584831
5325.5,1,14:27:43.742019614
5325.5,17,14:27:44.795551407
5325.5,5,14:27:44.795733289
5325.5,1,14:27:44.795790740
5325.5,10,14:27:44.795890495
5325.5,2,14:27:44.851373106
5325.5,3,14:27:44.851956577
5325.5,56,14:27:44.853556436
5325.25,2,14:27:44.861137815
5325.5,1,14:27:45.020798243
5325.5,1,14:27:45.357324611
5325.25,1,14:27:45.856632491
5325.5,1,14:27:47.144236102
5325.25,20,14:27:47.561445127
5325.25,40,14:27:47.590708162
5325.25,11,14:27:47.591108537
5325.25,1,14:27:47.591155818
5325.25,1,14:27:47.591219771
5325.25,7,14:27:47.591305841
5325.25,2,14:27:47.591502398
5325.25,17,14:27:47.591714959
5325.25,11,14:27:47.592387545
5325.25,1,14:27:47.592547302
5325.25,6,14:27:47.592687539
5325.25,1,14:27:47.592843478
5325.25,2,14:27:47.592884077
5325.25,8,14:27:47.592988514
5325.25,2,14:27:47.593241816
5325.25,1,14:27:47.593371917
5325.25,8,14:27:47.593490978
5325.25,1,14:27:47.593690884
5325.25,1,14:27:47.593739387
5325.25,8,14:27:47.926552522
5325.25,2,14:27:47.926593662
5325.25,10,14:27:47.926665052
5325.25,5,14:27:47.926733681
5325.25,3,14:27:47.926814735
5325.0,1,14:27:48.247917312
5325.0,1,14:27:48.247928973
5325.0,2,14:27:48.247928973
5325.0,2,14:27:48.626209425
5325.25,8,14:27:49.772375104
5325.25,7,14:27:49.772577966
5325.25,1,14:27:49.772695066
5325.25,1,14:27:49.772773628
5325.25,1,14:27:49.772838727
5325.0,1,14:27:50.091553225
5325.0,2,14:27:51.050805802
5325.0,14,14:27:52.445446866
5325.0,29,14:27:52.445823699
5325.0,1,14:27:52.445911266
5325.0,1,14:27:52.445944191
5325.0,1,14:27:52.446039060
5325.0,1,14:27:52.446062974
5325.0,11,14:27:52.446118958
5325.0,1,14:27:52.466101310
5325.0,1,14:27:54.378703618
5324.75,1,14:27:54.701285566
5324.75,1,14:27:54.701298362
5324.75,1,14:27:55.218816178
5324.75,1,14:27:55.482087865
5325.0,1,14:27:55.565712090
5324.75,10,14:27:56.167463770
5325.0,1,14:27:56.281271710
5325.0,6,14:27:57.914090096
5325.0,2,14:27:57.914146215
5325.0,3,14:27:57.914268989
5325.0,6,14:27:57.914377423
5325.0,2,14:27:57.914430544
5325.0,2,14:27:57.914512735
5325.0,1,14:27:57.914633418
5325.0,8,14:27:57.914716397
5325.0,1,14:27:57.914968360
5325.0,1,14:27:57.915008402
5325.0,2,14:27:57.922716938
5325.0,1,14:27:58.091864644
5325.0,1,14:27:58.354757459
5325.0,1,14:27:58.354946256
5325.0,1,14:27:58.364218545
5325.0,1,14:27:58.805349738
5325.0,3,14:27:58.819267020
5325.0,2,14:27:58.819432019
5325.0,9,14:27:58.820550037
5325.0,1,14:27:58.825282786
5324.75,5,14:27:58.952664909
5324.75,1,14:27:59.177648951
5325.0,7,14:27:59.528250107
5325.0,1,14:27:59.612186189
5324.75,1,14:27:59.852413395
5325.0,1,14:28:00.020894920
5325.25,6,14:28:01.313254094
5325.0,54,14:28:01.313254094
5325.0,1,14:28:01.313940396
5325.0,3,14:28:01.339424374
5325.0,5,14:28:01.339631920
5325.0,3,14:28:01.339686229
5325.0,1,14:28:01.339733145
5325.0,2,14:28:01.339772323
5325.0,3,14:28:01.340113252
5325.0,1,14:28:01.420782151
5325.0,2,14:28:01.952297356
5325.25,2,14:28:02.149952653
5325.25,1,14:28:03.602213585
5325.25,1,14:28:04.295405450
5325.25,2,14:28:05.377489453
5325.0,3,14:28:05.670278945
5325.0,2,14:28:05.670351692
5325.0,7,14:28:05.670460699
5325.0,1,14:28:05.670578743
5325.0,4,14:28:05.670647692
5325.0,5,14:28:05.670781237
5325.0,1,14:28:05.670781237
5325.0,1,14:28:05.670901038
5325.0,7,14:28:05.670901038
5325.0,3,14:28:05.670985413
5325.0,1,14:28:05.671189146
5325.0,8,14:28:05.671270642
5325.0,1,14:28:05.671334103
5324.75,1,14:28:07.193795779
5325.0,1,14:28:08.377258388
5324.75,4,14:28:08.525440267
5324.75,1,14:28:10.170986341
5324.75,22,14:28:10.172041745
5324.75,108,14:28:10.184068889
5324.75,1,14:28:10.532314950
5324.5,1,14:28:10.748772276
5324.5,1,14:28:10.748781978
5324.5,1,14:28:11.174080362
5324.5,3,14:28:11.377883883
5324.5,1,14:28:11.401804710
5324.5,1,14:28:11.428759773
5324.5,1,14:28:11.555985844
5324.5,3,14:28:11.556184045
5324.5,7,14:28:11.556184045
5324.5,3,14:28:11.556497179
5324.5,7,14:28:11.556497179
5324.5,3,14:28:11.556788147
5324.5,10,14:28:11.556788147
5324.5,1,14:28:11.556788147
5324.5,6,14:28:11.556788147
5324.5,8,14:28:11.556788147
5324.5,30,14:28:11.556799683
5324.5,1,14:28:11.557259597
5324.5,3,14:28:11.559345793
5324.25,1,14:28:12.378997098
5324.25,1,14:28:12.379009722
5324.25,1,14:28:12.568382633
5324.25,1,14:28:12.718414868
5324.25,1,14:28:12.757392910
5324.5,1,14:28:12.895633921
5324.25,1,14:28:13.320494774
5324.25,4,14:28:14.616970741
5324.25,1,14:28:14.617144386
5324.5,1,14:28:15.020817111
5324.25,7,14:28:15.060923575
5324.25,5,14:28:15.061107201
5324.25,7,14:28:15.061175273
5324.25,3,14:28:15.061230522
5324.25,1,14:28:15.061269034
5324.25,1,14:28:15.061325416
5324.25,6,14:28:15.061391238
5324.25,7,14:28:15.061470021
5324.25,3,14:28:15.061553770
5324.25,9,14:28:15.061641599
5324.25,1,14:28:15.061710173
5324.25,7,14:28:15.061888913
5324.25,31,14:28:15.062028665
5324.25,1,14:28:15.062152179
5324.25,2,14:28:15.062205777
5324.25,1,14:28:15.062313869
5324.25,7,14:28:15.062380456
5324.25,1,14:28:15.062560238
5324.25,6,14:28:15.062639632
5324.25,1,14:28:15.102190425
5324.5,1,14:28:15.368927758
5324.25,1,14:28:15.570761928
5324.25,1,14:28:16.400208475
5324.5,1,14:28:17.375634025
5324.5,1,14:28:17.554346584
5324.25,5,14:28:17.858166634
5324.5,1,14:28:18.316727447
5324.5,5,14:28:19.912638526
5324.5,45,14:28:19.913068487
5324.5,2,14:28:19.913804700
5324.5,1,14:28:19.913858346
5324.75,1,14:28:19.916710816
5324.75,1,14:28:19.917060697
5324.5,1,14:28:20.656057101
5324.75,2,14:28:20.863040482
5324.75,3,14:28:20.863211289
5324.75,3,14:28:20.863335947
5324.75,2,14:28:20.863389015
5324.75,30,14:28:20.863558025
5324.75,14,14:28:20.863787239
5324.75,1,14:28:20.864352076
5324.75,1,14:28:20.864455746
5325.0,1,14:28:20.977762284
5324.75,1,14:28:21.359375769
5325.0,1,14:28:21.691530785
5325.0,1,14:28:21.697920117
5325.0,1,14:28:21.707841760
5325.0,1,14:28:21.708125317
5325.0,1,14:28:21.708355428
5325.0,2,14:28:21.708713291
5325.0,1,14:28:21.708920556
5325.0,2,14:28:21.710909854
5325.0,1,14:28:21.710942510
5325.0,3,14:28:21.711124734
5325.0,1,14:28:21.711330505
5325.0,1,14:28:21.717874887
5325.0,5,14:28:21.729779875
5325.0,1,14:28:21.738040797
5325.0,11,14:28:21.740324151
5325.0,1,14:28:21.740695667
5325.0,1,14:28:21.740753139
5325.0,17,14:28:23.141828454
5325.0,10,14:28:23.142129469
5325.0,1,14:28:23.142294618
5325.0,1,14:28:23.142329447
5325.0,7,14:28:23.142457255
5325.0,1,14:28:23.142686351
5325.0,5,14:28:23.142716639
5325.0,4,14:28:23.142827189
5325.0,1,14:28:23.142981745
5325.0,1,14:28:23.143048725
5325.0,1,14:28:23.144360288
5325.0,1,14:28:23.241521256
5325.0,13,14:28:24.945446346
5325.0,19,14:28:24.949233340
5325.0,22,14:28:24.949686255
5325.0,3,14:28:24.950077290
5325.0,1,14:28:24.950077290
5325.0,2,14:28:24.950311515
5325.0,1,14:28:24.950565155
5325.0,1,14:28:26.039947019
5325.25,15,14:28:26.052196181
5325.25,1,14:28:26.077253537
5325.25,1,14:28:26.237033140
5325.5,1,14:28:26.375617255
5325.5,1,14:28:26.375628205
5325.5,2,14:28:26.691884526
5325.5,2,14:28:26.751422150
5325.25,36,14:28:27.231822216
5325.25,1,14:28:27.281184838
5325.25,1,14:28:27.464683299
5325.0,1,14:28:27.633901979
5325.25,1,14:28:27.670327083
5325.25,8,14:28:27.800035119
5325.0,1,14:28:27.808170113
5325.25,5,14:28:28.053004601
5325.25,4,14:28:28.053069120
5325.25,1,14:28:28.053138738
5325.25,2,14:28:28.053138738
5325.25,6,14:28:28.053216723
5325.25,1,14:28:28.053259710
5325.25,1,14:28:28.053662630
5325.25,5,14:28:28.053748478
5325.25,1,14:28:28.409050762
5325.25,1,14:28:29.376827307
5325.25,1,14:28:29.966686483
5325.25,1,14:28:30.020885920
5325.25,18,14:28:30.163621750
5325.25,1,14:28:30.164033205
5325.25,1,14:28:30.164072258
5325.25,23,14:28:30.164441760
5325.25,1,14:28:30.549569152
5325.25,1,14:28:31.031620348
5325.0,1,14:28:31.369547635
5325.25,1,14:28:33.375046280
5325.25,1,14:28:33.727052807
5325.25,1,14:28:34.105589857
5325.0,1,14:28:34.225498934
5325.0,18,14:28:34.403623868
5325.0,31,14:28:34.405612289
5325.0,2,14:28:34.418581596
5325.0,3,14:28:34.418609181
5325.0,10,14:28:34.418942144
5325.0,2,14:28:34.419053509
5325.0,1,14:28:34.419053509
5325.0,1,14:28:34.419362875
5325.0,2,14:28:34.419823298
5325.0,1,14:28:34.420442430
5325.0,1,14:28:34.420843453
5325.0,3,14:28:34.421093669
5325.0,1,14:28:34.421132393
5325.0,1,14:28:34.421317408
5325.0,1,14:28:34.438573739
5325.0,1,14:28:34.682750983
5325.0,1,14:28:34.998677187
5324.75,1,14:28:36.380643637
5325.0,1,14:28:38.333143741
5324.75,1,14:28:39.721163284
5325.0,1,14:28:39.971423772
5325.0,1,14:28:40.373677225
5324.75,1,14:28:41.743716158
5324.75,3,14:28:41.743728116
5325.0,1,14:28:42.381197999
5325.0,41,14:28:43.290414681
5325.0,1,14:28:43.302006767
5325.0,1,14:28:44.170740997
5325.25,1,14:28:45.020473231
5325.0,1,14:28:46.282194197
5325.25,1,14:28:46.519586131
5325.0,18,14:28:48.721576413
5325.0,20,14:28:48.721865024
5325.0,1,14:28:48.722372529
5325.0,2,14:28:48.722433723
5325.0,8,14:28:48.722505837
5325.0,1,14:28:48.722543610
5325.0,4,14:28:48.722888843
5325.0,13,14:28:48.723042734
5325.0,1,14:28:48.723441574
5325.0,4,14:28:48.723648263
5325.0,2,14:28:48.723698325
5325.0,6,14:28:48.723746486
5325.0,1,14:28:48.724940949
5325.0,2,14:28:48.725048237
5325.0,2,14:28:48.725170300
5325.0,3,14:28:48.725170300
5325.0,1,14:28:48.725170300
5325.0,2,14:28:48.725252030
5325.0,1,14:28:48.725323471
5325.0,1,14:28:48.725499264
5325.0,2,14:28:48.725557402
5325.0,2,14:28:48.725761375
5325.0,2,14:28:48.725885345
5325.0,1,14:28:48.725987014
5325.0,1,14:28:48.726024718
5325.0,15,14:28:48.726349057
5325.0,1,14:28:48.726666478
5325.0,7,14:28:48.726821018
5325.0,1,14:28:48.764966717
5325.0,1,14:28:48.913017755
5325.0,3,14:28:48.913213919
5325.0,3,14:28:48.913431907
5325.0,2,14:28:50.211681936
5325.25,1,14:28:50.275971847
5325.25,1,14:28:50.842479826
5325.25,7,14:28:50.842804473
5325.25,2,14:28:50.843004068
5325.25,1,14:28:50.843004068
5325.25,3,14:28:50.843004068
5325.25,2,14:28:50.843047822
5325.25,1,14:28:50.843460989
5325.25,2,14:28:50.843460989
5325.25,9,14:28:50.843607666
5325.5,1,14:28:51.442520992
5325.5,1,14:28:52.372395649
5325.5,1,14:28:52.505592553
5325.25,1,14:28:53.132865542
5325.25,1,14:28:53.622766259
5325.5,1,14:28:53.741027896
5325.5,1,14:28:53.744307501
5325.5,1,14:28:53.744553057
5325.5,1,14:28:53.744608230
5325.5,1,14:28:53.745475953
5325.5,1,14:28:53.754193409
5325.5,5,14:28:53.754399426
5325.5,1,14:28:53.754587461
5325.5,1,14:28:53.754661732
5325.5,2,14:28:53.762582384
5325.5,1,14:28:54.795289433
5325.25,25,14:28:56.134566653
5325.5,1,14:28:56.179351125
5325.25,1,14:28:57.304955830
5325.25,30,14:28:57.385321065
5325.25,2,14:28:57.385455943
5325.25,2,14:28:57.385512043
5325.25,1,14:28:57.385821074
5325.25,3,14:28:57.385905843
5325.25,5,14:28:57.385982888
5325.25,1,14:28:57.386289896
5325.25,7,14:28:57.386491288
5325.25,1,14:28:57.386491288
5325.25,3,14:28:57.386491288
5325.25,2,14:28:57.386491288
5325.25,1,14:28:57.386516152
5325.25,1,14:28:57.386613858
5325.25,1,14:28:57.386819827
5325.5,1,14:28:58.371341513
5325.5,5,14:28:58.652188760
5325.5,7,14:28:59.526451807
5325.5,1,14:29:00.021209013
5325.5,8,14:29:00.194400048
5325.5,3,14:29:00.194519582
5325.5,2,14:29:00.194519582
5325.5,1,14:29:00.194629489
5325.5,4,14:29:00.194629489
5325.5,6,14:29:00.194680947
5325.5,12,14:29:00.195104945
5325.5,9,14:29:00.195324146
5325.5,2,14:29:00.195394593
5325.5,1,14:29:00.195505862
5325.5,1,14:29:00.195805893
5325.5,1,14:29:00.202296066
5325.5,1,14:29:00.203031726
5325.5,1,14:29:00.223878187
5325.25,1,14:29:00.505419508
5325.5,1,14:29:01.154192300
5325.25,13,14:29:01.545961983
5325.5,1,14:29:02.088207188
5325.5,1,14:29:02.088282508
5325.5,1,14:29:02.088645028
5325.5,20,14:29:02.088880363
5325.5,7,14:29:02.089048054
5325.5,1,14:29:02.089187464
5325.5,1,14:29:02.089402496
5325.5,1,14:29:02.091578825
5325.5,3,14:29:02.093441806
5325.5,1,14:29:02.093598788
5325.5,1,14:29:02.093642805
5325.5,1,14:29:02.093752318
5325.5,2,14:29:02.097070916
5325.5,1,14:29:02.097363622
5325.5,2,14:29:02.122105788
5325.5,1,14:29:02.184523696
5325.5,1,14:29:02.271417031
5325.5,1,14:29:02.271491016
5325.5,19,14:29:02.271633327
5325.75,1,14:29:02.853301250
5325.75,10,14:29:02.853309913
5325.75,1,14:29:03.071693394
5325.75,1,14:29:03.372306511
5325.75,2,14:29:03.676415381
5325.75,1,14:29:03.967073086
5325.5,1,14:29:04.248904039
5325.75,1,14:29:04.331206500
5325.75,1,14:29:04.331397598
5325.75,1,14:29:04.331796915
5325.75,1,14:29:04.331995107
5325.75,3,14:29:04.332219956
5325.75,6,14:29:04.332287907
5326.0,1,14:29:06.290706023
5326.0,1,14:29:06.290717511
5326.0,8,14:29:06.290717511
5326.0,3,14:29:06.460961306
5326.0,3,14:29:06.461201368
5326.0,3,14:29:06.461300554
5326.0,19,14:29:06.461507918
5326.0,1,14:29:06.461586230
5326.0,1,14:29:06.461689512
5326.0,8,14:29:06.461689512
5326.0,1,14:29:06.461769517
5326.0,1,14:29:06.513040862
5325.75,2,14:29:06.543538494
5325.75,3,14:29:06.543556171
5325.75,2,14:29:06.543701322
5325.75,1,14:29:06.543729803
5325.75,1,14:29:06.543765150
5325.75,3,14:29:06.543804431
5325.75,15,14:29:06.543937352
5325.75,15,14:29:06.544096530
5325.75,1,14:29:06.544230917
5325.75,2,14:29:06.544230917
5325.75,16,14:29:06.544387445
5325.75,1,14:29:06.544430819
5325.75,2,14:29:06.544617478
5325.75,1,14:29:06.544617478
5325.75,4,14:29:06.544713864
5325.75,8,14:29:06.544713864
5325.75,1,14:29:06.544969223
5325.75,4,14:29:06.544969223
5325.75,2,14:29:06.544969223
5325.75,4,14:29:06.545247818
5325.75,1,14:29:06.545424928
5325.75,1,14:29:06.545455371
5325.5,1,14:29:06.634337786
5325.75,20,14:29:07.598216977
5325.75,20,14:29:07.598400331
5325.75,2,14:29:07.599369724
5325.75,7,14:29:07.599763050
5325.75,1,14:29:07.599921370
5325.75,5,14:29:07.599972753
5325.75,3,14:29:07.600041507
5325.75,2,14:29:07.600162975
5325.75,1,14:29:07.600162975
5325.75,1,14:29:07.600552007
5325.5,20,14:29:07.702356521
5325.5,1,14:29:07.868250638
5325.5,13,14:29:08.773602135
5325.5,14,14:29:08.774101138
5325.5,2,14:29:08.775069139
5325.5,3,14:29:09.065022679
5325.5,2,14:29:09.065119008
5325.5,4,14:29:09.065223212
5325.5,5,14:29:09.066797662
5325.5,2,14:29:09.066967711
5325.5,7,14:29:09.067066884
5325.5,1,14:29:09.067354557
5325.5,3,14:29:09.067590052
5325.5,2,14:29:09.067643709
5325.5,1,14:29:09.093023810
5325.5,2,14:29:09.170467866
5325.5,1,14:29:09.326242459
5325.5,1,14:29:09.327559810
5325.5,1,14:29:09.328419059
5325.5,1,14:29:09.328597316
5325.75,1,14:29:12.857505932
5325.5,1,14:29:13.035198545
5325.5,1,14:29:14.037855729
5325.75,1,14:29:15.021628929
5325.75,1,14:29:15.376163569
5325.5,1,14:29:16.827976803
5325.75,8,14:29:16.967734866
5325.75,3,14:29:16.967836427
5325.75,4,14:29:16.967934320
5325.75,2,14:29:16.967934320
5325.75,8,14:29:16.968019742
5325.75,3,14:29:16.968096109
5325.75,2,14:29:16.968114329
5325.75,2,14:29:16.968176907
5325.75,1,14:29:17.073735213
5325.75,1,14:29:17.726864332
5326.0,5,14:29:18.177308212
5326.0,1,14:29:20.472266615
5326.0,1,14:29:20.727319470
5326.0,1,14:29:21.780057800
5325.75,3,14:29:21.784580291
5325.75,15,14:29:21.784874534
5325.75,2,14:29:21.784965905
5325.75,3,14:29:21.785044749
5325.75,1,14:29:21.785044749
5325.75,10,14:29:21.785143653
5325.75,1,14:29:21.785201193
5325.75,23,14:29:21.785298497
5325.75,27,14:29:21.785890788
5325.75,1,14:29:21.786021699
5325.75,1,14:29:21.786073556
5326.0,3,14:29:22.041538131
5326.0,6,14:29:23.234911192
5326.0,1,14:29:23.234946402
5326.0,1,14:29:23.234994493
5326.0,2,14:29:23.235071086
5326.0,3,14:29:23.235140975
5326.0,1,14:29:23.235286431
5326.0,15,14:29:23.235286431
5326.0,2,14:29:23.235307135
5326.0,2,14:29:23.235404017
5326.0,1,14:29:23.235404017
5326.0,2,14:29:23.235431497
5326.0,1,14:29:23.248533978
5326.25,1,14:29:23.255479286
5326.25,5,14:29:23.255490633
5326.25,1,14:29:23.375679986
5326.25,1,14:29:24.790550448
5326.25,4,14:29:25.930921995
5326.0,1,14:29:26.077976075
5326.25,25,14:29:26.101481554
5326.25,8,14:29:26.101795620
5326.25,1,14:29:26.101853001
5326.25,6,14:29:26.101938014
5326.25,8,14:29:26.102073383
5326.25,2,14:29:26.102073383
5326.25,1,14:29:26.102092062
5326.25,4,14:29:26.102182694
5326.25,3,14:29:26.102480633
5326.25,1,14:29:26.102625615
5326.25,1,14:29:26.102715537
5326.0,2,14:29:26.102986912
5326.0,7,14:29:26.105231414
5326.25,1,14:29:26.193212256
5326.25,2,14:29:26.376160326
5326.25,1,14:29:26.378335650
5326.0,1,14:29:26.855237371
5326.25,1,14:29:27.374595293
5326.25,1,14:29:27.697882062
5326.0,1,14:29:28.107399696
5326.25,1,14:29:28.895059177
5326.25,1,14:29:29.373768818
5326.25,1,14:29:30.021582067
5326.0,7,14:29:33.744007871
5326.0,33,14:29:33.744445181
5326.0,30,14:29:33.744945323
5326.0,7,14:29:33.745189670
5326.0,1,14:29:33.745513567
5326.0,1,14:29:33.745902027
5326.0,1,14:29:33.745938600
5326.0,30,14:29:33.756803501
5326.0,1,14:29:33.757827560
5326.0,1,14:29:33.769898866
5326.0,2,14:29:33.770056302
5326.0,1,14:29:33.770090086
5326.0,1,14:29:33.770131328
5326.0,2,14:29:33.770222274
5326.0,16,14:29:33.770330189
5326.25,1,14:29:33.816600225
5326.0,1,14:29:33.926810869
5326.0,1,14:29:33.926838281
5326.0,7,14:29:34.205921621
5326.0,1,14:29:34.206013981
5326.0,1,14:29:34.206064606
5326.0,3,14:29:34.206104396
5326.0,1,14:29:34.206286127
5326.0,1,14:29:34.206384600
5326.0,8,14:29:34.206539661
5326.0,1,14:29:34.206603186
5326.0,1,14:29:34.206643625
5326.0,1,14:29:34.206687565
5326.0,5,14:29:34.206772559
5326.0,2,14:29:34.206809440
5326.0,1,14:29:34.207021880
5326.0,2,14:29:34.207200974
5326.0,4,14:29:34.276619284
5326.0,1,14:29:34.276786590
5326.0,1,14:29:34.634186982
5326.0,1,14:29:34.653350312
5326.0,1,14:29:34.681043753
5326.0,1,14:29:34.732179314
5326.0,1,14:29:34.935301138
5325.75,4,14:29:35.947378604
5325.75,1,14:29:35.947392650
5326.0,1,14:29:36.018145603
5325.75,1,14:29:38.684274257
5325.75,14,14:29:40.288341156
5325.75,60,14:29:40.289086965
5325.75,1,14:29:40.289327139
5325.75,1,14:29:40.290006155
5325.75,3,14:29:40.290068363
5325.75,8,14:29:40.290225638
5325.75,7,14:29:40.290391257
5325.75,1,14:29:40.290391257
5325.75,3,14:29:40.290391257
5325.75,1,14:29:40.290590832
5325.75,1,14:29:40.290633152
5325.75,5,14:29:40.290748701
5325.75,9,14:29:40.291320299
5325.75,2,14:29:40.299209883
5325.75,2,14:29:40.299275320
5325.75,3,14:29:40.299317123
5325.5,5,14:29:42.151684587
5325.5,4,14:29:42.151784215
5325.5,1,14:29:42.151926605
5325.5,1,14:29:42.166444247
5325.5,12,14:29:43.001568939
5325.5,3,14:29:43.334783137
5325.5,2,14:29:43.840103020
5325.5,2,14:29:43.840131964
5325.5,1,14:29:43.840177504
5325.5,5,14:29:43.840240827
5325.75,1,14:29:44.064713652
5325.75,1,14:29:45.011022755
5325.75,1,14:29:45.130980889
5325.75,5,14:29:48.338573598
5325.75,2,14:29:48.362254971
5325.75,1,14:29:48.599969446
5325.75,1,14:29:48.702645859
5325.5,1,14:29:48.775722360
5325.75,1,14:29:50.006959721
5325.75,1,14:29:50.007061438
5325.5,1,14:29:50.399717612
5325.75,1,14:29:51.024157283
5325.75,3,14:29:51.024917260
5325.75,2,14:29:51.025099112
5325.75,10,14:29:51.025193237
5325.75,6,14:29:51.025193237
5325.75,4,14:29:51.025246899
5325.75,2,14:29:51.025274704
5325.75,2,14:29:51.025352942
5325.75,1,14:29:51.025352942
5325.75,2,14:29:51.025403935
5325.75,28,14:29:51.025510520
5325.75,1,14:29:51.025598311
5325.75,1,14:29:51.025663521
5325.75,2,14:29:51.025705406
5325.75,9,14:29:51.026076544
5325.75,2,14:29:51.026330297
5325.75,1,14:29:51.026367001
5325.75,1,14:29:51.026407645
5325.75,1,14:29:51.026542237
5325.75,8,14:29:51.033924747
5325.75,1,14:29:51.034917977
5325.75,1,14:29:51.037448402
5325.75,1,14:29:51.368927429
5325.75,1,14:29:52.700202070
5325.75,3,14:29:52.892373590
5325.75,1,14:29:53.351977462
5325.5,1,14:29:53.623752298
5325.5,1,14:29:55.134811753
5325.75,1,14:29:57.297372502
5325.5,18,14:29:58.259943685
5325.5,18,14:29:58.260308839
5325.5,1,14:29:58.260390249
5325.5,2,14:29:58.260451514
5325.5,2,14:29:58.260487633
5325.5,2,14:29:58.260565862
5325.5,2,14:29:58.260855263
5325.5,20,14:29:58.261317388
5325.5,1,14:29:58.261360799
5325.5,4,14:29:58.261512316
5325.5,1,14:29:58.261562973
5325.5,7,14:29:58.261893559
5325.5,6,14:29:58.261981160
5325.5,1,14:29:58.261981160
5325.5,5,14:29:58.262104597
5325.5,1,14:29:58.262220657
5325.5,2,14:29:58.262451759
5325.5,1,14:29:58.262550043
5325.75,1,14:29:58.373327579
5325.75,3,14:29:59.418746003
5325.75,7,14:29:59.524610770
5325.5,5,14:30:00.012479695
5325.5,4,14:30:00.245309960
5325.75,3,14:30:00.330103359
5325.75,1,14:30:00.343660951
5325.75,25,14:30:00.944813392
5325.75,12,14:30:00.945004698
5325.75,1,14:30:00.945065941
5325.75,1,14:30:00.945114134
5325.75,2,14:30:00.945170084
5325.75,1,14:30:00.945222453
5325.75,1,14:30:00.945258610
5325.75,1,14:30:00.945343544
5325.75,2,14:30:00.945343544
5325.75,4,14:30:00.945404425
5325.75,7,14:30:00.945486761
5325.75,1,14:30:00.945698229
5325.75,1,14:30:00.945863650
5325.75,1,14:30:00.946019317
5325.75,16,14:30:00.968985018
5325.75,1,14:30:01.128189894
5325.75,1,14:30:01.128368256
5325.75,1,14:30:01.128494575
5326.0,1,14:30:01.156575995
5325.75,11,14:30:01.881448509
5325.75,1,14:30:01.881594602
5325.75,30,14:30:01.897347937
5325.75,1,14:30:01.897533313
5325.75,8,14:30:01.897667047
5325.75,3,14:30:01.897704712
5325.75,1,14:30:01.897981454
5325.75,11,14:30:01.898062818
5325.75,1,14:30:01.898192815
5325.75,1,14:30:01.898290593
5325.75,1,14:30:01.913393002
5325.75,3,14:30:01.913712743
5325.75,1,14:30:01.913755617
5325.75,1,14:30:01.913858768
5325.75,1,14:30:01.915022197
5325.75,1,14:30:01.915099177
5325.75,1,14:30:01.916017599
5325.75,4,14:30:01.916017599
5325.75,1,14:30:01.916124228
5325.75,1,14:30:02.557770301
5325.75,1,14:30:02.748864104
5325.75,7,14:30:02.775157677
5325.75,5,14:30:02.775231749
5325.75,1,14:30:02.775313793
5325.75,3,14:30:02.775313793
5325.75,9,14:30:02.775425482
5325.75,4,14:30:02.775536763
5325.75,1,14:30:02.775564943
5325.75,1,14:30:02.796581505
5325.75,1,14:30:03.007246102
5325.75,1,14:30:03.172655272
5325.5,24,14:30:03.788492977
5325.5,1,14:30:03.788791722
5325.5,1,14:30:03.788872331
5325.5,2,14:30:03.788872331
5325.5,1,14:30:03.789063645
5325.5,2,14:30:03.789156564
5325.5,4,14:30:03.789156564
5325.5,1,14:30:03.789302590
5325.5,2,14:30:03.789994620
5325.5,4,14:30:03.790240157
5325.5,1,14:30:03.790410219
5325.5,1,14:30:03.790479756
5325.75,23,14:30:05.772215394
5325.75,2,14:30:05.772349880
5325.75,11,14:30:05.772416547
5325.75,2,14:30:05.772508580
5325.75,3,14:30:05.772508580
5325.75,1,14:30:05.772567724
5325.75,4,14:30:05.772567724
5325.75,1,14:30:05.772639766
5325.75,4,14:30:05.772639766
5325.75,1,14:30:05.772696664
5325.75,1,14:30:05.772729907
5325.75,1,14:30:05.772771843
5325.75,1,14:30:05.773050342
5325.75,1,14:30:05.773246461
5325.75,2,14:30:05.773484312
5325.75,2,14:30:05.773552794
5325.75,3,14:30:05.773826892
5325.75,2,14:30:05.776098333
5325.75,9,14:30:05.784387036
5325.75,3,14:30:05.784602151
5325.75,1,14:30:05.785030417
5325.75,1,14:30:05.785202551
5325.75,6,14:30:05.785246427
5325.75,5,14:30:05.785679587
5325.75,1,14:30:06.040119597
5325.75,1,14:30:06.071040412
5325.75,1,14:30:06.103502465
5325.75,1,14:30:06.115405764
5325.75,16,14:30:06.176605818
5325.75,25,14:30:07.464625712
5325.75,9,14:30:07.465041698
5325.75,4,14:30:07.465256644
5325.75,2,14:30:07.465299864
5325.75,2,14:30:07.465345547
5325.75,1,14:30:07.465393247
5325.75,10,14:30:07.465487620
5325.75,1,14:30:07.465487620
5325.75,3,14:30:07.469757937
5325.75,1,14:30:08.732937892
5325.75,3,14:30:08.744655274
5325.75,3,14:30:08.744899959
5325.75,5,14:30:08.744978585
5325.75,1,14:30:08.745016454
5325.75,1,14:30:08.833246549
5325.75,1,14:30:08.857964493
5325.5,1,14:30:09.271739731
5325.5,2,14:30:09.272318079
5325.5,2,14:30:09.275526220
5325.75,5,14:30:10.480026735
5325.75,1,14:30:11.044064864
5325.75,1,14:30:11.114234982
5325.5,7,14:30:11.402303961
5325.5,1,14:30:11.916778380
5325.5,29,14:30:12.248666964
5325.5,4,14:30:12.248832282
5325.5,2,14:30:12.248924390
5325.5,1,14:30:12.248924390
5325.5,1,14:30:12.249256269
5325.5,1,14:30:12.249380211
5325.5,2,14:30:13.281057962
5325.5,3,14:30:13.281101370
5325.5,7,14:30:13.281228723
5325.5,2,14:30:13.281331766
5325.5,12,14:30:13.281452543
5325.5,6,14:30:13.281706657
5325.5,1,14:30:13.281937671
5325.5,2,14:30:13.281981270
5325.5,1,14:30:13.282065649
5325.5,6,14:30:13.282065649
5325.5,1,14:30:13.393789839
5325.25,1,14:30:14.308843760
5325.25,2,14:30:14.797572260
5325.25,8,14:30:14.797704547
5325.25,3,14:30:14.797790187
5325.25,1,14:30:14.797790187
5325.25,3,14:30:14.797869027
5325.25,6,14:30:14.797914733
5325.25,3,14:30:15.030341292
5325.25,2,14:30:15.030512131
5325.25,1,14:30:15.030563373
5325.25,3,14:30:15.030639454
5325.25,2,14:30:15.030725975
5325.25,3,14:30:15.030805691
5325.25,1,14:30:15.030805691
5325.25,1,14:30:15.030983423
5325.25,6,14:30:15.031210686
5325.25,5,14:30:15.031293359
5325.25,1,14:30:15.045693343
5325.25,2,14:30:15.045902179
5325.25,3,14:30:15.045972794
5325.25,2,14:30:15.046058336
5325.25,3,14:30:15.046131617
5325.25,1,14:30:15.046227421
5325.25,1,14:30:15.450789341
5325.25,1,14:30:15.568127695
5325.25,3,14:30:15.569343758
5325.25,7,14:30:15.570560518
5325.25,7,14:30:16.579591160
5325.25,1,14:30:16.579752082
5325.25,5,14:30:16.579798028
5325.5,1,14:30:16.584691477
5325.25,2,14:30:17.478361937
5325.25,3,14:30:17.741257975
5325.25,3,14:30:17.741307871
5325.25,1,14:30:17.741367965
5325.25,6,14:30:17.753049249
5325.25,2,14:30:20.033179701
5325.5,30,14:30:20.265882783
5325.5,2,14:30:20.266175052
5325.5,12,14:30:20.266307837
5325.5,1,14:30:20.266516902
5325.5,1,14:30:20.266860483
5325.25,7,14:30:21.453732393
5325.5,1,14:30:21.757197659
5325.25,7,14:30:26.202876841
5325.25,6,14:30:26.203077187
5325.25,1,14:30:30.778868043
5325.25,1,14:30:31.320899735
5325.25,1,14:30:31.387337637
5325.25,7,14:30:32.707356739
5325.25,1,14:30:33.581422371
5325.25,5,14:30:35.181613812
5325.25,7,14:30:35.498126304
5325.25,16,14:30:35.498317931
5325.25,1,14:30:35.498627992
5325.25,30,14:30:35.498806600
