price,volume,timestamp
107.9219,19,10:00:00.111281673
107.9219,61,10:00:00.777337159
107.9219,1,10:00:01.157668884
107.9219,2,10:00:01.189654541
107.9219,1,10:00:01.191240384
107.9219,1,10:00:01.219572926
107.9219,2,10:00:01.247628363
107.9219,1,10:00:01.280104832
107.9219,1,10:00:03.465577033
107.9219,1,10:00:04.235970243
107.9219,1,10:00:04.259667175
107.9219,1,10:00:04.260387846
107.9219,5,10:00:04.843768093
107.9219,500,10:00:07.951584256
107.9219,1,10:00:07.952220907
107.9219,7,10:00:07.952358825
107.9219,15,10:00:07.952691375
107.9219,4,10:00:07.952778337
107.9219,1,10:00:07.952778337
107.9219,1,10:00:07.952816283
107.9219,15,10:00:07.952979254
107.9219,1,10:00:07.953124841
107.9219,3,10:00:07.953167363
107.9219,3,10:00:07.953191267
107.9219,6,10:00:07.953216657
107.9219,3,10:00:07.953258577
107.9219,2,10:00:07.953658979
107.9219,5,10:00:07.955483205
107.9219,1,10:00:07.956642172
107.9219,49,10:00:07.956677994
107.9219,5,10:00:07.957082476
107.9219,9,10:00:07.957891138
107.9219,1,10:00:07.958088653
107.9219,1,10:00:07.958182104
107.9219,81,10:00:07.958231653
107.9219,1,10:00:07.959296344
107.9219,7,10:00:07.959358348
107.9219,4,10:00:07.959984726
107.9219,1,10:00:07.960104364
107.9219,1,10:00:07.960185124
107.9219,1,10:00:07.960409800
107.9219,3,10:00:07.961075976
107.9219,1,10:00:07.961320913
107.9219,1,10:00:07.961499691
107.9219,1,10:00:07.979135490
107.9219,24,10:00:07.982116714
107.9219,1,10:00:07.982301724
107.9219,1,10:00:07.982344457
107.9219,1,10:00:07.982375612
107.9219,1,10:00:07.982443710
107.9219,5,10:00:07.983780851
107.9219,1,10:00:08.001557206
107.9219,18,10:00:08.021135105
107.9219,1,10:00:08.021305960
107.9219,8,10:00:08.040911619
107.9219,2,10:00:08.062599686
107.9219,39,10:00:08.436392173
107.9219,14,10:00:08.947801251
107.9219,4,10:00:08.947875402
107.9219,18,10:00:08.955938522
107.9219,1,10:00:08.956121227
107.9219,142,10:00:08.956273390
107.9219,4,10:00:08.974725525
107.9219,1,10:00:09.017150585
107.9219,78,10:00:09.058349266
107.9063,125,10:00:10.650984933
107.9063,1,10:00:10.651369447
107.9063,143,10:00:10.651664492
107.9063,3,10:00:10.655553733
107.9063,129,10:00:10.660007627
107.9063,16,10:00:10.660033535
107.9063,1,10:00:10.660337577
107.9063,3,10:00:10.660380070
107.9063,1,10:00:10.660407786
107.9063,3,10:00:10.660427585
107.9063,1,10:00:10.660836720
107.9063,1,10:00:10.660886743
107.9063,1,10:00:10.661007932
107.9063,5,10:00:10.661736965
107.9063,1,10:00:10.662019211
107.9063,1,10:00:11.105434055
107.9063,90,10:00:12.162227180
107.9063,46,10:00:12.162330200
107.9219,1,10:00:16.782027664
107.9219,21,10:00:16.782055408
107.9219,4,10:00:16.782454834
107.9219,1,10:00:16.782524685
107.9219,5,10:00:16.782559854
107.9219,7,10:00:16.782776259
107.9219,1,10:00:16.782811920
107.9219,7,10:00:16.783458058
107.9219,43,10:00:16.783580540
107.9219,5,10:00:16.783620698
107.9219,1,10:00:16.783850741
107.9219,1,10:00:16.783898553
107.9219,122,10:00:16.784249904
107.9219,3,10:00:16.786438454
107.9219,2,10:00:16.787088742
107.9219,2,10:00:16.787149685
107.9219,2,10:00:16.787833220
107.9219,1,10:00:16.788502515
107.9219,100,10:00:17.030942268
107.9219,1,10:00:17.031436006
107.9219,1,10:00:17.040634617
107.9219,1,10:00:18.234928288
107.9219,2,10:00:18.234982506
107.9219,10,10:00:18.235143134
107.9219,12,10:00:18.235317339
107.9219,1,10:00:18.235397644
107.9219,1,10:00:18.235488747
107.9219,45,10:00:18.235488747
107.9219,1,10:00:18.235580407
107.9219,1,10:00:18.235608631
107.9219,1,10:00:18.235718103
107.9219,1,10:00:18.235796216
107.9219,1,10:00:18.235870540
107.9219,45,10:00:18.235930113
107.9219,1,10:00:18.236145250
107.9219,1,10:00:18.236187933
107.9219,1,10:00:18.236214865
107.9219,1,10:00:18.307798548
107.9219,2,10:00:18.307980741
107.9219,3,10:00:18.308022422
107.9219,2,10:00:18.308061763
107.9219,3,10:00:18.308101154
107.9219,7,10:00:18.308167779
107.9219,1,10:00:18.308209130
107.9219,250,10:00:20.082327275
107.9219,1,10:00:20.082547987
107.9219,1,10:00:20.082626789
107.9219,2,10:00:20.082757761
107.9219,1,10:00:20.082805973
107.9219,1,10:00:20.082876560
107.9219,30,10:00:20.084019543
107.9219,1,10:00:20.084256454
107.9219,1,10:00:20.084331444
107.9219,1,10:00:20.084371259
107.9219,1,10:00:20.084390380
107.9375,1,10:00:21.117563567
107.9375,1,10:00:24.689219259
107.9375,44,10:00:26.367360877
107.9375,23,10:00:26.367421751
107.9375,35,10:00:26.367665411
107.9375,1,10:00:26.367763685
107.9375,432,10:00:26.368226952
107.9375,1,10:00:26.368669901
107.9375,4,10:00:26.368714791
107.9375,3,10:00:26.368737940
107.9375,103,10:00:26.368932889
107.9375,1,10:00:26.369014094
107.9375,1,10:00:26.369088041
107.9375,1,10:00:26.369096076
107.9375,31,10:00:26.369132481
107.9375,1,10:00:26.369132481
107.9375,4,10:00:26.369151153
107.9375,88,10:00:26.369231155
107.9375,1,10:00:26.369231155
107.9375,21,10:00:26.369325560
107.9375,9,10:00:26.369426967
107.9375,3,10:00:26.369465287
107.9375,90,10:00:26.369549247
107.9375,1,10:00:26.369585392
107.9375,2,10:00:26.369664033
107.9375,1,10:00:26.369737101
107.9375,20,10:00:26.369770935
107.9375,1,10:00:26.369842668
107.9375,1,10:00:26.369882406
107.9375,1,10:00:26.369907807
107.9375,1,10:00:26.369929868
107.9375,1,10:00:26.369952614
107.9375,1,10:00:26.370015128
107.9375,1,10:00:26.370037103
107.9375,1,10:00:26.370062880
107.9375,1,10:00:26.370075453
107.9375,1,10:00:26.370106577
107.9375,1,10:00:26.370143934
107.9375,1,10:00:26.370165535
107.9375,1,10:00:26.370229101
107.9375,45,10:00:26.370229101
107.9375,1,10:00:26.370283092
107.9375,1,10:00:26.370320386
107.9375,1,10:00:26.370349689
107.9375,1,10:00:26.370372387
107.9375,1,10:00:26.370408532
107.9375,1,10:00:26.370431630
107.9375,1,10:00:26.370475724
107.9375,4,10:00:26.370496275
107.9375,1,10:00:26.400594091
107.9375,2,10:00:26.403492947
107.9375,3,10:00:26.420648349
107.9375,190,10:00:26.880045847
107.9375,120,10:00:26.880409555
107.9375,355,10:00:26.882924170
107.9375,11,10:00:26.884105538
107.9375,1,10:00:26.884126751
107.9375,1,10:00:26.884163658
107.9375,231,10:00:26.884198826
107.9375,1,10:00:26.884241172
107.9375,1,10:00:26.884332790
107.9375,21,10:00:26.884475024
107.9375,23,10:00:26.884505511
107.9375,55,10:00:26.884567746
107.9375,1,10:00:26.884627859
107.9375,13,10:00:26.884657383
107.9375,15,10:00:26.884680465
107.9375,1,10:00:26.886632136
107.9375,1,10:00:26.886823446
107.9375,1,10:00:26.886965663
107.9375,9,10:00:26.890058711
107.9375,419,10:00:26.890749850
107.9375,1,10:00:26.892018331
107.9375,1,10:00:26.892148919
107.9375,2,10:00:26.892547654
107.9375,18,10:00:26.892763277
107.9375,2,10:00:26.893363674
107.9375,2,10:00:27.211578117
107.9219,3,10:00:35.684624920
107.9219,1,10:00:35.686105814
107.9375,1,10:00:35.735869480
107.9375,27,10:00:35.765752392
107.9375,1,10:00:35.765999889
107.9375,35,10:00:36.035621290
107.9375,1,10:00:36.035712991
107.9375,57,10:00:36.035864700
107.9375,6,10:00:36.035920913
107.9375,4,10:00:36.037941600
107.9375,20,10:00:36.039480908
107.9375,1,10:00:36.053020243
107.9375,104,10:00:36.102231776
107.9375,1,10:00:36.102503680
107.9375,22,10:00:36.102633657
107.9375,2,10:00:36.103728750
107.9375,5,10:00:36.103860427
107.9375,1,10:00:36.847916277
107.9219,10,10:00:40.998628478
107.9219,1,10:00:40.999380839
107.9219,2,10:00:41.000861233
107.9219,2,10:00:41.000885333
107.9219,7,10:00:41.001592160
107.9219,45,10:00:41.002171685
107.9219,3,10:00:41.002446032
107.9219,3,10:00:41.002525302
107.9219,1,10:00:41.002621803
107.9219,1,10:00:41.002799067
107.9219,69,10:00:41.003001461
107.9219,1,10:00:41.003153244
107.9219,69,10:00:41.003360135
107.9219,17,10:00:41.003587633
107.9219,24,10:00:41.003647596
107.9219,1,10:00:41.003853031
107.9219,2,10:00:41.003853031
107.9219,1,10:00:41.003894875
107.9219,2,10:00:41.003970649
107.9219,4,10:00:41.004101033
107.9219,4,10:00:41.004343073
107.9219,2,10:00:41.004403679
107.9219,46,10:00:41.005129832
107.9219,12,10:00:41.005745500
107.9219,6,10:00:41.005817204
107.9219,6,10:00:41.005891878
107.9219,22,10:00:41.006778341
107.9219,1,10:00:41.006867168
107.9219,3,10:00:41.007181767
107.9219,58,10:00:41.007546779
107.9219,2,10:00:41.007876914
107.9219,10,10:00:41.008081036
107.9219,2,10:00:41.008093110
107.9219,20,10:00:41.008226213
107.9219,1,10:00:41.008359230
107.9219,3,10:00:41.008479693
107.9219,2,10:00:41.008916334
107.9219,52,10:00:41.009269201
107.9219,26,10:00:41.009295237
107.9219,2,10:00:41.009741693
107.9219,7,10:00:41.010165049
107.9219,1,10:00:41.010483719
107.9219,1,10:00:41.010706814
107.9219,30,10:00:41.012654623
107.9219,1,10:00:41.012779486
107.9219,5,10:00:41.012869322
107.9219,12,10:00:41.013012889
107.9219,18,10:00:41.013111630
107.9219,1,10:00:41.013174921
107.9219,31,10:00:41.013689268
107.9219,10,10:00:41.013815590
107.9219,2,10:00:41.014097913
107.9219,4,10:00:41.014167940
107.9219,2,10:00:41.014582131
107.9219,3,10:00:41.015520870
107.9219,1,10:00:41.015646088
107.9219,1,10:00:41.015662028
107.9219,1,10:00:41.015781415
107.9219,6,10:00:41.015915302
107.9219,2,10:00:41.016214490
107.9219,112,10:00:41.017662225
107.9219,30,10:00:41.017743193
107.9219,5,10:00:41.017856095
107.9219,2,10:00:41.019725032
107.9219,1,10:00:41.019859456
107.9219,1,10:00:41.019958636
107.9219,1,10:00:41.020061441
107.9219,2,10:00:41.020083387
107.9219,41,10:00:41.020188077
107.9219,3,10:00:41.020709630
107.9219,1,10:00:41.021794552
107.9219,1,10:00:41.021813365
107.9219,1,10:00:41.022392342
107.9219,250,10:00:47.151830381
107.9219,35,10:00:47.152742239
107.9219,1,10:00:47.152776729
107.9219,1,10:00:47.153294110
107.9219,9,10:00:47.153418074
107.9219,16,10:00:47.153527113
107.9219,1,10:00:47.153769764
107.9219,10,10:00:47.153844581
107.9219,104,10:00:47.154122567
107.9219,38,10:00:47.154523011
107.9219,27,10:00:47.154804349
107.9219,7,10:00:47.157793167
107.9219,4,10:00:47.159231513
107.9219,1,10:00:48.020229242
107.9219,1,10:00:48.020459157
107.9219,3,10:00:48.243779008
107.9219,6,10:00:48.244297274
107.9219,1,10:00:48.244328043
107.9219,13,10:00:48.244534044
107.9219,23,10:00:48.244729927
107.9219,3,10:00:48.244794325
107.9219,2,10:00:48.244794325
107.9219,2,10:00:48.244834962
107.9219,1,10:00:48.244857664
107.9219,9,10:00:48.244919396
107.9219,35,10:00:48.245060105
107.9219,45,10:00:48.245305839
107.9219,45,10:00:48.245439483
107.9219,69,10:00:48.247261203
107.9219,1,10:00:48.247972046
107.9219,41,10:00:48.248008136
107.9219,13,10:00:48.248054115
107.9219,97,10:00:48.248078480
107.9219,1,10:00:48.248101338
107.9219,14,10:00:48.248170015
107.9219,1,10:00:48.248715869
107.9219,3,10:00:48.248758884
107.9219,5,10:00:48.248937451
107.9219,1,10:00:48.249412501
107.9219,3,10:00:48.249864942
107.9219,1,10:00:48.250295725
107.9219,25,10:00:48.250662590
107.9219,44,10:00:48.251027818
107.9219,1,10:00:48.252128526
107.9219,19,10:00:48.252171048
107.9219,27,10:00:48.252210931
107.9219,5,10:00:48.252235063
107.9219,1,10:00:48.252254213
107.9219,2,10:00:48.252279301
107.9219,1,10:00:48.252418670
107.9219,2,10:00:48.252725669
107.9219,2,10:00:48.253019352
107.9219,1,10:00:48.253099964
107.9219,1,10:00:48.253378036
107.9219,1,10:00:48.253411762
107.9219,1,10:00:48.253435280
107.9219,1,10:00:48.253821070
107.9219,1,10:00:48.254574077
107.9219,3,10:00:48.254636907
107.9219,3,10:00:48.255063543
107.9219,1,10:00:48.255095111
107.9219,1,10:00:48.255127272
107.9219,1,10:00:48.255616389
107.9219,18,10:00:48.256811312
107.9219,1,10:00:50.018075448
107.9219,247,10:00:54.162817767
107.9219,31,10:00:54.169002923
107.9219,50,10:00:54.251216882
107.9219,98,10:00:54.444048332
107.9219,56,10:00:54.444511673
107.9219,1,10:00:54.444563755
107.9219,32,10:00:54.444711312
107.9219,3,10:00:54.445681070
107.9219,2,10:00:54.445995258
107.9219,1,10:00:54.447113009
107.9219,177,10:00:54.447786901
107.9219,1,10:00:54.448058846
107.9219,56,10:00:54.448531224
107.9219,1,10:00:54.448576879
107.9219,2,10:00:54.448648400
107.9219,7,10:00:54.448674755
107.9219,1,10:00:54.448692462
107.9219,1,10:00:54.448715749
107.9219,20,10:00:54.448751784
107.9219,15,10:00:54.448794105
107.9219,1,10:00:54.450733719
107.9219,1,10:00:54.451174313
107.9219,3,10:00:54.451207815
107.9219,37,10:00:54.452830374
107.9219,9,10:00:54.453200360
107.9219,1,10:00:54.453469470
107.9219,6,10:00:54.454133781
107.9219,2,10:00:54.454275841
107.9219,2,10:00:54.454452057
107.9219,2,10:00:54.455358120
107.9219,1,10:00:54.455480054
107.9219,5,10:00:54.455532369
107.9219,3,10:00:54.455597001
107.9219,6,10:00:54.455722034
107.9219,1,10:00:54.455837297
107.9219,1,10:00:54.456065506
107.9219,1,10:00:54.456151559
107.9219,1,10:00:54.456195211
107.9219,2,10:00:54.456364506
107.9219,7,10:00:54.554859036
107.9063,1,10:00:56.956907730
107.9219,27,10:01:00.009622541
107.9219,14,10:01:00.009817111
107.9219,32,10:01:00.010136138
107.9219,6,10:01:00.010200827
107.9219,1,10:01:00.010276877
107.9219,16,10:01:00.010346619
107.9219,16,10:01:00.010540345
107.9219,1,10:01:00.385080391
107.9219,862,10:01:03.435844289
107.9219,10,10:01:03.440447615
107.9219,1,10:01:03.442284541
107.9219,395,10:01:03.442929284
107.9219,217,10:01:03.443033138
107.9219,2,10:01:03.444878712
107.9219,252,10:01:03.445331662
107.9219,18,10:01:03.445928365
107.9219,6,10:01:03.445954375
107.9219,10,10:01:03.445983976
107.9219,1,10:01:03.448852773
107.9219,9,10:01:03.448976653
107.9219,1,10:01:03.449037172
107.9219,6,10:01:03.449491682
107.9219,1,10:01:03.449551408
107.9219,9,10:01:03.451101692
107.9219,1,10:01:03.451398239
107.9219,3,10:01:03.452708236
107.9219,45,10:01:03.453525324
107.9219,3,10:01:03.453849005
107.9219,5,10:01:03.455151370
107.9219,2,10:01:03.455229014
107.9219,1,10:01:03.455312753
107.9219,1,10:01:03.455563491
107.9219,1,10:01:03.455581315
107.9219,16,10:01:03.455703368
107.9219,1,10:01:03.455847970
107.9219,3,10:01:03.456056736
107.9219,1,10:01:03.456167592
107.9219,3,10:01:03.456652956
107.9219,1,10:01:03.456678918
107.9219,3,10:01:03.456968386
107.9219,1,10:01:03.457025472
107.9219,1,10:01:03.457047009
107.9219,1,10:01:03.457122005
107.9219,1,10:01:03.457168102
107.9219,3,10:01:03.457193645
107.9219,72,10:01:03.457600872
107.9219,2,10:01:03.458966554
107.9219,1,10:01:03.459011496
107.9219,56,10:01:03.459095161
107.9219,1,10:01:03.459357017
107.9219,1,10:01:03.459401510
107.9219,102,10:01:03.459439360
107.9219,70,10:01:03.459468200
107.9219,1,10:01:03.459501624
107.9219,1,10:01:03.459516969
107.9219,8,10:01:03.459554774
107.9219,33,10:01:03.459826472
107.9219,1,10:01:03.459907664
107.9219,1,10:01:03.460736769
107.9219,1,10:01:03.460760850
107.9219,3,10:01:03.461046654
107.9219,1,10:01:03.461069842
107.9219,80,10:01:03.461112879
107.9219,5,10:01:03.461173078
107.9219,36,10:01:03.461264124
107.9219,1,10:01:03.461392353
107.9219,7,10:01:03.461435216
107.9219,1,10:01:03.461516059
107.9219,3,10:01:03.461552581
107.9219,1,10:01:03.461818020
107.9219,1,10:01:03.462973925
107.9219,2,10:01:03.463612011
107.9219,4,10:01:03.463628216
107.9219,19,10:01:03.463942722
107.9219,1,10:01:03.464051982
107.9219,31,10:01:03.516303694
107.9219,44,10:01:04.719831148
107.9219,74,10:01:04.720071080
107.9219,50,10:01:04.720282114
107.9219,1,10:01:05.419577126
107.9219,20,10:01:05.419727491
107.9219,100,10:01:05.420774448
107.9219,19,10:01:05.420983199
107.9219,1,10:01:05.421331255
107.9219,1,10:01:05.421848001
107.9219,1,10:01:05.421965260
107.9219,1,10:01:05.422022385
107.9219,3,10:01:05.422046347
107.9219,2,10:01:05.422101135
107.9219,19,10:01:05.422132182
107.9219,1,10:01:05.422159911
107.9219,1,10:01:05.422182046
107.9219,1,10:01:05.422204068
107.9219,1,10:01:05.422220437
107.9219,1,10:01:05.422305453
107.9219,1,10:01:05.422333083
107.9219,1,10:01:05.422358548
107.9219,1,10:01:05.422374572
107.9219,1,10:01:05.422399554
107.9219,1,10:01:05.422430803
107.9219,3,10:01:05.422465092
107.9219,1,10:01:05.422494097
107.9219,4,10:01:05.422555948
107.9219,36,10:01:05.422733833
107.9219,1,10:01:05.422859583
107.9219,8,10:01:05.422878953
107.9219,9,10:01:05.423144391
107.9219,6,10:01:05.423792674
107.9219,1,10:01:05.423896685
107.9219,1,10:01:05.423917316
107.9219,6,10:01:05.424056689
107.9219,1,10:01:05.424213127
107.9219,1,10:01:05.424237386
107.9219,1,10:01:05.424252446
107.9219,9,10:01:05.424276079
107.9219,15,10:01:05.424294868
107.9219,1,10:01:05.424377201
107.9219,11,10:01:05.424409397
107.9219,9,10:01:05.424434428
107.9219,1,10:01:05.425167610
107.9219,1,10:01:05.425468498
107.9219,1,10:01:05.429060290
107.9219,4,10:01:05.429305072
107.9063,11,10:01:05.455350401
107.9219,20,10:01:05.535784773
107.9219,11,10:01:07.178462605
107.9219,1,10:01:07.558436820
107.9219,1,10:01:07.560698497
107.9219,1,10:01:07.560857604
107.9219,30,10:01:07.561240140
107.9219,6,10:01:07.561292275
107.9219,1,10:01:07.561525727
107.9219,1,10:01:07.561640750
107.9219,6,10:01:07.561682021
107.9219,1,10:01:07.561724524
107.9219,1,10:01:07.561741279
107.9219,1,10:01:07.561801195
107.9219,1,10:01:07.561960595
107.9219,1,10:01:07.562025180
107.9219,3,10:01:07.562082665
107.9219,1,10:01:07.562111966
107.9219,11,10:01:07.562150407
107.9219,1,10:01:07.587571813
107.9219,1,10:01:07.587760989
107.9219,14,10:01:07.587997674
107.9219,1,10:01:07.588213398
107.9219,1,10:01:07.588251756
107.9219,20,10:01:07.588387475
107.9219,241,10:01:07.653560858
107.9219,21,10:01:07.653693108
107.9219,19,10:01:07.653780364
107.9219,1,10:01:07.653890120
107.9219,1,10:01:07.653920918
107.9219,1,10:01:07.655626664
107.9219,3,10:01:07.657397033
107.9219,1,10:01:07.658241852
107.9219,50,10:01:08.130539370
107.9219,21,10:01:09.947241553
107.9219,1,10:01:09.947827457
107.9219,10,10:01:10.437038630
107.9375,1,10:01:12.917447900
107.9219,4,10:01:13.318437002
107.9219,97,10:01:18.970057988
107.9219,2,10:01:18.973217709
107.9219,62,10:01:18.973344771
107.9219,1,10:01:18.973479599
107.9219,8,10:01:18.973493161
107.9219,1,10:01:18.973514041
107.9219,39,10:01:18.973731448
107.9219,1,10:01:18.973880878
107.9219,2,10:01:18.973932025
107.9219,7,10:01:18.974034269
107.9219,9,10:01:18.974252562
107.9219,1,10:01:18.974298179
107.9219,1,10:01:18.974355293
107.9219,1,10:01:18.974769414
107.9219,1,10:01:18.977272916
107.9219,5,10:01:18.977364106
107.9219,2,10:01:18.977489059
107.9219,110,10:01:18.977566082
107.9219,1,10:01:18.977615164
107.9219,2,10:01:18.977640298
107.9219,1,10:01:18.977722254
107.9219,1,10:01:18.977783558
107.9219,3,10:01:18.981007662
107.9219,1,10:01:18.981028276
107.9219,1,10:01:18.981070952
107.9219,3,10:01:18.987081953
107.9219,2,10:01:18.987181936
107.9219,2,10:01:18.987312073
107.9219,7,10:01:18.987662599
107.9219,1,10:01:18.988999719
107.9219,1,10:01:18.989303653
107.9219,1,10:01:18.989914596
107.9219,8,10:01:18.989991573
107.9219,1,10:01:18.990281858
107.9219,44,10:01:19.000842010
107.9219,18,10:01:19.001079371
107.9219,1,10:01:19.001169545
107.9219,20,10:01:19.001224437
107.9219,1,10:01:19.001250789
107.9219,1,10:01:19.001276029
107.9219,21,10:01:19.001392857
107.9219,3,10:01:19.076357586
107.9219,2,10:01:21.158231640
107.9375,1,10:01:22.405571779
107.9375,28,10:01:24.501043823
107.9375,28,10:01:24.501250145
107.9375,2,10:01:24.501328134
107.9375,4,10:01:24.501427127
107.9375,88,10:01:24.501832160
107.9375,3,10:01:24.502789046
107.9375,1,10:01:24.502949594
107.9375,100,10:01:24.503267001
107.9375,3,10:01:24.503324551
107.9375,2,10:01:24.503363573
107.9375,2,10:01:24.503396419
107.9375,1,10:01:24.503475466
107.9375,47,10:01:24.503475466
107.9375,14,10:01:24.503505298
107.9375,6,10:01:24.503531288
107.9375,1,10:01:24.503559782
107.9375,2,10:01:24.503589555
107.9375,3,10:01:24.503625731
107.9375,1,10:01:24.503696195
107.9375,2,10:01:24.503780663
107.9375,144,10:01:24.504017954
107.9375,81,10:01:24.509356552
107.9375,1,10:01:24.511776601
107.9375,1,10:01:24.511794159
107.9531,2,10:01:29.476057783
107.9531,3,10:01:29.476352395
107.9531,40,10:01:29.476766299
107.9531,2,10:01:29.476932726
107.9531,30,10:01:29.477482911
107.9531,3,10:01:29.477807534
107.9531,2,10:01:29.478248960
107.9531,1,10:01:29.478393868
107.9531,33,10:01:29.478439491
107.9531,9,10:01:29.478480472
107.9531,6,10:01:29.478680683
107.9531,77,10:01:29.478849378
107.9531,1,10:01:29.478883046
107.9531,2,10:01:29.478912899
107.9531,11,10:01:29.478981826
107.9531,32,10:01:29.479053232
107.9531,2,10:01:29.479053232
107.9531,4,10:01:29.479187235
107.9531,1,10:01:29.479225866
107.9531,4,10:01:29.479252791
107.9531,2,10:01:29.479391485
107.9531,1,10:01:29.479405057
107.9531,1,10:01:29.479441442
107.9531,1,10:01:29.479489961
107.9531,335,10:01:29.480171619
107.9531,1,10:01:29.481502785
107.9531,8,10:01:29.487705054
107.9531,5,10:01:29.488273079
107.9531,1,10:01:29.490391003
107.9531,3,10:01:29.491036283
107.9531,1,10:01:29.491328011
107.9531,98,10:01:29.495647340
107.9531,2,10:01:29.499676749
107.9531,1,10:01:29.499827875
107.9531,1,10:01:29.499865233
107.9531,9,10:01:29.501292558
107.9531,153,10:01:29.502097069
107.9531,1,10:01:29.505454753
107.9531,6,10:01:29.505495647
107.9531,1,10:01:29.505546733
107.9531,9,10:01:29.505631483
107.9531,1,10:01:29.505682736
107.9531,30,10:01:29.505948274
107.9531,70,10:01:29.506085435
107.9531,1,10:01:29.506234120
107.9531,33,10:01:29.506278348
107.9531,49,10:01:29.506307058
107.9531,1,10:01:29.506353732
107.9531,1,10:01:29.506376459
107.9531,47,10:01:29.506425346
107.9531,54,10:01:29.506482445
107.9531,5,10:01:29.507016526
107.9531,1,10:01:29.507390207
107.9531,1,10:01:29.507505009
107.9531,1,10:01:29.507556079
107.9531,16,10:01:29.507608864
107.9531,1,10:01:29.508175925
107.9531,12,10:01:29.509171107
107.9531,9,10:01:29.509239406
107.9531,1,10:01:29.509534954
107.9531,7,10:01:29.510415555
107.9531,16,10:01:29.510990852
107.9531,2,10:01:29.511113498
107.9531,1,10:01:29.511333160
107.9531,20,10:01:29.511894167
107.9531,1,10:01:29.512799772
107.9531,3,10:01:29.513177479
107.9531,1,10:01:29.513244088
107.9531,47,10:01:29.514056453
107.9531,70,10:01:29.514659967
107.9531,2,10:01:29.515421246
107.9531,3,10:01:29.515540980
107.9531,2,10:01:29.515560868
107.9531,1,10:01:29.515661510
107.9531,14,10:01:29.516115634
107.9531,1,10:01:29.518133250
107.9531,1,10:01:29.518168407
107.9531,3,10:01:29.518201606
107.9531,1,10:01:29.518372041
107.9531,1,10:01:29.518784383
107.9531,8,10:01:29.518976175
107.9531,3,10:01:29.520448786
107.9531,5,10:01:29.520526776
107.9531,33,10:01:29.521006571
107.9531,241,10:01:29.521449582
107.9531,3,10:01:29.523440739
107.9531,1,10:01:29.523517380
107.9531,1,10:01:29.523674040
107.9531,1,10:01:29.523731049
107.9531,1,10:01:29.524108077
107.9531,6,10:01:29.524819579
107.9531,1,10:01:29.524883558
107.9531,1,10:01:29.525306777
107.9531,8,10:01:29.525352435
107.9531,1,10:01:29.525428020
107.9531,3,10:01:29.525587352
107.9531,1,10:01:29.526080849
107.9531,1,10:01:29.527284503
107.9531,7,10:01:29.528079377
107.9531,1,10:01:29.533433059
107.9375,10,10:01:31.930353129
107.9375,3,10:01:31.948628374
107.9375,1,10:01:31.948662340
107.9375,2,10:01:31.948678727
107.9375,2,10:01:31.948704392
107.9375,1000,10:01:34.228221200
107.9375,4,10:01:34.231403874
107.9375,2,10:01:34.236764184
107.9375,1,10:01:34.237020446
107.9375,1,10:01:34.238063065
107.9375,3,10:01:34.238082035
107.9375,61,10:01:34.239266965
107.9375,13,10:01:34.239439515
107.9375,1,10:01:34.239601503
107.9375,1,10:01:34.241607053
107.9375,6,10:01:34.245846659
107.9219,2,10:01:34.253316778
107.9219,5,10:01:35.248930518
107.9219,9,10:01:35.952345235
107.9219,9,10:01:35.952444700
107.9375,1,10:01:39.175961987
107.9219,9,10:01:46.864859351
107.9219,5,10:01:46.864937138
107.9219,26,10:01:46.865167984
107.9219,7,10:01:46.865290111
107.9219,9,10:01:46.865471932
107.9219,2,10:01:46.865535272
107.9219,26,10:01:46.865716690
107.9219,1,10:01:46.865749986
107.9219,60,10:01:46.865999505
107.9219,101,10:01:46.866330893
107.9219,2,10:01:46.866413238
107.9219,4,10:01:46.866413238
107.9219,1,10:01:46.866565206
107.9219,2,10:01:46.866665947
107.9219,3,10:01:46.866694491
107.9219,1,10:01:46.866737884
107.9219,2,10:01:46.866859775
107.9219,1,10:01:46.867092279
107.9219,1,10:01:46.867148334
107.9219,1,10:01:46.867230852
107.9219,182,10:01:46.867544499
107.9219,1,10:01:46.868590194
107.9219,7,10:01:46.869783636
107.9219,45,10:01:46.869908141
107.9219,1,10:01:46.870016354
107.9219,1,10:01:46.871174287
107.9219,23,10:01:46.873915620
107.9219,1,10:01:46.874563953
107.9219,3,10:01:46.881184592
107.9219,1,10:01:46.882321075
107.9063,2,10:01:46.882987236
107.9063,1,10:01:46.883146254
107.9219,2,10:01:46.883744580
107.9063,3,10:01:46.990091982
107.9063,1,10:01:54.016877643
107.9063,19,10:01:54.502183635
107.9063,9,10:01:57.464880314
107.9063,10,10:01:57.465024204
107.9063,1,10:02:00.338401476
107.9063,1,10:02:00.372749013
107.9219,25,10:02:02.895707377
107.9219,50,10:02:04.130178402
107.9063,3,10:02:05.342850926
107.9063,2,10:02:06.181323311
107.9063,300,10:02:10.564590994
107.9063,4,10:02:12.928198551
107.9063,1,10:02:15.015456457
107.9063,1,10:02:24.419672858
107.9063,1,10:02:24.434454559
107.9063,1,10:02:24.490617559
107.9063,1,10:02:24.605818166
107.9219,2,10:02:25.288169580
107.9219,1,10:02:25.302844599
107.9219,1,10:02:25.405379518
107.9219,1,10:02:25.469999166
107.9219,3,10:02:27.836936858
107.9063,1,10:02:28.305713444
107.9063,1,10:02:28.320582611
107.9063,1,10:02:28.385096389
107.9063,1,10:02:28.506160035
107.9063,7,10:02:28.959517325
107.9219,1,10:02:30.506370405
107.9219,1,10:02:30.521215328
107.9219,1,10:02:30.713391560
107.9063,5,10:02:32.303571559
107.9063,4,10:02:35.613566940
107.9063,4,10:02:35.846969086
107.9063,1,10:02:36.027070958
107.9219,2,10:02:37.502912209
107.9063,7,10:02:40.485225638
107.9219,4,10:02:41.084913255
107.9063,6,10:02:45.495455944
107.9219,1,10:02:49.019592826
107.9063,5,10:02:49.773097767
107.9063,50,10:02:52.340057987
107.9063,5,10:02:52.348022135
107.9063,6,10:02:54.439735394
107.9063,9,10:02:55.898279118
107.9063,1,10:02:56.901224081
107.9063,335,10:02:56.901482371
107.9063,9,10:02:56.902585901
107.9063,9,10:02:56.902625661
107.9063,11,10:02:56.903382377
107.9063,3,10:02:56.903486955
107.9063,1,10:02:56.903610001
107.9063,1,10:02:56.903649544
107.9063,16,10:02:56.903676693
107.9063,1,10:02:56.903752458
107.9063,1,10:02:56.903768826
107.9063,1,10:02:56.903826149
107.9063,1,10:02:56.903877104
107.9063,1,10:02:56.903892394
107.9063,1,10:02:56.903953044
107.9063,1,10:02:56.904004288
107.9063,23,10:02:56.904034775
107.9063,1,10:02:56.904061863
107.9063,2,10:02:56.904114042
107.9063,1,10:02:56.904180502
107.9063,256,10:02:56.904354512
107.9063,2,10:02:56.904828183
107.9063,1,10:02:56.905747302
107.9063,1,10:02:56.905767901
107.9063,1,10:02:56.905974890
107.9063,16,10:02:56.906659669
107.9063,6,10:02:56.906769438
107.9063,44,10:02:56.906808097
107.9063,1,10:02:56.906899168
107.9063,1,10:02:56.907164166
107.9063,5,10:02:56.907501622
107.9063,19,10:02:56.907716097
107.9063,10,10:02:56.907953942
107.9063,1,10:02:56.908079711
107.9063,1,10:02:56.908156291
107.9063,3,10:02:56.908351934
107.9063,4,10:02:56.908423055
107.9063,2,10:02:56.908461788
107.9063,30,10:02:56.908487142
107.9063,20,10:02:56.908645645
107.9063,4,10:02:56.909381205
107.9063,2,10:02:56.909435796
107.9063,1,10:02:56.910325202
107.9063,41,10:02:56.910378407
107.9063,18,10:02:56.910402080
107.9063,2,10:02:56.910442363
107.9063,38,10:02:56.910549757
107.9063,16,10:02:56.910573687
107.9063,2,10:02:56.910597669
107.9063,3,10:02:56.911212958
107.9063,1,10:02:56.911605577
107.9063,1,10:02:56.911825121
107.9063,7,10:02:56.912197051
107.9063,1,10:02:56.912881216
107.9063,1,10:02:56.912910877
107.9063,1,10:02:56.913174460
107.9063,1,10:02:56.913384119
107.9063,1,10:02:56.913465490
107.9063,1,10:02:56.913579246
107.9063,1,10:02:56.913613579
107.9063,1,10:02:56.913635650
107.9063,1,10:02:56.914092750
107.9063,1,10:02:56.915257875
107.9063,1,10:02:56.915305024
107.9063,1,10:02:56.915404424
107.9063,4,10:02:56.915459588
107.9063,8,10:02:56.915522094
107.9063,10,10:02:56.915595744
107.9063,2,10:02:56.915730604
107.9063,1,10:02:56.917314626
107.9063,1,10:02:56.918113042
107.9063,1,10:02:56.918424876
107.9063,1,10:02:56.918485012
107.9063,1,10:02:56.918619763
107.9063,1,10:02:56.918657495
107.9219,1,10:02:56.918740889
107.9063,1,10:02:56.918782214
107.9063,24,10:02:56.919595376
107.9063,21,10:02:56.919667928
107.9063,7,10:02:56.919726473
107.9063,1,10:02:56.919748544
107.9063,33,10:02:56.919783255
107.9063,1,10:02:56.920798991
107.9063,1,10:02:56.920990265
107.9063,1,10:02:56.921683089
107.9063,3,10:02:56.921739842
107.9063,1,10:02:56.922372025
107.9063,6,10:02:56.922497182
107.9063,2,10:02:56.922705974
107.9063,1,10:02:56.929690105
107.8906,1,10:02:57.015267211
107.8906,4,10:02:58.295625477
107.8906,5,10:02:59.064602307
107.9063,157,10:02:59.488439100
107.9063,83,10:02:59.489192996
107.9063,1,10:02:59.499612374
107.9063,1,10:02:59.501947812
107.9063,1,10:02:59.514245729
107.9063,2,10:02:59.529430483
107.9063,1,10:03:00.013120109
107.9063,2,10:03:00.127672640
107.9063,1,10:03:00.142608576
107.9063,1,10:03:01.120376409
107.9063,19,10:03:01.121123057
107.9063,40,10:03:01.121296036
107.9063,21,10:03:01.121391190
107.9063,30,10:03:01.121807620
107.9063,20,10:03:01.122560203
107.9063,5,10:03:01.122714647
107.9063,10,10:03:01.123442006
107.9063,19,10:03:01.123485056
107.9063,21,10:03:01.123525467
107.9063,1,10:03:01.125043651
107.9063,40,10:03:01.125458882
107.9063,1,10:03:01.125502754
107.9063,1,10:03:01.125515615
107.9063,1,10:03:01.125534743
107.9063,2,10:03:01.125561316
107.9063,1,10:03:01.125848755
107.9063,1,10:03:01.125961487
107.9063,9,10:03:01.125986118
107.9063,20,10:03:01.126892677
107.9063,2,10:03:01.127011662
107.9063,10,10:03:01.127200968
107.9063,1,10:03:01.127221817
107.9063,66,10:03:01.127586389
107.9063,1,10:03:01.127664197
107.9063,2,10:03:01.127699765
107.9063,4,10:03:01.127740534
107.9063,22,10:03:01.127935925
107.9063,9,10:03:01.127961291
107.9063,1,10:03:01.128013343
107.9063,9,10:03:01.128035452
107.9063,2,10:03:01.128061837
107.9063,4,10:03:01.128106442
107.9063,19,10:03:01.128327481
107.9063,10,10:03:01.128675355
107.9063,5,10:03:01.128699180
107.9063,2,10:03:01.128752375
107.9063,1,10:03:01.128866560
107.9063,1,10:03:01.128938696
107.9063,1,10:03:01.129246453
107.9063,1,10:03:01.130747853
107.9063,3,10:03:01.130809537
107.9063,1,10:03:01.131470059
107.9063,1,10:03:01.131487925
107.9063,1,10:03:01.131757201
107.9063,1,10:03:01.131980114
107.9063,13,10:03:01.132462012
107.9063,1,10:03:01.458169528
107.9063,247,10:03:02.242263744
107.9063,6,10:03:02.246227578
107.9063,57,10:03:03.090112644
107.9063,10,10:03:03.090302931
107.9063,1,10:03:03.090427384
107.9063,3,10:03:03.090768495
107.9063,35,10:03:03.090955162
107.9063,1,10:03:03.090985348
107.9063,1,10:03:03.091032510
107.9063,52,10:03:03.091149967
107.9063,1,10:03:03.091523477
107.9063,1,10:03:03.091808679
107.9063,3,10:03:03.092083776
107.9063,1,10:03:03.093063022
107.9063,1,10:03:03.094342046
107.9063,15,10:03:03.094384450
107.9063,1,10:03:03.094804311
107.9063,31,10:03:03.094850146
107.9063,2,10:03:03.095697538
107.9063,1,10:03:03.095791885
107.9063,1,10:03:03.096434046
107.9063,1,10:03:03.096606015
107.9063,6,10:03:03.097146480
107.9063,5,10:03:03.097196423
107.9063,1,10:03:03.097282076
107.9063,1,10:03:03.097845421
107.9063,2,10:03:03.097889006
107.9063,20,10:03:03.098830571
107.9063,1,10:03:03.099216960
107.9063,1,10:03:03.099244686
107.9063,7,10:03:03.099277063
107.9063,1,10:03:03.099474469
107.8906,100,10:03:03.174109674
107.9063,1,10:03:04.343937794
107.9063,40,10:03:04.344137314
107.9063,20,10:03:04.344318525
107.9063,81,10:03:04.346445594
107.9063,1,10:03:04.347215796
107.9063,1,10:03:04.358526689
107.9063,39,10:03:07.419223719
107.9063,2,10:03:07.421963391
107.9063,5,10:03:07.424229202
107.9063,13,10:03:07.424410982
107.9063,1,10:03:07.424448535
107.9063,1,10:03:07.424476263
107.9063,5,10:03:07.424510968
107.9063,1,10:03:07.424536268
107.9063,4,10:03:07.424557017
107.9063,17,10:03:07.424636359
107.9063,2,10:03:07.425533142
107.9063,1,10:03:07.426095000
107.9063,1,10:03:07.437948843
107.9063,2,10:03:07.616418641
107.9063,5,10:03:07.616481807
107.9063,3,10:03:07.639077034
107.9063,1,10:03:07.639278421
107.9063,75,10:03:07.639393059
107.9063,1,10:03:07.639648361
107.9063,2,10:03:07.639747226
107.9063,1,10:03:07.639791201
107.9063,1,10:03:07.639831971
107.9063,1,10:03:07.640034170
107.9063,4,10:03:07.640140937
107.9063,1,10:03:07.640179062
107.9063,79,10:03:08.673571507
107.9063,1,10:03:08.673779323
107.9063,1,10:03:08.673896685
107.9063,13,10:03:08.674114264
107.9063,26,10:03:08.679097859
107.9063,1,10:03:08.812002825
107.9063,1,10:03:08.812215242
107.9063,1,10:03:09.583880694
107.9063,1,10:03:09.584097512
107.9219,1,10:03:12.044145799
107.9219,10,10:03:23.172457071
107.9219,245,10:03:30.150797374
107.9219,1,10:03:30.204513559
107.9219,4,10:03:30.345832717
107.9219,1,10:03:30.347603603
107.9219,31,10:03:30.379664641
107.9219,14,10:03:30.379778528
107.9219,59,10:03:30.379996935
107.9219,10,10:03:30.380394732
107.9219,12,10:03:30.380449812
107.9219,5,10:03:30.380475408
107.9219,3,10:03:30.380531368
107.9219,3,10:03:30.380553676
107.9219,52,10:03:30.380696255
107.9219,1,10:03:30.380760912
107.9219,1,10:03:30.380816443
107.9219,39,10:03:30.380922726
107.9219,14,10:03:30.383808823
107.9219,16,10:03:30.385190975
107.9219,54,10:03:30.385225666
107.9219,32,10:03:30.386708069
107.9219,1,10:03:30.387049701
107.9219,1,10:03:30.387073878
107.9219,1,10:03:30.387270727
107.9219,3,10:03:30.387291857
107.9219,1,10:03:30.388921957
107.9219,7,10:03:30.409046481
107.9219,65,10:03:30.419110726
107.9219,1,10:03:30.419566303
107.9219,15,10:03:30.419755973
107.9219,1,10:03:30.420033656
107.9219,7,10:03:30.420076595
107.9219,1,10:03:30.420199023
107.9219,26,10:03:30.420244259
107.9219,1,10:03:30.421035165
107.9219,1,10:03:30.421057229
107.9219,1,10:03:30.421287227
107.9219,1,10:03:30.421310418
107.9219,1,10:03:30.421441077
107.9219,4,10:03:30.421558675
107.9219,4,10:03:30.517713092
107.9219,79,10:03:30.544340509
107.9219,1,10:03:30.545866710
107.9219,72,10:03:30.651412087
107.9219,1,10:03:30.651499826
107.9219,27,10:03:30.652001980
107.9219,1,10:03:30.652049210
107.9219,1,10:03:30.652163916
107.9219,49,10:03:30.652163916
107.9219,1,10:03:30.652218004
107.9219,1,10:03:30.652258219
107.9219,1,10:03:30.652314801
107.9219,1,10:03:30.652355769
107.9219,1,10:03:30.652415138
107.9219,1,10:03:30.652450475
107.9219,1,10:03:30.652478805
107.9219,1,10:03:30.652513433
107.9219,1,10:03:30.652556430
107.9219,1,10:03:30.652588059
107.9219,1,10:03:30.652668851
107.9219,1,10:03:30.652725562
107.9219,1,10:03:30.652733057
107.9219,1,10:03:30.652793810
107.9219,9,10:03:30.652835248
107.9219,1,10:03:30.652908059
107.9219,9,10:03:30.652908059
107.9219,1,10:03:30.652936085
107.9219,16,10:03:30.653150025
107.9219,5,10:03:30.654669956
107.9219,1,10:03:30.654697304
107.9219,1,10:03:30.654735545
107.9219,25,10:03:30.654836230
107.9219,11,10:03:30.654862998
107.9219,21,10:03:30.654975701
107.9219,45,10:03:30.656002432
107.9219,23,10:03:30.656038727
107.9219,1,10:03:30.656801092
107.9219,1,10:03:30.657254969
107.9219,1,10:03:30.657387107
107.9219,1,10:03:30.657491230
107.9219,1,10:03:30.657731964
107.9219,21,10:03:30.787275495
107.9219,1,10:03:30.798207280
107.9219,4,10:03:30.799599090
107.9219,3,10:03:31.150048814
107.9219,17,10:03:31.154594678
107.9219,966,10:03:31.257886735
107.9219,1,10:03:31.268668427
107.9219,1,10:03:31.269096976
107.9219,1,10:03:31.270756258
107.9219,571,10:03:31.276370896
107.9219,4,10:03:31.280556289
107.9063,2,10:03:31.284062987
107.9219,289,10:03:31.306542327
107.9219,1,10:03:31.306821071
107.9219,1,10:03:31.306918487
107.9219,1,10:03:31.307270907
107.9219,25,10:03:31.307397576
107.9219,1,10:03:31.308612221
107.9219,1,10:03:31.308699816
107.9219,6,10:03:31.312766791
107.9219,3,10:03:31.314127321
107.9219,4,10:03:31.316609992
107.9219,1,10:03:31.387162566
107.9219,1,10:03:31.387331804
107.9219,1,10:03:31.387406494
107.9219,156,10:03:31.528013567
107.9219,1,10:03:31.528440558
107.9219,1,10:03:31.528598632
107.9219,44,10:03:31.528870836
107.9219,44,10:03:31.528959183
107.9219,5,10:03:31.529020493
107.9219,44,10:03:31.530669262
107.9219,1,10:03:31.531751009
107.9219,1,10:03:31.531936408
107.9219,8,10:03:31.536033120
107.9219,1,10:03:31.536807476
107.9219,50,10:03:31.563909116
107.9219,16,10:03:31.564138482
107.9219,1,10:03:31.564229088
107.9219,1,10:03:31.564260635
107.9219,1,10:03:31.564308425
107.9219,1,10:03:31.564335039
107.9219,1,10:03:31.564367644
107.9219,1,10:03:31.564400273
107.9219,1,10:03:31.564430462
107.9219,1,10:03:31.564465989
107.9219,1,10:03:31.564500831
107.9219,1,10:03:31.564563770
107.9219,1,10:03:31.564599106
107.9219,1,10:03:31.564670999
107.9219,2,10:03:31.564724650
107.9219,1,10:03:31.564957695
107.9219,1,10:03:31.653114229
107.9219,1,10:03:31.653181476
107.9219,44,10:03:31.653508247
107.9219,79,10:03:31.659916713
107.9219,1,10:03:35.800626106
107.9219,104,10:03:39.675001361
107.9219,50,10:03:39.973884678
107.9219,1,10:03:45.469442303
107.9219,1,10:03:55.496352251
107.9063,2,10:03:56.638403044
107.9219,3,10:03:56.799993742
107.9219,1,10:03:59.476123378
107.9063,1,10:04:00.016363436
107.9063,1,10:04:03.980134896
107.9219,3,10:04:04.785439994
107.9219,3,10:04:04.804110924
107.9219,99,10:04:04.804247810
107.9219,80,10:04:04.804362728
107.9219,35,10:04:04.804410478
107.9219,44,10:04:04.804434864
107.9219,20,10:04:04.804464819
107.9219,1,10:04:04.804496858
107.9219,17,10:04:04.804568760
107.9219,7,10:04:04.804568760
107.9219,2,10:04:04.804659556
107.9219,7,10:04:04.804659556
107.9219,3,10:04:04.804705311
107.9219,2,10:04:04.804752022
107.9219,1,10:04:04.804794580
107.9219,1,10:04:04.804937168
107.9219,8,10:04:04.805001108
107.9219,6,10:04:04.805143671
107.9219,1,10:04:04.805203180
107.9219,1,10:04:04.805240403
107.9219,9,10:04:04.805361983
107.9219,5,10:04:04.805507192
107.9219,1,10:04:04.805544594
107.9219,6,10:04:04.805642532
107.9219,70,10:04:04.805831295
107.9219,7,10:04:04.805920820
107.9219,25,10:04:04.805968846
107.9219,44,10:04:04.806184208
107.9219,1,10:04:04.806311979
107.9219,1,10:04:04.806327039
107.9219,1,10:04:04.806379674
107.9219,3,10:04:04.806388090
107.9219,193,10:04:04.806612699
107.9219,32,10:04:04.806989542
107.9219,12,10:04:04.810348407
107.9219,13,10:04:04.810501910
107.9219,1,10:04:04.812442718
107.9219,1,10:04:04.812908654
107.9219,226,10:04:04.812981599
107.9219,1,10:04:04.813532551
107.9219,2,10:04:04.813652579
107.9219,1,10:04:04.813921231
107.9219,5,10:04:04.814033109
107.9219,1,10:04:04.814733705
107.9219,1,10:04:04.814782320
107.9219,1,10:04:04.815000293
107.9219,1,10:04:04.815094394
107.9219,3,10:04:04.816421883
107.9219,1,10:04:04.816696861
107.9219,1,10:04:04.816735230
107.9219,16,10:04:04.816812835
107.9219,1,10:04:04.817653658
107.9219,5,10:04:04.819355769
107.9219,1,10:04:04.831096160
107.9219,1,10:04:04.948182087
107.9219,2,10:04:05.527155416
107.9219,2,10:04:05.527313935
107.9219,4,10:04:05.527435928
107.9219,3,10:04:05.527580430
107.9219,8,10:04:05.527643951
107.9219,1,10:04:05.527684400
107.9219,1,10:04:05.527709655
107.9219,1,10:04:05.528160048
107.9219,1,10:04:05.528732757
107.9219,1,10:04:06.953030902
107.9219,3,10:04:06.953283800
107.9063,122,10:04:09.355305940
107.9219,200,10:04:12.698604652
107.9219,1,10:04:19.662813869
107.9219,3,10:04:19.797724799
107.9219,300,10:04:24.137592247
107.9219,1,10:04:24.138594963
107.9219,1,10:04:24.138687016
107.9219,454,10:04:26.631677990
107.9219,1,10:04:26.646423398
107.9219,52,10:04:26.648014611
107.9219,645,10:04:26.659650420
107.9219,1,10:04:26.661220660
107.9219,1,10:04:26.664951609
107.9219,1,10:04:27.329090944
107.9219,1,10:04:27.359124717
107.9219,1,10:04:27.361432237
107.9375,22,10:04:29.775373917
107.9375,9,10:04:29.775431953
107.9375,1,10:04:29.776131049
107.9375,7,10:04:29.776204625
107.9375,30,10:04:29.776501505
107.9375,251,10:04:29.776713608
107.9375,20,10:04:29.778556579
107.9375,2,10:04:29.778647423
107.9375,53,10:04:29.778921828
107.9375,2,10:04:29.780899542
107.9375,1,10:04:29.783857157
107.9375,1,10:04:29.783942666
107.9375,1,10:04:29.784173182
107.9375,3,10:04:29.784203417
107.9375,2,10:04:29.784954651
107.9531,1,10:04:30.495902002
107.9531,1,10:04:30.539615376
107.9531,1,10:04:38.078488150
107.9531,10,10:04:41.827219047
107.9375,500,10:04:42.787506804
107.9375,5,10:04:42.789811328
107.9375,24,10:04:42.789829958
107.9375,1,10:04:42.790423490
107.9375,1,10:04:42.792188678
107.9375,1,10:04:42.830055148
107.9531,3,10:04:42.925634936
107.9531,30,10:04:43.465741134
107.9375,100,10:04:48.238919679
107.9531,7,10:04:49.181548821
107.9531,1,10:04:49.181923410
107.9531,1,10:04:49.182005172
107.9531,278,10:04:49.183301058
107.9531,1,10:04:49.184048675
107.9531,1,10:04:49.184195572
107.9531,24,10:04:49.184337887
107.9531,35,10:04:49.184410027
107.9531,1,10:04:49.184451432
107.9531,14,10:04:49.184492691
107.9531,31,10:04:49.184544926
107.9531,2,10:04:49.184654547
107.9531,1,10:04:49.184699620
107.9531,1,10:04:49.184747263
107.9531,11,10:04:49.184774581
107.9531,11,10:04:49.184826736
107.9531,5,10:04:49.184871005
107.9531,3,10:04:49.184928351
107.9531,1,10:04:49.184966204
107.9531,2,10:04:49.184986457
107.9531,8,10:04:49.185009837
107.9531,1,10:04:49.187894862
107.9531,13,10:04:49.254874070
107.9531,6,10:04:49.337052672
107.9531,1,10:04:49.558579165
107.9531,1,10:04:49.559013782
107.9531,1,10:04:49.559248481
107.9531,39,10:04:49.559286392
107.9531,16,10:04:49.559324866
107.9531,15,10:04:49.559394155
107.9531,6,10:04:49.559415483
107.9531,100,10:04:49.559434689
107.9531,6,10:04:49.559464136
107.9531,2,10:04:49.559478880
107.9531,1,10:04:49.559539812
107.9531,1,10:04:49.559598721
107.9531,3,10:04:49.559726858
107.9531,45,10:04:49.559780680
107.9531,28,10:04:49.559931439
107.9531,5,10:04:49.560048289
107.9531,2,10:04:49.560083967
107.9531,88,10:04:49.560205860
107.9531,45,10:04:49.560239625
107.9531,25,10:04:49.560420994
107.9531,8,10:04:49.560509800
107.9531,2,10:04:49.560595638
107.9531,1,10:04:49.561547004
107.9531,1,10:04:49.562071406
107.9531,20,10:04:49.562518672
107.9531,5,10:04:49.562588219
107.9531,22,10:04:49.562712955
107.9531,1,10:04:49.562764794
107.9531,1,10:04:49.562823307
107.9531,26,10:04:49.562856234
107.9531,52,10:04:49.563059473
107.9531,1,10:04:49.563676123
107.9531,1,10:04:49.563885716
107.9531,77,10:04:49.565392573
107.9531,1,10:04:49.565426199
107.9531,1,10:04:49.565601291
107.9531,18,10:04:49.565836938
107.9531,1,10:04:49.566157568
107.9531,1,10:04:49.566202029
107.9531,1,10:04:49.566279439
107.9531,1,10:04:49.566339702
107.9531,87,10:04:49.567001997
107.9531,1,10:04:49.567310177
107.9531,1,10:04:49.567802228
107.9531,1,10:04:49.567847067
107.9531,35,10:04:49.568030895
107.9531,82,10:04:49.568616340
107.9531,1,10:04:49.568677267
107.9531,2,10:04:49.569321990
107.9531,1,10:04:49.569339213
107.9531,1,10:04:49.569362653
107.9531,58,10:04:49.570131530
107.9531,1,10:04:49.570752883
107.9531,1,10:04:49.571444116
107.9531,1,10:04:49.571465441
107.9531,1,10:04:49.571493387
107.9531,1,10:04:49.572012639
107.9531,1,10:04:49.572125845
107.9531,1,10:04:49.575418529
107.9531,1,10:04:49.575572425
107.9531,10,10:04:49.575605531
107.9531,10,10:04:49.576973940
107.9531,5,10:04:49.577246979
107.9531,1,10:04:49.577849000
107.9531,11,10:04:51.424191725
107.9531,13,10:04:51.425342500
107.9531,4,10:04:51.425554302
107.9531,1,10:04:51.425654980
107.9531,1,10:04:51.425678878
107.9531,40,10:04:51.425797514
107.9531,5,10:04:51.425852267
107.9531,1,10:04:51.425887244
107.9531,1,10:04:51.425913644
107.9531,9,10:04:51.425940992
107.9531,25,10:04:51.425981082
107.9531,11,10:04:51.426012174
107.9531,5,10:04:51.426056693
107.9531,1,10:04:51.426076370
107.9531,2,10:04:51.426098502
107.9531,1,10:04:51.426159831
107.9531,9,10:04:51.426216828
107.9531,4,10:04:51.426247520
107.9531,1,10:04:51.426353336
107.9531,96,10:04:51.426398342
107.9531,1,10:04:51.428058667
107.9531,1,10:04:51.428578315
107.9531,146,10:04:51.429519989
107.9531,1,10:04:51.431263500
107.9531,1,10:04:51.431348189
107.9531,9,10:04:51.431544891
107.9531,193,10:04:51.431599532
107.9531,1,10:04:51.431651769
107.9531,1,10:04:51.431676317
107.9531,1,10:04:51.431697438
107.9531,1,10:04:51.431775987
107.9531,51,10:04:51.431874369
107.9531,1,10:04:51.431910786
107.9531,71,10:04:51.431936639
107.9531,1,10:04:51.432433594
107.9531,1,10:04:51.432611795
107.9531,4,10:04:51.432726290
107.9531,4,10:04:51.432872758
107.9531,2,10:04:51.432913456
107.9531,1,10:04:51.432959815
107.9531,1,10:04:51.433059071
107.9531,1,10:04:51.433248327
107.9531,3,10:04:51.433822565
107.9531,1,10:04:51.433855359
107.9531,8,10:04:51.433934280
107.9531,19,10:04:51.434147323
107.9531,44,10:04:51.434312879
107.9531,6,10:04:51.434945890
107.9531,3,10:04:51.435830218
107.9531,4,10:04:51.435911171
107.9531,10,10:04:51.435938448
107.9531,1,10:04:51.435980926
107.9531,13,10:04:51.436314091
107.9531,1,10:04:51.436534473
107.9531,1,10:04:51.436566509
107.9531,1,10:04:51.436862454
107.9531,1,10:04:51.437025081
107.9531,1,10:04:51.437081412
107.9531,1,10:04:51.438828116
107.9531,3,10:04:51.438943443
107.9531,1,10:04:51.439127703
107.9531,1,10:04:51.439150107
107.9531,1,10:04:51.439193274
107.9531,1,10:04:51.439732893
107.9531,18,10:04:51.499251576
107.9531,6,10:04:51.499608706
107.9531,1,10:04:51.499679995
107.9531,1,10:04:51.499775455
107.9531,21,10:04:51.499837408
107.9375,2,10:04:51.512042493
107.9531,100,10:04:52.878064856
107.9531,1,10:04:52.954955880
107.9531,79,10:04:53.092874430
107.9531,45,10:04:53.242427083
107.9531,1,10:04:53.247546763
107.9531,14,10:04:53.247566786
107.9531,114,10:04:53.247695713
107.9531,1,10:04:53.249866637
107.9531,1,10:04:53.250177360
107.9531,1,10:04:53.252090420
107.9531,4,10:04:57.865504827
107.9531,2,10:05:05.007081630
107.9531,5,10:05:05.007126530
107.9531,6,10:05:05.010121132
107.9531,45,10:05:05.011995242
107.9531,1,10:05:05.012348469
107.9531,1,10:05:05.012463067
107.9531,2,10:05:05.012891114
107.9531,1,10:05:05.013021468
107.9531,40,10:05:05.013279295
107.9531,201,10:05:05.013346860
107.9531,1,10:05:05.013862573
107.9531,93,10:05:05.013880212
107.9531,8,10:05:05.013900248
107.9531,3,10:05:05.013939852
107.9531,23,10:05:05.013971856
107.9531,1,10:05:05.013991002
107.9531,32,10:05:05.014013863
107.9531,18,10:05:05.014032801
107.9531,49,10:05:05.014068581
107.9531,46,10:05:05.014086815
107.9531,16,10:05:05.014106854
107.9531,16,10:05:05.014148426
107.9531,1,10:05:05.014172372
107.9531,3,10:05:05.014196085
107.9531,3,10:05:05.014215675
107.9531,1,10:05:05.014244043
107.9531,7,10:05:05.014285398
107.9531,10,10:05:05.014311072
107.9531,2,10:05:05.014333011
107.9531,3,10:05:05.014364091
107.9531,1,10:05:05.014400555
107.9531,1,10:05:05.014435814
107.9531,1,10:05:05.014455542
107.9531,1,10:05:05.014476547
107.9531,1,10:05:05.014494416
107.9531,1,10:05:05.014514132
107.9531,1,10:05:05.014534424
107.9531,1,10:05:05.014551793
107.9531,1,10:05:05.014570389
107.9531,1,10:05:05.014587929
107.9531,1,10:05:05.014605621
107.9531,1,10:05:05.014659197
107.9531,114,10:05:05.014928780
107.9531,90,10:05:05.015091286
107.9531,1,10:05:05.015227942
107.9531,3,10:05:05.015523154
107.9531,3,10:05:05.015635819
107.9531,6,10:05:05.015668101
107.9531,1,10:05:05.015801931
107.9531,30,10:05:05.015832965
107.9531,2,10:05:05.015935707
107.9531,1,10:05:05.016179443
107.9531,2,10:05:05.016312962
107.9531,1,10:05:05.016534883
107.9531,1,10:05:05.016700692
107.9531,3,10:05:05.016890260
107.9531,1,10:05:05.016913093
107.9531,1,10:05:05.017077589
107.9531,6,10:05:05.017140717
107.9531,1,10:05:05.017392603
107.9531,1,10:05:05.017420863
107.9531,1,10:05:05.018997234
107.9531,11,10:05:05.019101225
107.9531,6,10:05:05.019242781
107.9531,45,10:05:05.022379938
107.9531,5,10:05:05.022510383
107.9531,1,10:05:05.022578417
107.9531,1,10:05:05.022603604
107.9531,1,10:05:05.022626907
107.9531,1,10:05:05.022657579
107.9531,1,10:05:05.022708790
107.9531,15,10:05:05.022743376
107.9531,5,10:05:05.022772506
107.9531,30,10:05:05.022832047
107.9531,49,10:05:05.023064324
107.9531,1,10:05:05.049676877
107.9531,25,10:05:05.288292639
107.9531,1,10:05:05.551804043
107.9531,18,10:05:05.551874489
107.9531,31,10:05:05.551971723
107.9531,8,10:05:05.552117848
107.9531,12,10:05:05.552139656
107.9531,1,10:05:05.552194902
107.9531,45,10:05:05.552496911
107.9531,52,10:05:05.552850115
107.9531,5,10:05:05.553081950
107.9531,2,10:05:05.553128710
107.9531,1,10:05:05.554187569
107.9531,2,10:05:05.554820747
107.9531,1,10:05:05.555168901
107.9531,37,10:05:05.555196933
107.9531,18,10:05:05.555234771
107.9531,3,10:05:05.555472795
107.9531,1,10:05:05.555789256
107.9531,3,10:05:05.556081399
107.9531,1,10:05:05.557007095
107.9531,9,10:05:05.557876603
107.9531,3,10:05:05.558613780
107.9531,1,10:05:05.559677668
107.9531,11,10:05:05.560304282
107.9531,1,10:05:05.560781954
107.9531,3,10:05:05.560870475
107.9531,13,10:05:05.561187381
107.9531,1,10:05:05.561687564
107.9531,6,10:05:06.303354465
107.9531,45,10:05:07.316629700
107.9531,45,10:05:07.316931965
107.9531,9,10:05:07.317064499
107.9531,1,10:05:07.317171173
107.9531,1,10:05:07.317201303
107.9531,1,10:05:07.317233585
107.9531,1,10:05:07.317260760
107.9531,1,10:05:07.317281963
107.9531,1,10:05:07.317311154
107.9531,1,10:05:07.317346297
107.9531,1,10:05:07.317366116
107.9531,1,10:05:07.317393971
107.9531,1,10:05:07.317408676
107.9531,1,10:05:07.317432439
107.9531,1,10:05:07.317460255
107.9531,1,10:05:07.317483996
107.9531,1,10:05:07.317515299
107.9531,1,10:05:07.317544864
107.9531,1,10:05:07.317574599
107.9531,1,10:05:07.317594728
107.9531,1,10:05:07.317639657
107.9531,1,10:05:07.317707487
107.9531,1,10:05:07.317771173
107.9531,1,10:05:07.317828633
107.9531,28,10:05:07.317870189
107.9531,1,10:05:07.317945580
107.9531,1,10:05:07.318048580
107.9531,9,10:05:07.318100587
107.9531,5,10:05:07.318169869
107.9531,20,10:05:07.319307860
107.9531,22,10:05:07.319353355
107.9531,10,10:05:07.319386876
107.9531,18,10:05:07.319405606
107.9531,52,10:05:07.319649656
107.9531,34,10:05:07.320243808
107.9531,1,10:05:07.320319928
107.9531,12,10:05:07.320695063
107.9531,1,10:05:07.320853939
107.9531,8,10:05:07.320890596
107.9531,6,10:05:07.320940895
107.9531,6,10:05:07.321049156
107.9531,1,10:05:07.321105902
107.9531,1,10:05:07.321325360
107.9531,7,10:05:07.321374929
107.9531,2,10:05:07.321651504
107.9531,3,10:05:07.321675946
107.9531,1,10:05:07.321853284
107.9531,1,10:05:07.322180251
107.9531,5,10:05:07.322750844
107.9531,1,10:05:07.322816209
107.9531,1,10:05:07.323180930
107.9531,1,10:05:07.323232032
107.9531,19,10:05:07.323450708
107.9531,6,10:05:07.323879738
107.9531,6,10:05:07.323942433
107.9531,7,10:05:07.324610149
107.9531,1,10:05:07.325068299
107.9531,9,10:05:07.331359306
107.9531,39,10:05:07.332968836
107.9531,1,10:05:07.333382153
107.9531,250,10:05:08.429920958
107.9531,1,10:05:08.430150105
107.9531,1,10:05:08.430192291
107.9531,1,10:05:08.430222180
107.9531,1,10:05:08.430255296
107.9531,1,10:05:08.430280542
107.9531,1,10:05:08.430313408
107.9531,1,10:05:08.430350154
107.9531,1,10:05:08.430381236
107.9531,1,10:05:08.430415880
107.9531,1,10:05:08.430446991
107.9531,1,10:05:08.430482444
107.9531,1,10:05:08.430515709
107.9531,1,10:05:08.430541473
107.9531,1,10:05:08.430574164
107.9531,1,10:05:08.430611551
107.9531,1,10:05:08.430650480
107.9531,1,10:05:08.430669917
107.9531,1,10:05:08.430700039
107.9531,1,10:05:08.430761967
107.9531,1,10:05:08.430790256
107.9531,1,10:05:08.430849133
107.9531,6,10:05:08.430907157
107.9531,2,10:05:08.430948895
107.9531,6,10:05:08.430986855
107.9531,25,10:05:08.431035291
107.9531,1,10:05:08.431068984
107.9531,4,10:05:08.431100719
107.9531,3,10:05:08.431148541
107.9531,1,10:05:08.431246940
107.9531,9,10:05:08.431325748
107.9531,1,10:05:08.431362299
107.9531,1,10:05:08.431653818
107.9531,1,10:05:08.431847650
107.9531,1,10:05:08.431995429
107.9531,44,10:05:08.434223685
107.9531,44,10:05:08.434276291
107.9531,45,10:05:08.434467401
107.9531,25,10:05:08.434666375
107.9531,24,10:05:08.434772470
107.9531,6,10:05:08.434954879
107.9531,4,10:05:08.435032638
107.9531,11,10:05:08.435066604
107.9531,1,10:05:08.437415135
107.9531,1,10:05:08.437458246
107.9531,43,10:05:08.437531962
107.9531,1,10:05:08.437773494
107.9531,1,10:05:08.438357179
107.9531,1,10:05:08.439492124
107.9531,1,10:05:08.439523913
107.9531,1,10:05:08.439685080
107.9531,1,10:05:08.439720036
107.9531,1,10:05:08.440081044
107.9531,2,10:05:08.440257080
107.9531,1,10:05:08.442794834
107.9531,1,10:05:08.443077198
107.9531,15,10:05:08.443739182
107.9531,1,10:05:08.444100498
107.9531,1,10:05:08.444487194
107.9531,1,10:05:08.444728956
107.9531,1,10:05:08.444812580
107.9531,1,10:05:08.445723882
107.9531,3,10:05:08.446442853
107.9531,1,10:05:08.446588366
107.9531,1,10:05:08.446688406
107.9531,1,10:05:08.447405970
107.9531,1,10:05:08.456674234
107.9531,1,10:05:08.456881425
107.9531,1,10:05:08.656840117
107.9531,1,10:05:08.656922919
107.9531,99,10:05:08.657352278
107.9531,1,10:05:08.658763804
107.9531,21,10:05:08.658823502
107.9531,1,10:05:08.658978305
107.9531,1,10:05:08.659396185
107.9531,20,10:05:15.270618946
107.9531,2,10:05:15.270955405
107.9531,1,10:05:15.271010621
107.9531,1,10:05:15.271047899
107.9531,1,10:05:15.271173921
107.9531,1,10:05:15.271212037
107.9531,1,10:05:15.271386699
107.9531,4,10:05:15.271635234
107.9531,123,10:05:15.271991540
107.9531,1,10:05:15.273020265
107.9531,5,10:05:15.274235233
107.9531,1,10:05:15.276110724
107.9531,1,10:05:15.276158335
107.9531,1,10:05:15.276515164
107.9688,3,10:05:20.946684170
107.9688,25,10:05:23.313272977
107.9688,1,10:05:27.252455529
107.9688,44,10:05:35.929758403
107.9688,44,10:05:35.929792893
107.9688,7,10:05:35.930224301
107.9688,25,10:05:35.930254701
107.9688,1,10:05:35.933109866
107.9688,4,10:05:35.933124196
107.9688,1,10:05:35.933144459
107.9688,1,10:05:35.937387184
107.9688,1,10:05:35.972619086
107.9688,15,10:05:36.937203207
107.9531,2,10:05:37.648989892
107.9688,1,10:05:40.639706032
107.9688,347,10:05:40.666559380
107.9688,1,10:05:40.667178716
107.9688,1,10:05:40.667229080
107.9688,1,10:05:40.667284297
107.9688,1,10:05:40.667311993
107.9688,1,10:05:40.667374808
107.9688,1,10:05:40.667402187
107.9688,1,10:05:40.667433954
107.9688,1,10:05:40.667466281
107.9688,1,10:05:40.667489687
107.9688,1,10:05:40.667523217
107.9688,1,10:05:40.667560728
107.9688,1,10:05:40.667598770
107.9688,1,10:05:40.667626793
107.9688,1,10:05:40.667670529
107.9688,1,10:05:40.667699781
107.9688,1,10:05:40.667756553
107.9688,1,10:05:40.667792029
107.9688,1,10:05:40.667818125
107.9688,1,10:05:40.667891151
107.9688,1,10:05:40.668032101
107.9688,8,10:05:40.668242319
107.9688,9,10:05:40.668366744
107.9688,1,10:05:40.668381657
107.9688,1,10:05:40.668470763
107.9688,1,10:05:40.668522485
107.9688,20,10:05:40.668694328
107.9688,45,10:05:40.668771933
107.9688,2,10:05:40.668884412
107.9688,6,10:05:40.669069264
107.9688,2,10:05:40.669109089
107.9688,1,10:05:40.669234788
107.9688,1,10:05:40.670244696
107.9688,3,10:05:40.670492838
107.9688,1,10:05:40.670892840
107.9688,1,10:05:40.670929295
107.9688,1,10:05:40.671268902
107.9688,2,10:05:40.672410126
107.9688,3,10:05:40.672465624
107.9688,17,10:05:40.672609909
107.9688,58,10:05:40.672976805
107.9688,9,10:05:40.673033267
107.9688,15,10:05:40.673489212
107.9688,7,10:05:40.674399436
107.9688,122,10:05:40.674582761
107.9688,1,10:05:40.674904012
107.9688,1,10:05:40.674975742
107.9688,1,10:05:40.675135800
107.9688,1,10:05:40.675454019
107.9688,1,10:05:40.676519908
107.9688,1,10:05:40.676810579
107.9688,1,10:05:40.677046593
107.9688,1,10:05:40.678291719
107.9688,1,10:05:40.678478578
107.9688,3,10:05:40.678899251
107.9688,1,10:05:40.678916647
107.9688,1,10:05:40.678935899
107.9688,2,10:05:40.680709448
107.9688,1,10:05:40.699360244
107.9688,1,10:05:40.768672990
107.9688,2,10:05:41.587867477
107.9688,1,10:05:46.993844712
107.9688,200,10:05:48.617695505
107.9688,25,10:05:49.718631896
107.9688,2,10:05:50.884565292
107.9688,1,10:05:57.622048880
107.9531,75,10:05:58.037082377
107.9688,1,10:06:03.466944110
107.9531,51,10:06:03.548464624
107.9688,1,10:06:03.732576177
107.9688,1,10:06:04.469099680
107.9531,1,10:06:06.016745411
107.9688,2,10:06:06.963669617
107.9688,1,10:06:12.040608618
107.9688,5,10:06:15.631099446
107.9688,2,10:06:15.675207149
107.9688,1,10:06:15.684480401
107.9688,24,10:06:15.684524956
107.9688,22,10:06:15.684601949
107.9688,5,10:06:15.684743955
107.9688,3,10:06:15.684797921
107.9688,2,10:06:15.684847273
107.9688,2,10:06:15.684995587
107.9688,30,10:06:15.685590923
107.9688,3,10:06:15.685657708
107.9688,7,10:06:15.685774498
107.9688,50,10:06:15.686004221
107.9688,1,10:06:15.686371553
107.9688,1,10:06:15.686546091
107.9688,1,10:06:15.686575358
107.9688,1,10:06:15.686607621
107.9688,1,10:06:15.686629574
107.9688,1,10:06:15.686653820
107.9688,1,10:06:15.686678084
107.9688,1,10:06:15.686700616
107.9688,1,10:06:15.686719599
107.9688,1,10:06:15.686742031
107.9688,1,10:06:15.686762380
107.9688,1,10:06:15.686790768
107.9688,1,10:06:15.686830244
107.9688,1,10:06:15.686859825
107.9688,1,10:06:15.686887934
107.9688,1,10:06:15.686947015
107.9688,2,10:06:15.686947015
107.9688,1,10:06:15.686976455
107.9688,1,10:06:15.687006561
107.9688,1,10:06:15.687031915
107.9688,1,10:06:15.687068454
107.9688,1,10:06:15.687104444
107.9688,1,10:06:15.687153274
107.9688,4,10:06:15.687193531
107.9688,4,10:06:15.687282810
107.9688,1,10:06:15.687418006
107.9688,37,10:06:15.689384062
107.9688,2,10:06:15.689435074
107.9688,1,10:06:15.689816762
107.9688,1,10:06:15.689859341
107.9688,1,10:06:15.690249939
107.9688,1,10:06:15.690308612
107.9688,1,10:06:15.690332695
107.9688,1,10:06:15.690545180
107.9688,37,10:06:15.691150021
107.9688,1,10:06:15.691465509
107.9688,1,10:06:15.691501295
107.9688,27,10:06:15.691532307
107.9688,29,10:06:15.691559040
107.9688,7,10:06:15.691594187
107.9688,16,10:06:15.691621864
107.9688,1,10:06:15.691800508
107.9688,1,10:06:15.691965679
107.9688,3,10:06:15.691988578
107.9688,8,10:06:15.692053555
107.9688,2,10:06:15.692495565
107.9688,1,10:06:15.692936377
107.9688,1,10:06:15.692989978
107.9688,1,10:06:15.693726454
107.9688,1,10:06:15.694056185
107.9688,1,10:06:15.694424167
107.9688,1,10:06:15.694451684
107.9688,6,10:06:15.694560387
107.9688,1,10:06:15.695149282
107.9688,1,10:06:15.696339889
107.9688,1,10:06:15.696639037
107.9688,2,10:06:15.697000609
107.9688,1,10:06:15.697021480
107.9688,3,10:06:15.697047343
107.9688,1,10:06:15.697085273
107.9688,1,10:06:15.697260323
107.9688,7,10:06:15.698822828
107.9688,13,10:06:15.746831797
107.9688,44,10:06:15.747159649
107.9688,8,10:06:15.747251104
107.9688,8,10:06:16.027842051
107.9688,1,10:06:17.232422664
107.9688,1,10:06:21.557656255
107.9688,44,10:06:21.591171801
107.9688,45,10:06:21.591270424
107.9688,44,10:06:21.591364201
107.9688,45,10:06:21.591499814
107.9688,25,10:06:21.591813871
107.9688,1,10:06:21.592621865
107.9688,1,10:06:21.592654685
107.9688,1,10:06:21.592739321
107.9688,14,10:06:21.592890366
107.9688,3,10:06:21.596260512
107.9844,1,10:06:21.903304749
107.9688,40,10:06:22.396945139
107.9688,15,10:06:22.397534627
107.9688,30,10:06:22.397882335
107.9688,1,10:06:22.397941294
107.9688,1,10:06:22.398060224
107.9688,19,10:06:22.398129687
107.9688,21,10:06:22.398255758
107.9688,5,10:06:22.398306812
107.9688,1,10:06:22.398353209
107.9688,1,10:06:22.398496703
107.9688,2,10:06:22.398583771
107.9688,1,10:06:22.398621320
107.9688,1,10:06:22.398683002
107.9688,4,10:06:22.398793839
107.9688,1,10:06:22.398946559
107.9688,11,10:06:22.399206065
107.9688,12,10:06:22.399336679
107.9688,56,10:06:22.399559554
107.9688,6,10:06:22.399675431
107.9688,8,10:06:22.399791030
107.9688,4,10:06:22.399848577
107.9688,4,10:06:22.401620148
107.9688,2,10:06:22.402502553
107.9688,1,10:06:22.402676455
107.9688,2,10:06:22.402696670
107.9688,1,10:06:22.404020120
107.9688,142,10:06:22.405429086
107.9688,5,10:06:22.405467554
107.9688,4,10:06:22.405876673
107.9688,17,10:06:22.405929545
107.9688,1,10:06:22.406502180
107.9688,1,10:06:22.406523419
107.9688,1,10:06:22.406841285
107.9688,1,10:06:22.407021083
107.9688,1,10:06:22.407061164
107.9688,2,10:06:22.407077526
107.9688,1,10:06:22.407171336
107.9688,4,10:06:22.407191992
107.9688,1,10:06:22.407360779
107.9688,1,10:06:22.407750224
107.9688,1,10:06:22.407781758
107.9688,1,10:06:22.408057251
107.9688,8,10:06:22.408837162
107.9688,1,10:06:22.408934174
107.9688,10,10:06:22.409360830
107.9688,9,10:06:22.409710335
107.9688,2,10:06:22.410321992
107.9688,1,10:06:22.410432877
107.9688,2,10:06:22.410824917
107.9688,1,10:06:22.411325369
107.9688,1,10:06:22.411408973
107.9688,1,10:06:22.411523872
107.9688,1,10:06:22.411821753
107.9688,1,10:06:22.412790099
107.9688,1,10:06:22.413681336
107.9688,1,10:06:22.414098682
107.9688,9,10:06:23.507700230
107.9688,1,10:06:23.507937652
107.9688,1,10:06:23.508055402
107.9688,1,10:06:23.508183861
107.9688,1,10:06:23.508394919
107.9688,1,10:06:24.003240206
107.9688,39,10:06:24.003412932
107.9688,12,10:06:24.003458985
107.9688,23,10:06:24.003492988
107.9688,5,10:06:24.003518675
107.9688,1,10:06:24.003544068
107.9688,1,10:06:24.003582206
107.9688,2,10:06:24.003862317
107.9688,64,10:06:24.004020825
107.9688,1,10:06:24.004113536
107.9688,1,10:06:24.004150554
107.9688,38,10:06:24.004218687
107.9688,17,10:06:24.004360900
107.9688,1,10:06:24.004448909
107.9688,1,10:06:24.570786123
107.9688,1,10:06:24.571004883
107.9688,1,10:06:24.571050257
107.9688,1,10:06:24.688714400
107.9688,18,10:06:24.688823561
107.9688,9,10:06:24.688864768
107.9688,1,10:06:24.688910202
107.9688,1,10:06:24.688960603
107.9688,5,10:06:24.689183770
107.9688,40,10:06:24.689225370
107.9688,8,10:06:24.689342957
107.9688,1,10:06:24.689899294
107.9688,1,10:06:24.690250748
107.9688,1,10:06:24.690479018
107.9688,4,10:06:26.111205119
107.9688,1,10:06:29.428474546
107.9688,1,10:06:29.581703854
107.9688,1,10:06:29.581750779
107.9688,15,10:06:31.578164011
107.9688,1,10:06:37.465078943
107.9688,1,10:06:44.210563169
107.9688,1,10:06:47.615864657
107.9531,6,10:06:47.812805082
107.9531,1,10:06:48.017161542
107.9688,108,10:06:48.867705810
107.9688,1,10:06:49.959747954
107.9688,1,10:06:52.355460438
107.9688,1,10:06:54.443103314
107.9688,2,10:06:57.332011049
107.9688,1,10:06:57.530320568
107.9688,1,10:07:03.785496075
107.9531,5,10:07:05.498393923
107.9531,2,10:07:06.033777535
107.9688,1,10:07:06.967167781
107.9531,2,10:07:08.705414354
107.9531,1,10:07:09.015521262
107.9688,1,10:07:10.310337350
107.9688,1,10:07:16.481130798
107.9688,1,10:07:17.889745149
107.9531,175,10:07:25.325834120
107.9531,8,10:07:25.326872442
107.9531,144,10:07:25.328413135
107.9531,25,10:07:25.328654026
107.9531,7,10:07:25.328680945
107.9531,13,10:07:25.328730389
107.9531,29,10:07:25.328961837
107.9531,30,10:07:25.329196137
107.9531,3,10:07:25.329221049
107.9531,1,10:07:25.329367845
107.9531,2,10:07:25.329586969
107.9531,4,10:07:25.329586969
107.9531,1,10:07:25.329623604
107.9531,4,10:07:25.329648373
107.9531,70,10:07:25.329976421
107.9531,1,10:07:25.334704663
107.9531,13,10:07:25.339381282
107.9531,2,10:07:25.340997407
107.9531,40,10:07:25.345134457
107.9531,9,10:07:25.346501618
107.9531,1,10:07:25.347473618
107.9531,17,10:07:25.348327242
107.9531,2,10:07:25.349522111
107.9531,6,10:07:25.354389268
107.9531,3,10:07:25.384360124
107.9531,3,10:07:25.384424481
107.9531,2,10:07:25.384472722
107.9531,1,10:07:29.899590253
107.9531,1,10:07:30.015940503
107.9531,50,10:07:30.913829930
107.9688,20,10:07:36.139400422
107.9688,15,10:07:36.139733465
107.9531,34,10:07:37.822620179
107.9531,15,10:07:37.822650234
107.9531,14,10:07:37.822787815
107.9531,5,10:07:37.822813799
107.9531,1,10:07:37.822838027
107.9531,6,10:07:37.822859153
107.9531,1,10:07:37.823071241
107.9531,1,10:07:37.823100573
107.9531,14,10:07:37.823146359
107.9531,4,10:07:37.823168709
107.9531,1,10:07:37.823228944
107.9531,10,10:07:37.823342703
107.9531,1,10:07:37.823640549
107.9531,1,10:07:37.824291179
107.9531,18,10:07:37.844101805
107.9531,10,10:07:37.844213843
107.9531,28,10:07:37.844537386
107.9531,10,10:07:37.857987116
107.9531,10,10:07:38.155237009
107.9531,2,10:07:39.459960553
107.9531,2,10:07:39.462038470
107.9531,2,10:07:39.463803053
107.9531,2,10:07:39.465650774
107.9531,2,10:07:39.467323803
107.9531,2,10:07:39.469190848
107.9531,1,10:07:39.495674195
107.9531,1,10:07:39.497137665
107.9531,1,10:07:39.498858233
107.9531,1,10:07:39.507623380
107.9531,3,10:07:46.663527722
107.9531,2,10:07:48.185639671
107.9688,10,10:07:49.378420776
107.9688,26,10:07:49.378671191
107.9688,1,10:07:49.379350382
107.9688,229,10:07:49.388685827
107.9688,1,10:07:49.389440556
107.9688,40,10:07:49.389489940
107.9688,36,10:07:49.389697829
107.9688,2,10:07:49.389906316
107.9688,1,10:07:49.389971261
107.9688,7,10:07:49.390054978
107.9688,34,10:07:49.390165921
107.9688,109,10:07:49.390254441
107.9688,1,10:07:49.390521873
107.9688,1,10:07:49.390553552
107.9688,7,10:07:49.390594695
107.9688,1,10:07:49.390682773
107.9688,6,10:07:49.390911578
107.9688,3,10:07:49.391192300
107.9688,3,10:07:49.391406797
107.9688,1,10:07:49.391515561
107.9688,1,10:07:49.391578922
107.9688,1,10:07:49.391635586
107.9688,1,10:07:49.391717152
107.9688,2,10:07:49.391834787
107.9688,1,10:07:49.392186410
107.9688,1,10:07:49.392217704
107.9688,5,10:07:49.392282805
107.9688,1,10:07:49.392335290
107.9688,2,10:07:49.392382878
107.9688,1,10:07:49.392415355
107.9688,5,10:07:49.392455484
107.9688,1,10:07:49.392488185
107.9688,1,10:07:49.392530263
107.9688,1,10:07:49.392561067
107.9688,4,10:07:49.392625859
107.9688,6,10:07:49.392735957
107.9688,2,10:07:49.392840906
107.9688,27,10:07:49.392977581
107.9688,2,10:07:49.393142038
107.9688,20,10:07:49.395913106
107.9688,2,10:07:49.414980318
107.9688,7,10:07:52.160873670
107.9688,1,10:07:56.244479489
107.9688,3,10:07:58.165328413
107.9375,4,10:08:45.329695617
107.9375,1,10:08:45.330270698
107.9375,1,10:08:45.330317450
107.9375,6,10:08:45.330483140
107.9375,1,10:08:45.330920695
107.9375,1,10:08:45.342533892
107.9375,1,10:08:45.352318399
107.9375,1,10:08:45.352414500
107.9375,42,10:08:45.361709887
107.9375,10,10:08:45.381342798
107.9375,9,10:08:45.401173674
107.9375,9,10:08:45.403850617
107.9375,10,10:08:45.424594052
107.9375,9,10:08:45.427267968
107.9375,9,10:08:45.452825747
107.9375,9,10:08:45.454562758
107.9375,9,10:08:45.456542669
107.9375,9,10:08:45.457228981
107.9375,10,10:08:45.474191575
107.9375,44,10:08:45.474634572
107.9375,1,10:08:45.474882872
107.9375,44,10:08:45.475291444
107.9375,25,10:08:45.475508363
107.9375,2,10:08:45.475696082
107.9375,1,10:08:45.475723487
107.9375,21,10:08:45.475838325
107.9375,25,10:08:45.477301397
107.9375,1,10:08:45.477347088
107.9375,1,10:08:45.478131840
107.9375,34,10:08:45.478188094
107.9375,1,10:08:45.478233637
107.9375,1,10:08:45.478259017
107.9375,1,10:08:45.478279811
107.9375,1,10:08:45.478301683
107.9375,1,10:08:45.478325066
107.9375,1,10:08:45.478346448
107.9375,1,10:08:45.478376125
107.9375,1,10:08:45.478399179
107.9375,1,10:08:45.478416482
107.9375,1,10:08:45.478441219
107.9375,1,10:08:45.478467908
107.9375,1,10:08:45.478499431
107.9375,1,10:08:45.478527694
107.9375,27,10:08:45.478551605
107.9375,3,10:08:45.478672865
107.9375,2,10:08:45.478992821
107.9375,4,10:08:45.479068380
107.9375,1,10:08:45.479098042
107.9375,1,10:08:45.479268516
107.9375,1,10:08:45.479286589
107.9375,1,10:08:45.479307880
107.9375,1,10:08:45.479387305
107.9375,9,10:08:45.479451507
107.9375,1,10:08:45.479656440
107.9375,1,10:08:45.479942785
107.9375,1,10:08:45.480020252
107.9375,10,10:08:45.480091601
107.9375,1,10:08:45.480144098
107.9375,3,10:08:45.480230903
107.9375,1,10:08:45.480296129
107.9375,35,10:08:45.480320882
107.9375,4,10:08:45.480349967
107.9375,1,10:08:45.480387594
107.9375,1,10:08:45.480420750
107.9375,40,10:08:45.480612063
107.9375,23,10:08:45.480878471
107.9375,1,10:08:45.480997008
107.9375,1,10:08:45.481151930
107.9375,1,10:08:45.481682477
107.9375,45,10:08:45.482014532
107.9375,25,10:08:45.482040444
107.9375,44,10:08:45.482224850
107.9375,1,10:08:45.482699641
107.9375,1,10:08:45.482731968
107.9375,1,10:08:45.484328013
107.9375,1,10:08:45.484402433
107.9375,1,10:08:45.484593960
107.9375,10,10:08:45.485159012
107.9375,1,10:08:45.485253846
107.9375,20,10:08:45.485292727
107.9375,1,10:08:45.485968839
107.9375,1,10:08:45.486046054
107.9375,1,10:08:45.486288183
107.9375,1,10:08:45.486721680
107.9375,1,10:08:45.487460085
107.9375,9,10:08:45.496448129
107.9375,9,10:08:45.498857467
107.9375,9,10:08:45.536204276
107.9375,1,10:08:45.536438931
107.9375,1,10:08:45.536740860
107.9375,9,10:08:45.536910303
107.9375,10,10:08:45.539685649
107.9375,9,10:08:45.558598919
107.9375,1,10:08:45.558796363
107.9375,1,10:08:45.558863558
107.9375,9,10:08:45.561427081
107.9375,10,10:08:45.577657767
107.9375,1,10:08:45.577855025
107.9375,1,10:08:45.577892927
107.9375,9,10:08:45.579728042
107.9375,9,10:08:45.593181292
107.9375,9,10:08:45.599852847
107.9375,10,10:08:45.602807016
107.9375,9,10:08:45.618724130
107.9375,9,10:08:45.619566274
107.9375,10,10:08:45.640643435
107.9375,1,10:08:45.640849481
107.9375,1,10:08:45.640952814
107.9375,9,10:08:45.644084813
107.9375,10,10:08:45.646609280
107.9375,9,10:08:45.658543235
107.9375,1,10:08:45.658660787
107.9375,10,10:08:45.661183663
107.9375,9,10:08:45.680595667
107.9375,9,10:08:45.683774521
107.9375,10,10:08:45.698099459
107.9375,10,10:08:45.698767132
107.9375,9,10:08:45.700691719
107.9375,9,10:08:45.719583431
107.9375,9,10:08:45.722510334
107.9375,10,10:08:45.737690634
107.9375,1,10:08:45.737958735
107.9375,9,10:08:45.739309053
107.9375,1,10:08:45.739537064
107.9375,6,10:08:45.742019962
107.9375,9,10:08:45.760060265
107.9375,10,10:08:45.763505912
107.9375,9,10:08:45.778578755
107.9375,1,10:08:45.778790229
107.9375,9,10:08:45.780398725
107.9375,10,10:08:45.800691115
107.9375,9,10:08:45.803532846
107.9375,9,10:08:45.820067867
107.9375,10,10:08:45.823495340
107.9375,9,10:08:45.841479485
107.9375,9,10:08:45.845475652
107.9375,9,10:08:45.848914207
107.9375,10,10:08:45.860043471
107.9375,9,10:08:45.862800829
107.9375,1,10:08:45.863066934
107.9375,9,10:08:45.876550613
107.9375,1,10:08:45.876840766
107.9375,9,10:08:45.881901489
107.9375,1,10:08:45.882116049
107.9375,10,10:08:45.884195734
107.9375,9,10:08:45.897212709
107.9375,9,10:08:45.897589315
107.9375,1,10:08:45.897992046
107.9375,9,10:08:45.901436781
107.9375,9,10:08:45.903358586
107.9375,1,10:08:45.903615955
107.9375,10,10:08:45.918864291
107.9375,3,10:08:45.919167141
107.9375,3,10:08:45.919207715
107.9375,1,10:08:45.919238477
107.9375,10,10:08:45.919341071
107.9375,1,10:08:45.919374534
107.9375,1,10:08:45.919411191
107.9375,1,10:08:45.919509817
107.9375,1,10:08:45.919554922
107.9375,2,10:08:45.919575210
107.9375,1,10:08:45.919602529
107.9375,1,10:08:45.919636516
107.9375,6,10:08:45.919743873
107.9375,3,10:08:45.919821177
107.9375,1,10:08:45.920706660
107.9375,1,10:08:45.920962154
107.9375,1,10:08:45.921407091
107.9375,12,10:08:45.921727324
107.9375,1,10:08:45.921954052
107.9375,1,10:08:45.921988260
107.9375,1,10:08:45.922165618
107.9375,1,10:08:45.922302622
107.9375,1,10:08:45.922367686
107.9375,1,10:08:45.922419166
107.9375,1,10:08:45.922860285
107.9375,1,10:08:45.923048561
107.9375,3,10:08:45.923072826
107.9375,1,10:08:45.924285395
107.9375,9,10:08:45.955405270
107.9375,9,10:08:45.956275950
107.9375,1,10:08:45.956598314
107.9375,9,10:08:45.957187244
107.9375,10,10:08:45.959497013
107.9375,9,10:08:45.974526672
107.9375,9,10:08:46.006911910
107.9375,19,10:08:46.028294141
107.9375,19,10:08:46.028328724
107.9375,1,10:08:46.028734706
107.9375,10,10:08:46.029621852
107.9375,9,10:08:46.031155015
107.9375,9,10:08:46.052559884
107.9375,18,10:08:46.056208496
107.9375,19,10:08:46.056317301
107.9375,10,10:08:46.074280913
107.9375,1,10:08:46.074476409
107.9375,9,10:08:46.076837354
107.9375,1,10:08:46.077116833
107.9375,1,10:08:46.078406763
107.9375,9,10:08:46.097823090
107.9375,1,10:08:46.098128043
107.9375,1,10:08:46.098317049
107.9375,10,10:08:46.120499768
107.9375,9,10:08:46.163967417
107.9375,1,10:08:46.164245880
107.9375,1,10:08:46.164348657
107.9375,2,10:08:46.186455137
107.9375,1,10:08:46.186638021
107.9375,19,10:08:46.192355592
107.9375,19,10:08:46.192413804
107.9375,1,10:08:46.192611223
107.9375,5,10:08:46.192666516
107.9375,1,10:08:46.193317010
107.9375,72,10:08:46.193685660
107.9375,1,10:08:46.193879398
107.9375,1,10:08:46.193955397
107.9375,1,10:08:46.194051565
107.9375,20,10:08:46.194177135
107.9375,11,10:08:46.194225472
107.9375,1,10:08:46.195461622
107.9375,73,10:08:46.270638799
107.9375,5,10:08:46.324426865
107.9375,1,10:08:46.324667334
107.9375,1,10:08:46.531726328
107.9375,5,10:08:46.531840686
107.9375,1,10:08:46.532084431
107.9375,1,10:08:46.532131945
107.9375,152,10:08:46.532583260
107.9375,2,10:08:46.533207603
107.9375,1,10:08:46.533278391
107.9375,4,10:08:46.533278391
107.9375,1,10:08:46.533309828
107.9375,1,10:08:46.533429911
107.9375,1,10:08:46.535439219
107.9375,1,10:08:46.535533790
107.9375,22,10:08:46.535700161
107.9375,1,10:08:46.536175592
107.9375,3,10:08:46.536205599
107.9375,53,10:08:46.536224092
107.9375,10,10:08:46.536323470
107.9375,18,10:08:46.536383948
107.9375,1,10:08:46.536404946
107.9375,6,10:08:46.536421452
107.9375,1,10:08:46.536437769
107.9375,2,10:08:46.536532425
107.9375,1,10:08:46.536554006
107.9375,1,10:08:46.536571168
107.9375,1,10:08:46.536599607
107.9375,1,10:08:46.536616177
107.9375,2,10:08:46.536957633
107.9375,2,10:08:46.536987694
107.9375,1,10:08:46.537012601
107.9375,1,10:08:46.537049069
107.9375,1,10:08:46.538389198
107.9375,1,10:08:46.540926730
107.9375,10,10:08:46.558518836
107.9375,2,10:08:46.558587143
107.9375,20,10:08:46.558672733
107.9375,10,10:08:46.558766370
107.9375,4,10:08:46.558886440
107.9375,1,10:08:46.559005210
107.9375,1,10:08:46.559071531
107.9375,1,10:08:46.559152048
107.9375,1,10:08:46.559208469
107.9375,40,10:08:46.559292720
107.9375,1,10:08:46.559418470
107.9375,7,10:08:46.559477792
107.9375,1,10:08:46.559731878
107.9375,1,10:08:46.559754896
107.9375,1,10:08:46.559785481
107.9375,1,10:08:46.559874844
107.9375,4,10:08:46.560115031
107.9375,9,10:08:46.595986601
107.9375,1,10:08:46.596242410
107.9375,44,10:08:46.596514513
107.9375,1,10:08:46.596737564
107.9375,1,10:08:46.596838398
107.9375,1,10:08:46.596885042
107.9375,1,10:08:46.597403006
107.9375,6,10:08:46.620913615
107.9375,1,10:08:46.622220384
107.9375,29,10:08:46.622276353
107.9375,2,10:08:46.623087195
107.9375,1,10:08:46.623967672
107.9375,7,10:08:46.626597944
107.9375,3,10:08:46.627004724
107.9375,1,10:08:46.627202686
107.9375,2,10:08:46.627429173
107.9375,1,10:08:46.627459654
107.9375,8,10:08:46.627499879
107.9375,1,10:08:46.627733532
107.9375,1,10:08:46.628180222
107.9375,1,10:08:46.628684841
107.9375,9,10:08:46.628972411
107.9375,9,10:08:46.629582177
107.9375,10,10:08:46.629652633
107.9375,1,10:08:46.630217002
107.9375,10,10:08:46.646989417
107.9375,1,10:08:46.647190316
107.9375,1,10:08:46.647258643
107.9375,1,10:08:46.651143968
107.9375,19,10:08:46.714700544
107.9375,18,10:08:46.714977269
107.9375,25,10:08:46.717437447
107.9375,19,10:08:46.742617810
107.9375,19,10:08:46.743602152
107.9375,1,10:08:46.743802071
107.9375,9,10:08:46.743879938
107.9375,35,10:08:46.743925827
107.9375,1,10:08:46.743960003
107.9375,1,10:08:46.744195563
107.9375,18,10:08:46.767602332
107.9375,19,10:08:46.769574622
107.9375,1,10:08:46.769812191
107.9375,19,10:08:46.791668644
107.9375,1,10:08:46.791857198
107.9375,1,10:08:46.791932358
107.9375,19,10:08:46.793583272
107.9375,1,10:08:47.172111247
107.9375,1,10:08:47.172158940
107.9375,6,10:08:47.172279285
107.9375,1,10:08:47.172836813
107.9375,19,10:08:47.245057033
107.9375,18,10:08:47.245168078
107.9375,1,10:08:48.006371460
107.9375,45,10:08:48.401389291
107.9375,23,10:08:48.402124957
107.9375,1,10:08:49.377777343
107.9375,1,10:08:49.378019921
107.9375,1,10:08:49.506380848
107.9219,1,10:08:52.457527107
107.9219,3,10:08:52.457960312
107.9219,1,10:08:52.458224703
107.9219,1,10:08:52.460031846
107.9219,3,10:08:52.460085082
107.9219,1,10:08:52.460195644
107.9219,1,10:08:52.461895983
107.9219,3,10:08:52.461920297
107.9219,57,10:08:52.461939218
107.9219,25,10:08:52.462021841
107.9219,1,10:08:52.462048705
107.9219,86,10:08:52.462110890
107.9219,11,10:08:52.462165431
107.9219,5,10:08:52.462188667
107.9219,2,10:08:52.462467785
107.9219,1,10:08:52.462533797
107.9219,45,10:08:52.463465428
107.9219,45,10:08:52.463540608
107.9219,63,10:08:52.464387130
107.9219,2,10:08:52.464509376
107.9219,1,10:08:52.467329635
107.9219,1,10:08:52.467357116
107.9219,1,10:08:52.471905592
107.9219,2,10:08:52.545390128
107.9219,25,10:08:52.549775583
107.9219,2,10:08:52.557836039
107.9219,14,10:08:52.693222007
107.9219,25,10:08:52.727278216
107.9219,14,10:08:52.818831022
107.9219,25,10:08:52.850045949
107.9219,14,10:08:52.955755853
107.9063,1,10:08:54.015842889
107.9063,2,10:08:58.608854516
107.9063,9,10:09:01.282378368
107.9063,7,10:09:01.414664856
107.9063,7,10:09:01.414829906
107.9063,1,10:09:01.414901139
107.9063,11,10:09:01.415597525
107.9063,1,10:09:01.416182807
107.9063,1,10:09:01.417380057
107.9063,19,10:09:01.418050825
107.9063,89,10:09:01.419716456
107.9063,1,10:09:01.419857738
107.9063,5,10:09:01.419949196
107.9063,45,10:09:01.421122442
107.9063,1,10:09:01.422267109
107.9063,1,10:09:01.422551636
107.9063,2,10:09:01.422779282
107.9063,46,10:09:01.422811845
107.9063,9,10:09:01.423591669
107.9063,1,10:09:01.423615507
107.9063,3,10:09:01.424084172
107.9063,1,10:09:01.424573907
107.9063,1,10:09:01.424863855
107.9063,1,10:09:01.424896679
107.9063,1,10:09:01.425434344
107.9063,188,10:09:01.425753978
107.9063,1,10:09:01.427641773
107.9063,1,10:09:01.427769549
107.9063,5,10:09:01.428246410
107.9063,1,10:09:01.428268160
107.9063,1,10:09:01.428283502
107.9063,9,10:09:01.543697301
107.9063,19,10:09:01.543752015
107.9063,9,10:09:03.520015144
107.9063,1,10:09:04.154203664
107.9063,1,10:09:06.475190174
107.9063,1,10:09:06.476830156
107.9063,5,10:09:06.476956964
107.9063,1,10:09:06.482482093
107.9063,1,10:09:07.096298616
107.9063,1,10:09:07.098282861
107.9063,1,10:09:07.099025451
107.9063,44,10:09:07.099918916
107.9063,45,10:09:07.100023167
107.9063,39,10:09:07.100109665
107.9063,2,10:09:07.100580967
107.9063,10,10:09:07.119475495
107.9063,70,10:09:07.120786300
107.9063,25,10:09:07.121868891
107.9063,6,10:09:07.123251277
107.9063,25,10:09:07.123591879
107.9063,11,10:09:07.123635215
107.9063,1,10:09:07.124085419
107.9063,35,10:09:07.124193453
107.9063,1,10:09:07.125289587
107.9063,1,10:09:07.125985120
107.9063,90,10:09:07.126142721
107.9063,87,10:09:07.126183506
107.9063,1,10:09:07.126312126
107.9063,2,10:09:07.126525708
107.9063,8,10:09:07.126575235
107.9063,33,10:09:07.126695597
107.9063,1,10:09:07.126796674
107.9063,1,10:09:07.126965944
107.9063,1,10:09:07.126986325
107.9063,5,10:09:07.127044685
107.9063,11,10:09:07.127106549
107.9063,17,10:09:07.127252663
107.9063,2,10:09:07.127391015
107.9063,1,10:09:07.127777157
107.9063,3,10:09:07.127959775
107.9063,1,10:09:07.128430226
107.9063,1,10:09:07.129160081
107.9063,1,10:09:07.131419727
107.9063,1,10:09:07.131814582
107.9063,48,10:09:07.134041738
107.9063,17,10:09:07.181093367
107.9063,17,10:09:07.183842223
107.9063,16,10:09:07.186871611
107.9063,17,10:09:07.189972003
107.9063,2,10:09:07.193679710
107.9063,11,10:09:07.196687586
107.8906,5,10:09:07.421272515
107.8906,25,10:09:07.630797283
107.8906,10,10:09:07.680735754
107.8906,23,10:09:08.805692004
107.8906,18,10:09:08.805738015
107.8906,4,10:09:08.820606350
107.8906,1,10:09:08.838334301
107.8906,1,10:09:08.838690820
107.8906,354,10:09:08.846946618
107.8906,1,10:09:08.848954982
107.8906,1,10:09:08.850487086
107.8906,1,10:09:08.850540620
107.8906,1,10:09:08.851980809
107.8906,23,10:09:08.878562510
107.8906,3,10:09:09.105333916
107.8906,1,10:09:09.161205244
107.8906,1,10:09:09.166111116
107.8906,1,10:09:10.337627539
107.8906,9,10:09:11.283118392
107.8906,9,10:09:11.434111226
107.8906,10,10:09:11.434245034
107.9063,17,10:09:11.805529064
107.9063,13,10:09:11.805583724
107.9063,4,10:09:11.820341334
107.9063,20,10:09:11.878435179
107.9063,1,10:09:11.878727079
107.9063,10,10:09:12.005612352
107.9063,5,10:09:12.060687369
107.9063,2,10:09:12.206037587
107.9063,1,10:09:12.264105876
107.9063,1,10:09:12.428433844
107.8906,1,10:09:15.016411771
107.9063,1,10:09:18.368657790
107.8906,4,10:09:19.894017201
107.8906,749,10:09:20.392003792
107.8906,8,10:09:20.409666941
107.8906,2,10:09:20.419661225
107.8906,2,10:09:20.485961529
107.8906,11,10:09:20.487286744
107.875,6,10:09:21.098978781
107.875,3,10:09:21.102349460
107.875,11,10:09:21.181166855
107.875,52,10:09:21.181509464
107.875,44,10:09:21.181804849
107.875,7,10:09:21.181835518
107.875,44,10:09:21.182417696
107.875,45,10:09:21.182531724
107.875,1,10:09:21.182600929
107.875,40,10:09:21.182682188
107.875,14,10:09:21.232140553
107.875,45,10:09:21.241045348
107.875,25,10:09:21.263137348
107.875,1,10:09:21.273674203
107.875,1,10:09:21.273985639
107.875,13,10:09:21.331636506
107.875,2,10:09:22.219940609
107.875,440,10:09:22.221626092
107.875,1,10:09:22.221937788
107.875,3,10:09:22.221965002
107.875,33,10:09:22.221996500
107.875,1,10:09:22.222084287
107.875,1,10:09:22.222132634
107.875,1,10:09:22.222265603
107.875,19,10:09:22.222298020
107.875,26,10:09:22.222409180
107.875,2,10:09:22.222445312
107.875,5,10:09:22.222474298
107.875,3,10:09:22.222515966
107.875,1,10:09:22.222543307
107.875,4,10:09:22.222695205
107.875,1,10:09:22.222733679
107.875,7,10:09:22.222753340
107.875,3,10:09:22.222797488
107.875,1,10:09:22.222884812
107.875,1,10:09:22.222925401
107.875,1,10:09:22.222958656
107.875,19,10:09:22.222989158
107.875,4,10:09:22.223064621
107.875,1,10:09:22.223162872
107.875,49,10:09:22.223372514
107.875,45,10:09:22.225869880
107.875,44,10:09:22.225896917
107.875,45,10:09:22.225969379
107.875,44,10:09:22.226018478
107.875,1,10:09:22.228608155
107.875,1,10:09:22.228669375
107.875,53,10:09:22.228703409
107.875,104,10:09:22.228755826
107.875,1,10:09:22.228803149
107.875,31,10:09:22.228847355
107.875,27,10:09:22.228881839
107.875,1,10:09:22.228990867
107.875,1,10:09:22.229113920
107.875,1,10:09:22.229410944
107.875,1,10:09:22.229457117
107.875,1,10:09:22.229584185
107.875,45,10:09:22.229757106
107.875,44,10:09:22.230279568
107.875,25,10:09:22.230308692
107.875,36,10:09:22.230544329
107.875,6,10:09:22.231094673
107.875,1,10:09:22.231147222
107.875,1,10:09:22.231319174
107.875,2,10:09:22.231558302
107.875,1,10:09:22.232295830
107.875,1,10:09:22.232671953
107.875,2,10:09:22.233364223
107.875,1,10:09:22.233533779
107.875,9,10:09:22.234074647
107.875,2,10:09:22.235769795
107.875,41,10:09:22.235793779
107.875,1,10:09:22.236013742
107.875,1,10:09:22.238305459
107.875,3,10:09:22.251943698
107.875,40,10:09:22.273635578
107.875,2,10:09:22.312038048
107.875,1,10:09:24.709595698
107.8594,1,10:09:25.427583979
107.8594,5,10:09:25.650277495
107.8594,1,10:09:26.432842879
107.8594,1,10:09:26.433560090
107.8594,2,10:09:26.433661206
107.8594,3,10:09:26.433704566
107.8594,1,10:09:26.433729841
107.8594,3,10:09:26.433751745
107.8594,1,10:09:26.433958789
107.8594,1,10:09:26.434411035
107.8594,1,10:09:26.434640393
107.8594,1,10:09:26.434689405
107.8594,21,10:09:26.434741937
107.8594,2,10:09:26.434796931
107.8594,1,10:09:26.434827642
107.8594,4,10:09:26.434937020
107.8594,1,10:09:26.434966844
107.8594,1,10:09:26.434994567
107.8594,1,10:09:26.435031838
107.8594,1,10:09:26.435100214
107.8594,1,10:09:26.435148766
107.8594,1,10:09:26.435236076
107.8594,1,10:09:26.435263181
107.8594,1,10:09:26.435287078
107.8594,1,10:09:26.435372113
107.8594,1,10:09:26.435411651
107.8594,1,10:09:26.435438749
107.8594,1,10:09:26.435477453
107.8594,1,10:09:26.435534382
107.8594,1,10:09:26.435561993
107.8594,1,10:09:26.435586233
107.8594,1,10:09:26.435619709
107.8594,2,10:09:26.435702601
107.8594,10,10:09:26.435894786
107.8594,1,10:09:26.435949150
107.8594,5,10:09:26.436032066
107.8594,1,10:09:26.436086506
107.8594,2,10:09:26.436127649
107.8594,1,10:09:26.436245337
107.8594,3,10:09:26.436323220
107.8594,9,10:09:26.436390269
107.8594,6,10:09:26.436583389
107.8594,1,10:09:26.436688191
107.8594,5,10:09:26.436740755
107.8594,3,10:09:26.437384454
107.8594,1,10:09:26.437535335
107.8594,1,10:09:26.438027943
107.8594,1,10:09:26.438078139
107.8594,1,10:09:26.438175844
107.8594,1,10:09:26.438229726
107.8594,1,10:09:26.438650074
107.8594,1,10:09:26.439027160
107.8594,1,10:09:26.439221772
107.8594,63,10:09:26.439540217
107.8594,63,10:09:26.440708512
107.8594,64,10:09:26.441419102
107.8594,7,10:09:26.441616940
107.8594,5,10:09:26.442005166
107.8594,1,10:09:26.442593818
107.8594,1,10:09:26.442667208
107.8594,1,10:09:26.442696107
107.8594,35,10:09:26.443293189
107.8594,10,10:09:26.443325817
107.8594,20,10:09:26.443446366
107.8594,112,10:09:26.443481733
107.8594,4,10:09:26.443763847
107.8594,1,10:09:26.443915396
107.8594,1,10:09:26.443948209
107.8594,2,10:09:26.443978687
107.8594,1,10:09:26.444023168
107.8594,4,10:09:26.444611919
107.8594,1,10:09:26.444662470
107.8594,1,10:09:26.444910124
107.8594,8,10:09:26.445348805
107.8594,20,10:09:26.446293060
107.8594,22,10:09:26.446320152
107.8594,27,10:09:26.446338428
107.8594,1,10:09:26.446363266
107.8594,35,10:09:26.446380569
107.8594,2,10:09:26.446754317
107.8594,1,10:09:26.446789387
107.8594,9,10:09:26.447604889
107.8594,1,10:09:26.447698941
107.8594,26,10:09:26.447729556
107.8594,1,10:09:26.447770870
107.8594,9,10:09:26.447795001
107.8594,1,10:09:26.447834233
107.8594,4,10:09:26.447850100
107.8594,1,10:09:26.447886816
107.8594,1,10:09:26.447905972
107.8594,1,10:09:26.447978125
107.8594,2,10:09:26.447996333
107.8594,1,10:09:26.448195633
107.8594,4,10:09:26.448392917
107.8594,1,10:09:26.448586181
107.8594,7,10:09:26.448792656
107.8594,1,10:09:26.448846136
107.8594,24,10:09:26.448871893
107.8594,5,10:09:26.448896585
107.8594,6,10:09:26.449000887
107.8594,1,10:09:26.449107981
107.8594,48,10:09:26.449124403
107.8594,5,10:09:26.449150529
107.8594,1,10:09:26.449179544
107.8594,6,10:09:26.449342331
107.8594,5,10:09:26.449836578
107.8594,1,10:09:26.450179952
107.8594,26,10:09:26.450210069
107.8594,23,10:09:26.450240969
107.8594,34,10:09:26.450283851
107.8594,2,10:09:26.450727985
107.8594,1,10:09:26.451344913
107.8594,1,10:09:26.451957507
107.8594,13,10:09:26.451982529
107.8594,1,10:09:26.452118554
107.8594,46,10:09:26.452300173
107.8594,1,10:09:26.452526751
107.8594,82,10:09:26.452738803
107.8594,1,10:09:26.452854454
107.8594,1,10:09:26.452939489
107.8594,5,10:09:26.455725817
107.8594,1,10:09:26.455878342
107.8594,1,10:09:26.455972193
107.8594,3,10:09:26.456585085
107.8594,1,10:09:26.456672818
107.8594,2,10:09:26.457030285
107.8594,2,10:09:26.457486812
107.8594,1,10:09:26.458299645
107.8594,90,10:09:26.458346689
107.8594,1,10:09:26.458371969
107.8594,3,10:09:26.458391636
107.8594,21,10:09:26.458421225
107.8594,56,10:09:26.458461751
107.8594,5,10:09:26.458514260
107.8594,29,10:09:26.458541829
107.8594,12,10:09:26.458559458
107.8594,13,10:09:26.458593596
107.8594,1,10:09:26.458643089
107.8594,1,10:09:26.458669352
107.8594,46,10:09:26.458713202
107.8594,2,10:09:26.459747818
107.8594,1,10:09:26.460116184
107.8594,1,10:09:26.460286626
107.8594,50,10:09:26.460590523
107.8594,6,10:09:26.461012452
107.8594,1,10:09:26.461120726
107.8594,3,10:09:26.461444198
107.8594,1,10:09:26.461513758
107.8594,1,10:09:26.461982458
107.8594,1,10:09:26.462672386
107.8594,1,10:09:26.463633257
107.8594,1,10:09:26.463668387
107.8594,22,10:09:26.463699373
107.8594,1,10:09:26.463807286
107.8594,23,10:09:26.464097928
107.8594,1,10:09:26.464228826
107.8594,21,10:09:26.464366705
107.8594,60,10:09:26.465321905
107.8594,4,10:09:26.465380330
107.8594,48,10:09:26.465447088
107.8594,1,10:09:26.465659982
107.8594,1,10:09:26.465698124
107.8594,4,10:09:26.465790193
107.8594,1,10:09:26.465879267
107.8594,5,10:09:26.466668396
107.8594,42,10:09:26.467016153
107.8594,1,10:09:26.467165574
107.8594,1,10:09:26.467182694
107.8594,1,10:09:26.467269544
107.8594,1,10:09:26.467750613
107.8594,2,10:09:26.467853754
107.8594,1,10:09:26.467900837
107.8594,2,10:09:26.467924652
107.8594,1,10:09:26.467960838
107.8594,3,10:09:26.468417865
107.8594,1,10:09:26.468734364
107.8594,7,10:09:26.468807681
107.8594,1,10:09:26.470727710
107.8594,1,10:09:26.470865818
107.8594,6,10:09:26.470904795
107.8594,56,10:09:26.472068054
107.8594,1,10:09:26.472124896
107.8594,6,10:09:26.472217078
107.8594,3,10:09:26.472243692
107.8594,3,10:09:26.472864988
107.8594,44,10:09:26.473186383
107.8594,1,10:09:26.473685846
107.8594,1,10:09:26.473971900
107.8594,1,10:09:26.475817819
107.8594,1,10:09:26.476245296
107.8594,22,10:09:27.265167944
107.875,69,10:09:28.807877856
107.875,7,10:09:28.807939025
107.875,1,10:09:28.807983404
107.875,1,10:09:28.808020076
107.875,9,10:09:28.808123326
107.875,1,10:09:28.808150300
107.875,60,10:09:28.808259345
107.875,10,10:09:28.808332694
107.875,7,10:09:28.808350592
107.875,1,10:09:28.808438241
107.875,5,10:09:28.808483209
107.875,21,10:09:28.808526336
107.875,1,10:09:28.808558987
107.875,1,10:09:28.808615643
107.875,1,10:09:28.808647400
107.875,2,10:09:28.808760568
107.875,1,10:09:28.808829577
107.875,5,10:09:28.808904337
107.875,3,10:09:28.808962342
107.875,3,10:09:28.809012336
107.875,8,10:09:28.809136691
107.875,6,10:09:28.809225937
107.875,7,10:09:28.809323190
107.875,5,10:09:28.809483505
107.875,1,10:09:28.809768748
107.875,1,10:09:28.809824058
107.875,1,10:09:28.809949171
107.875,1,10:09:28.809982737
107.875,1,10:09:28.810214027
107.875,1,10:09:28.810243401
107.875,1,10:09:28.810349896
107.875,8,10:09:28.810400028
107.875,1,10:09:28.810451844
107.875,1,10:09:28.810630225
107.875,2,10:09:28.810734332
107.875,1,10:09:28.810753863
107.875,2,10:09:28.811749566
107.8594,500,10:09:28.813410463
107.875,4,10:09:30.962635506
107.875,8,10:09:30.962666239
107.875,40,10:09:30.963022698
107.875,5,10:09:30.963354708
107.875,119,10:09:30.963474534
107.875,2,10:09:30.963736840
107.875,1,10:09:30.964064210
107.875,1,10:09:30.964808567
107.875,1,10:09:30.989686432
107.875,5,10:09:30.998488820
107.875,20,10:09:30.998708190
107.875,1,10:09:30.998848305
107.875,1,10:09:30.998924299
107.875,1,10:09:30.999117821
107.875,1,10:09:30.999308692
107.875,20,10:09:31.003275067
107.875,1,10:09:31.003485484
107.875,20,10:09:31.007139772
107.875,1,10:09:31.007361475
107.875,1,10:09:31.007382829
107.875,41,10:09:31.007615375
107.875,1,10:09:31.007770408
107.875,1,10:09:31.007805353
107.875,1,10:09:31.007839469
107.875,1,10:09:31.007879870
107.875,2,10:09:31.008104112
107.875,1,10:09:31.008501003
107.875,1,10:09:31.008532536
107.875,1,10:09:31.008757987
107.875,20,10:09:31.008900265
107.875,5,10:09:31.009187324
107.875,2,10:09:31.009363062
107.875,17,10:09:31.009686278
107.875,1,10:09:31.010309116
107.875,1,10:09:31.010332214
107.875,1,10:09:31.010377085
107.875,1,10:09:31.010398103
107.875,18,10:09:31.010424589
107.875,1,10:09:31.010459479
107.875,1,10:09:31.010479017
107.875,1,10:09:31.010506287
107.875,1,10:09:31.010524832
107.875,1,10:09:31.010553271
107.875,1,10:09:31.010576654
107.875,1,10:09:31.010605374
107.875,1,10:09:31.010625919
107.875,1,10:09:31.010654451
107.875,1,10:09:31.010678307
107.875,1,10:09:31.010706423
107.875,1,10:09:31.010726951
107.875,1,10:09:31.010753586
107.875,1,10:09:31.010783861
107.875,20,10:09:31.011546094
107.875,1,10:09:31.011830148
107.875,1,10:09:31.011990778
107.875,5,10:09:31.012072435
107.875,2,10:09:31.012095676
107.875,34,10:09:31.041222890
107.875,3,10:09:31.054539363
107.875,2,10:09:31.598797655
107.875,2,10:09:31.599110314
107.875,2,10:09:31.599514420
107.875,13,10:09:31.770965693
107.875,4,10:09:31.774290209
107.875,18,10:09:31.774578919
107.875,1,10:09:31.774716668
107.875,1,10:09:31.774811352
107.875,1,10:09:31.774891817
107.875,1,10:09:31.774926704
107.875,1,10:09:31.774953201
107.875,1,10:09:31.775013525
107.875,1,10:09:31.775080506
107.875,1,10:09:31.775121515
107.875,1,10:09:31.775149963
107.875,1,10:09:31.775218940
107.875,1,10:09:31.775245776
107.875,1,10:09:31.775278539
107.875,1,10:09:31.775315388
107.875,1,10:09:31.775339433
107.875,1,10:09:31.775381868
107.875,1,10:09:31.775414830
107.875,1,10:09:31.775441985
107.875,1,10:09:31.775483333
107.875,1,10:09:31.775519043
107.875,1,10:09:31.775546938
107.875,4,10:09:31.775597050
107.875,13,10:09:31.779456575
107.875,1,10:09:31.779622133
107.875,19,10:09:31.779703246
107.875,1,10:09:31.780342058
107.875,1,10:09:31.780383544
107.875,1,10:09:31.780402460
107.875,1,10:09:31.780461834
107.875,1,10:09:31.780846209
107.875,32,10:09:31.846168735
107.875,1,10:09:31.848080399
107.875,5,10:09:32.042451823
107.875,10,10:09:32.057563401
107.875,1,10:09:32.067258159
107.875,2,10:09:32.079277791
107.875,4,10:09:32.083036257
107.875,2,10:09:32.089756383
107.875,1,10:09:32.108125002
107.875,226,10:09:33.037929362
107.875,5,10:09:33.227418617
107.875,1,10:09:33.227631240
107.875,1,10:09:34.008963975
107.8906,1,10:09:38.508860059
107.8906,70,10:09:38.509107263
107.8906,25,10:09:38.510920647
107.8906,6,10:09:38.511832467
107.8906,1,10:09:38.512918733
107.8906,90,10:09:38.513006900
107.8906,7,10:09:38.513398694
107.8906,2,10:09:38.513529353
107.8906,5,10:09:38.513912893
107.8906,5,10:09:38.513972932
107.8906,3,10:09:38.514322555
107.8906,1,10:09:38.514499315
107.8906,1,10:09:38.514527107
107.8906,3,10:09:38.514557402
107.8906,1,10:09:38.514597198
107.8906,1,10:09:38.514624539
107.8906,20,10:09:38.514645625
107.8906,1,10:09:38.516260842
107.8906,1,10:09:38.519199035
107.8906,5,10:09:38.543353116
107.8906,45,10:09:38.543468001
107.8906,28,10:09:38.543833260
107.8906,60,10:09:38.544220920
107.8906,11,10:09:38.545656776
107.8906,1,10:09:38.546865853
107.8906,1,10:09:38.547879710
107.8906,38,10:09:38.570594844
107.8906,1,10:09:38.570863649
107.8906,10,10:09:38.581406169
107.8906,64,10:09:38.581703679
107.8906,17,10:09:38.697835875
107.8906,1,10:09:38.698306973
107.8906,10,10:09:38.698317959
107.8906,1,10:09:38.698369682
107.8906,1,10:09:38.698390210
107.8906,1,10:09:38.698411404
107.8906,1,10:09:38.698442876
107.8906,1,10:09:38.698462593
107.8906,1,10:09:38.698485738
107.8906,1,10:09:38.698514632
107.8906,1,10:09:38.698536783
107.8906,1,10:09:38.698566485
107.8906,1,10:09:38.698585289
107.8906,1,10:09:38.698621309
107.8906,1,10:09:38.698657370
107.8906,1,10:09:38.698671905
107.8906,1,10:09:38.698717545
107.8906,1,10:09:38.698742063
107.8906,1,10:09:38.698761005
107.8906,1,10:09:38.699118011
107.8906,24,10:09:38.699520032
107.8906,35,10:09:38.700036794
107.8906,1,10:09:38.700247147
107.8906,1,10:09:38.700409310
107.8906,1,10:09:38.700495229
107.8906,1,10:09:38.702377059
107.8906,100,10:09:39.289742283
107.8906,1,10:09:39.290272415
107.8906,1,10:09:39.290296605
107.8906,2,10:09:40.215879973
107.8906,1,10:09:40.218185299
107.8906,1,10:09:40.219093236
107.8906,1,10:09:40.219642346
107.8906,45,10:09:40.324945422
107.8906,44,10:09:40.325639129
107.8906,45,10:09:40.326075029
107.8906,1,10:09:40.326140810
107.8906,1,10:09:40.326197950
107.8906,1,10:09:40.326388222
107.8906,24,10:09:40.326464425
107.8906,6,10:09:40.329089023
107.8906,4,10:09:40.329162640
107.8906,1,10:09:40.330412794
107.8906,40,10:09:40.330642274
107.8906,15,10:09:40.331376768
107.8906,1,10:09:40.331436469
107.8906,9,10:09:40.331607608
107.8906,1,10:09:40.331891791
107.8906,2,10:09:40.332186637
107.8906,2,10:09:40.332247592
107.8906,3,10:09:40.332277541
107.8906,4,10:09:40.333082086
107.8906,4,10:09:40.333445242
107.8906,7,10:09:40.338852893
107.8906,22,10:09:40.340502415
107.8906,1,10:09:40.341163913
107.8906,16,10:09:40.346911554
107.8906,1,10:09:41.824697567
107.8906,626,10:09:42.758471335
107.8906,8,10:09:43.314639979
107.8906,21,10:09:47.790847364
107.8906,4,10:09:55.616248123
107.875,25,10:09:56.578387606
107.875,1,10:09:57.015940055
107.8906,17,10:09:57.033860164
107.875,1,10:09:57.794082132
107.875,1,10:09:57.905342064
107.8906,1,10:10:00.092226071
107.8906,1,10:10:01.764293184
107.875,1,10:10:03.832007789
107.875,4,10:10:06.192321690
107.875,2,10:10:06.192353608
107.875,4,10:10:06.192399391
107.875,2,10:10:06.192424509
107.875,2,10:10:06.192451456
107.875,1,10:10:06.192488875
107.875,1,10:10:06.192511378
107.875,2,10:10:06.192539503
107.875,2,10:10:06.192562406
107.875,1,10:10:06.192580982
107.875,1,10:10:06.193457582
107.875,5,10:10:07.332278389
107.875,1,10:10:07.584099594
107.875,2,10:10:07.584140741
107.875,1,10:10:11.180549229
107.875,2,10:10:11.180654207
107.875,7,10:10:11.180786559
107.875,1,10:10:11.181239935
107.875,1,10:10:11.181334982
107.875,1,10:10:11.181417410
107.875,50,10:10:12.775076993
107.8906,36,10:10:14.173999892
107.8906,1,10:10:15.272685069
107.875,1,10:10:18.015510256
107.875,2,10:10:20.133183085
107.875,1,10:10:22.000017486
107.875,4,10:10:22.202156668
107.875,8,10:10:22.955502064
107.875,1,10:10:24.463068576
107.8906,4,10:10:26.617146337
107.875,395,10:10:26.621387782
107.875,1,10:10:26.622366899
107.875,1,10:10:26.624020335
107.875,1,10:10:26.624043052
107.875,1,10:10:26.624070342
107.875,1,10:10:26.624097603
107.875,105,10:10:26.653410658
107.875,2,10:10:26.653935078
107.875,5,10:10:26.654467211
107.875,1,10:10:26.654608670
107.875,1,10:10:26.654915556
107.875,2,10:10:26.655021242
107.875,3,10:10:26.655635427
107.875,9,10:10:26.657924996
107.875,1,10:10:26.658026262
107.875,33,10:10:26.662160011
107.875,11,10:10:26.663476929
107.875,18,10:10:26.665374033
107.875,1,10:10:26.665404660
107.875,1,10:10:26.665423631
107.875,4,10:10:26.665484918
107.875,1,10:10:26.667396074
107.875,5,10:10:26.667448017
107.875,1,10:10:26.667460801
107.875,5,10:10:26.667514700
107.875,1,10:10:26.667537248
107.875,1,10:10:26.668101037
107.875,1,10:10:26.669422210
107.875,18,10:10:26.671179750
107.875,1,10:10:26.671571142
107.875,26,10:10:26.672209421
