bidVolume,bidPrice,askVolume,askPrice,timestamp
3,2324.1,1,2324.2,14:30:00.022922497
3,2324.1,4,2324.4,14:30:00.023361563
3,2324.1,4,2324.4,14:30:00.023361563
2,2324.1,4,2324.4,14:30:00.023446294
3,2324.1,4,2324.4,14:30:00.023910092
3,2324.1,4,2324.4,14:30:00.045879879
3,2324.1,4,2324.4,14:30:00.053064725
3,2324.1,1,2324.3,14:30:00.116541662
3,2324.1,2,2324.3,14:30:00.116832203
2,2324.1,2,2324.3,14:30:00.138080475
1,2324.1,2,2324.3,14:30:00.138619475
1,2324.1,3,2324.3,14:30:00.138640207
4,2324.0,3,2324.3,14:30:00.149990229
4,2324.0,3,2324.3,14:30:00.149990229
4,2324.0,3,2324.3,14:30:00.150136807
4,2324.0,3,2324.3,14:30:00.150136807
1,2324.1,3,2324.3,14:30:00.225428798
1,2324.1,2,2324.3,14:30:00.225608371
2,2324.1,2,2324.3,14:30:00.225666727
4,2324.0,2,2324.3,14:30:00.258233175
3,2323.9,2,2324.3,14:30:00.258233175
4,2323.8,2,2324.3,14:30:00.258233175
4,2323.8,2,2324.3,14:30:00.258233175
4,2323.8,2,2324.3,14:30:00.258233175
4,2323.8,2,2324.3,14:30:00.258233175
4,2323.8,3,2324.3,14:30:00.258629181
4,2323.8,3,2324.3,14:30:00.258643544
4,2323.8,4,2324.3,14:30:00.258643544
4,2323.8,4,2324.3,14:30:00.258653121
4,2323.8,1,2324.2,14:30:00.258653121
3,2323.8,1,2324.2,14:30:00.258885609
3,2323.8,2,2324.2,14:30:00.258937863
3,2323.8,3,2324.2,14:30:00.259087213
2,2323.8,3,2324.2,14:30:00.259176584
2,2323.8,3,2324.2,14:30:00.259192322
2,2323.8,3,2324.2,14:30:00.259204883
2,2323.8,3,2324.2,14:30:00.259245273
2,2323.8,4,2324.2,14:30:00.259277063
2,2323.8,4,2324.2,14:30:00.259311602
1,2323.9,4,2324.2,14:30:00.259340002
2,2323.9,4,2324.2,14:30:00.259401860
2,2323.9,4,2324.2,14:30:00.259430193
2,2323.9,5,2324.2,14:30:00.259539656
2,2323.9,5,2324.2,14:30:00.259570281
2,2323.9,4,2324.2,14:30:00.259682453
2,2323.9,5,2324.2,14:30:00.259701177
3,2323.9,5,2324.2,14:30:00.259724541
4,2323.9,5,2324.2,14:30:00.259761880
4,2323.9,4,2324.2,14:30:00.260390180
4,2323.9,4,2324.2,14:30:00.262825721
1,2324.0,4,2324.2,14:30:00.262923456
1,2324.0,3,2324.2,14:30:00.263073840
2,2324.0,3,2324.2,14:30:00.263140670
3,2324.0,3,2324.2,14:30:00.263195648
3,2324.0,3,2324.2,14:30:00.263266148
2,2324.0,3,2324.2,14:30:00.263342642
2,2324.0,2,2324.2,14:30:00.263362976
2,2324.0,1,2324.2,14:30:00.263391882
2,2324.0,1,2324.2,14:30:00.268395086
2,2324.0,2,2324.2,14:30:00.347374926
2,2324.0,6,2324.3,14:30:00.360365810
2,2324.0,5,2324.3,14:30:00.360365810
2,2324.0,5,2324.3,14:30:00.360365810
3,2324.0,5,2324.3,14:30:00.360687249
1,2324.1,5,2324.3,14:30:00.360760303
1,2324.1,4,2324.3,14:30:00.360836362
1,2324.1,4,2324.3,14:30:00.360850456
2,2324.1,4,2324.3,14:30:00.360897960
2,2324.1,4,2324.3,14:30:00.360908614
2,2324.1,4,2324.3,14:30:00.361019954
2,2324.1,4,2324.3,14:30:00.361121582
2,2324.1,4,2324.3,14:30:00.361209039
2,2324.1,2,2324.3,14:30:00.361232085
3,2324.1,2,2324.3,14:30:00.361267645
2,2324.1,2,2324.3,14:30:00.361444791
2,2324.1,3,2324.3,14:30:00.361511349
1,2324.1,3,2324.3,14:30:00.361540233
4,2324.0,3,2324.3,14:30:00.362094487
4,2324.0,3,2324.3,14:30:00.362094487
4,2324.0,3,2324.3,14:30:00.379502806
4,2324.0,3,2324.3,14:30:00.543071670
1,2324.1,3,2324.3,14:30:00.595762261
2,2324.1,3,2324.3,14:30:00.595922278
3,2324.1,3,2324.3,14:30:00.595941347
3,2324.1,2,2324.3,14:30:00.596053583
3,2324.1,3,2324.3,14:30:00.599578182
2,2324.1,3,2324.3,14:30:00.599726720
2,2324.1,4,2324.3,14:30:00.599746739
1,2324.1,4,2324.3,14:30:00.600365628
1,2324.1,4,2324.3,14:30:00.600484011
1,2324.1,5,2324.3,14:30:00.665635683
1,2324.1,5,2324.3,14:30:00.665648868
3,2324.0,5,2324.3,14:30:00.665787319
3,2324.0,5,2324.3,14:30:00.665787319
3,2324.0,4,2324.3,14:30:00.705301338
3,2324.0,3,2324.3,14:30:00.719039257
1,2324.1,3,2324.3,14:30:00.719153019
1,2324.1,2,2324.3,14:30:00.719184475
1,2324.1,2,2324.3,14:30:00.719242194
2,2324.1,2,2324.3,14:30:00.719273113
3,2324.1,2,2324.3,14:30:00.719309668
4,2324.1,2,2324.3,14:30:00.719403495
3,2324.1,2,2324.3,14:30:00.719477057
3,2324.1,3,2324.3,14:30:00.727617030
2,2324.1,3,2324.3,14:30:00.727799142
1,2324.1,3,2324.3,14:30:00.727830676
3,2324.0,3,2324.3,14:30:00.727848599
3,2324.0,3,2324.3,14:30:00.727848599
3,2324.0,4,2324.3,14:30:00.727872958
2,2324.0,4,2324.3,14:30:00.791585453
2,2324.0,1,2324.2,14:30:00.792450401
2,2324.0,2,2324.2,14:30:00.792779947
2,2324.0,3,2324.2,14:30:00.799353500
2,2324.0,4,2324.2,14:30:00.800343674
1,2324.0,4,2324.2,14:30:00.800451781
6,2323.9,4,2324.2,14:30:00.800509175
6,2323.9,4,2324.2,14:30:00.800509175
6,2323.9,4,2324.2,14:30:00.800658647
6,2323.9,4,2324.2,14:30:00.800688004
6,2323.9,4,2324.2,14:30:00.801235695
6,2323.9,4,2324.3,14:30:00.837937626
6,2323.9,4,2324.3,14:30:00.837937626
1,2324.0,4,2324.3,14:30:00.838026907
1,2324.0,4,2324.3,14:30:00.838110212
1,2324.0,4,2324.3,14:30:00.838128020
1,2324.0,4,2324.3,14:30:00.838158760
2,2324.0,4,2324.3,14:30:00.838256519
3,2324.0,4,2324.3,14:30:00.838370832
3,2324.0,1,2324.2,14:30:00.838394268
3,2324.0,1,2324.2,14:30:00.838419649
4,2324.0,1,2324.2,14:30:00.838436343
5,2324.0,1,2324.2,14:30:00.838485909
5,2324.0,1,2324.2,14:30:00.838501798
4,2324.0,1,2324.2,14:30:00.838576813
3,2324.0,1,2324.2,14:30:00.838646015
3,2324.0,4,2324.3,14:30:00.839064209
3,2324.0,4,2324.3,14:30:00.839064209
3,2324.0,1,2324.2,14:30:00.839215405
2,2324.0,1,2324.2,14:30:00.839354951
2,2324.0,2,2324.2,14:30:00.839381156
1,2324.0,2,2324.2,14:30:00.839401812
2,2324.0,2,2324.2,14:30:00.840011908
2,2324.0,2,2324.2,14:30:01.013081852
3,2324.0,2,2324.2,14:30:01.048146620
3,2324.0,1,2324.2,14:30:01.048312550
3,2324.0,4,2324.3,14:30:01.051348112
3,2324.0,4,2324.3,14:30:01.051348112
3,2324.0,1,2324.2,14:30:01.083528242
3,2324.0,2,2324.2,14:30:01.083675542
2,2324.0,2,2324.2,14:30:01.083694896
2,2324.0,3,2324.2,14:30:01.083715932
3,2324.0,3,2324.2,14:30:01.278209689
3,2324.0,2,2324.2,14:30:01.278378508
3,2324.0,1,2324.2,14:30:01.278405901
3,2324.0,4,2324.3,14:30:01.278445213
3,2324.0,4,2324.3,14:30:01.278445213
3,2324.2,4,2324.3,14:30:01.278545557
3,2324.0,4,2324.3,14:30:01.279052531
3,2324.0,4,2324.3,14:30:01.279052531
3,2324.0,3,2324.3,14:30:01.279079232
3,2324.0,2,2324.3,14:30:01.279300683
3,2324.0,1,2324.3,14:30:01.279347776
4,2324.0,1,2324.3,14:30:01.279578426
4,2324.0,2,2324.3,14:30:01.279785740
4,2324.0,3,2324.3,14:30:01.279804914
1,2324.1,3,2324.3,14:30:01.279881571
1,2324.1,2,2324.3,14:30:01.280142233
2,2324.1,2,2324.3,14:30:01.280189091
3,2324.1,2,2324.3,14:30:01.280207358
3,2324.1,1,2324.3,14:30:01.280392309
3,2324.1,1,2324.3,14:30:01.287005376
1,2324.2,1,2324.3,14:30:01.289136088
1,2324.2,4,2324.4,14:30:01.289441198
1,2324.2,4,2324.4,14:30:01.289441198
1,2324.2,3,2324.4,14:30:01.289606408
2,2324.2,3,2324.4,14:30:01.289871565
1,2324.3,3,2324.4,14:30:01.289995715
1,2324.3,3,2324.4,14:30:01.290057675
1,2324.3,3,2324.4,14:30:01.290100466
3,2324.2,3,2324.4,14:30:01.290267012
3,2324.2,3,2324.4,14:30:01.290267012
4,2324.2,3,2324.4,14:30:01.290499066
4,2324.2,3,2324.4,14:30:01.290510897
4,2324.2,3,2324.4,14:30:01.290543025
4,2324.2,3,2324.4,14:30:01.290559355
4,2324.2,3,2324.4,14:30:01.290570687
5,2324.2,3,2324.4,14:30:01.290668042
5,2324.2,3,2324.4,14:30:01.291067148
4,2324.2,3,2324.4,14:30:01.291246592
4,2324.2,3,2324.4,14:30:01.291288175
4,2324.2,4,2324.5,14:30:01.291400150
4,2324.2,4,2324.5,14:30:01.291400150
4,2324.2,3,2324.5,14:30:01.291825710
4,2324.2,3,2324.5,14:30:01.291840002
4,2324.2,2,2324.5,14:30:01.291862642
4,2324.2,3,2324.5,14:30:01.292019331
4,2324.2,4,2324.5,14:30:01.292055347
4,2324.2,4,2324.5,14:30:01.293187280
4,2324.2,4,2324.5,14:30:01.293396227
1,2324.3,4,2324.5,14:30:01.297101055
1,2324.3,4,2324.5,14:30:01.297419784
1,2324.3,4,2324.5,14:30:01.297419784
1,2324.3,4,2324.5,14:30:01.297693543
1,2324.3,4,2324.5,14:30:01.297985332
1,2324.3,4,2324.5,14:30:01.297996481
1,2324.3,3,2324.5,14:30:01.300274873
2,2324.3,3,2324.5,14:30:01.318002164
3,2324.3,3,2324.5,14:30:01.318073273
3,2324.3,2,2324.5,14:30:01.318335544
2,2324.3,2,2324.5,14:30:01.318593322
2,2324.3,1,2324.5,14:30:01.318758167
2,2324.3,2,2324.5,14:30:01.322278488
1,2324.3,2,2324.5,14:30:01.345496159
4,2324.2,2,2324.5,14:30:01.345685046
4,2324.2,2,2324.5,14:30:01.345685046
4,2324.2,3,2324.5,14:30:01.345811705
4,2324.2,4,2324.5,14:30:01.345948287
4,2324.2,5,2324.5,14:30:01.348322683
3,2324.2,5,2324.5,14:30:01.350179153
3,2324.2,1,2324.4,14:30:01.365136900
3,2324.2,2,2324.4,14:30:01.365267518
3,2324.2,2,2324.4,14:30:01.365279573
3,2324.2,1,2324.4,14:30:01.365396724
3,2324.2,1,2324.4,14:30:01.365426433
3,2324.2,2,2324.4,14:30:01.365681750
3,2324.2,3,2324.4,14:30:01.380145328
2,2324.2,3,2324.4,14:30:01.380260572
1,2324.2,3,2324.4,14:30:01.380304928
3,2324.1,3,2324.4,14:30:01.410008155
3,2324.1,3,2324.4,14:30:01.410008155
3,2324.1,3,2324.4,14:30:01.418677014
1,2324.2,3,2324.4,14:30:01.427076588
1,2324.2,2,2324.4,14:30:01.427280832
2,2324.2,2,2324.4,14:30:01.428712080
3,2324.2,2,2324.4,14:30:01.429909478
3,2324.2,1,2324.4,14:30:01.430042312
3,2324.2,1,2324.4,14:30:01.430283206
3,2324.2,1,2324.4,14:30:01.430283206
3,2324.2,1,2324.4,14:30:01.440222754
3,2324.2,1,2324.4,14:30:01.440222754
3,2324.2,2,2324.4,14:30:01.487730100
3,2324.2,3,2324.4,14:30:01.487805688
3,2324.2,4,2324.4,14:30:01.487888864
3,2324.2,4,2324.4,14:30:01.487930072
2,2324.2,4,2324.4,14:30:01.488029747
2,2324.2,3,2324.4,14:30:01.488050077
2,2324.2,2,2324.4,14:30:01.488087729
1,2324.2,2,2324.4,14:30:01.488303349
1,2324.2,3,2324.4,14:30:01.488382023
2,2324.2,3,2324.4,14:30:01.507231040
3,2324.2,3,2324.4,14:30:01.507369737
3,2324.2,2,2324.4,14:30:01.507436666
2,2324.2,2,2324.4,14:30:01.507462437
2,2324.2,3,2324.4,14:30:01.527916104
1,2324.2,3,2324.4,14:30:01.528072136
2,2324.2,3,2324.4,14:30:01.605450390
2,2324.2,2,2324.4,14:30:01.605577287
2,2324.2,3,2324.4,14:30:01.787159991
1,2324.2,3,2324.4,14:30:01.787222526
3,2324.1,3,2324.4,14:30:01.787568828
3,2324.1,3,2324.4,14:30:01.787568828
3,2324.1,3,2324.4,14:30:01.788162232
2,2324.1,3,2324.4,14:30:01.788202943
2,2324.1,1,2324.3,14:30:01.788388668
1,2324.1,1,2324.3,14:30:01.788653242
1,2324.1,1,2324.3,14:30:01.788827702
1,2324.1,1,2324.3,14:30:01.788875836
1,2324.1,2,2324.3,14:30:01.788957743
1,2324.1,2,2324.3,14:30:01.789036870
1,2324.1,3,2324.3,14:30:01.789090788
6,2324.0,3,2324.3,14:30:01.789258219
6,2324.0,3,2324.3,14:30:01.789258219
6,2324.0,3,2324.3,14:30:01.789394711
6,2324.0,3,2324.3,14:30:01.792150069
6,2324.0,4,2324.3,14:30:01.792423307
6,2324.0,4,2324.3,14:30:01.797030760
1,2324.0,4,2324.3,14:30:01.920277563
1,2324.0,1,2324.2,14:30:01.920367744
1,2324.0,1,2324.2,14:30:01.920542429
1,2324.0,1,2324.2,14:30:01.920556177
1,2324.0,2,2324.2,14:30:01.920604917
1,2324.0,2,2324.2,14:30:01.920833044
1,2324.0,3,2324.2,14:30:01.920833044
1,2324.0,4,2324.2,14:30:01.920833044
1,2324.0,4,2324.2,14:30:01.920938521
1,2324.0,3,2324.2,14:30:01.920992819
1,2324.0,4,2324.2,14:30:01.921285804
2,2324.0,4,2324.2,14:30:02.026031886
2,2324.0,3,2324.2,14:30:02.026144294
2,2324.0,2,2324.2,14:30:02.026212705
2,2324.0,2,2324.2,14:30:02.040191676
3,2324.1,2,2324.2,14:30:02.041572249
3,2324.1,3,2324.3,14:30:02.041833376
3,2324.1,3,2324.3,14:30:02.041833376
3,2324.1,2,2324.3,14:30:02.041869508
3,2324.1,2,2324.3,14:30:02.041869508
1,2324.2,2,2324.3,14:30:02.042159837
1,2324.2,1,2324.3,14:30:02.042172116
2,2324.2,1,2324.3,14:30:02.042296953
1,2324.2,1,2324.3,14:30:02.042346343
1,2324.2,1,2324.3,14:30:02.042360257
1,2324.2,2,2324.4,14:30:02.042464512
1,2324.2,2,2324.4,14:30:02.042464512
1,2324.2,2,2324.4,14:30:02.042563247
3,2324.1,2,2324.4,14:30:02.042789757
3,2324.1,2,2324.4,14:30:02.042789757
3,2324.1,1,2324.3,14:30:02.042959987
3,2324.1,1,2324.3,14:30:02.043024293
3,2324.1,1,2324.3,14:30:02.043147752
4,2324.1,1,2324.3,14:30:02.043231772
4,2324.1,1,2324.3,14:30:02.043334575
4,2324.1,1,2324.2,14:30:02.043761354
4,2324.1,1,2324.3,14:30:02.043995896
4,2324.1,1,2324.3,14:30:02.043995896
3,2324.1,1,2324.3,14:30:02.044031017
4,2324.1,1,2324.3,14:30:02.044172946
4,2324.1,3,2324.4,14:30:02.044247917
4,2324.1,3,2324.4,14:30:02.044247917
4,2324.1,2,2324.4,14:30:02.044362480
5,2324.1,2,2324.4,14:30:02.044635573
5,2324.1,2,2324.4,14:30:02.053081721
1,2324.2,2,2324.4,14:30:02.080118727
2,2324.2,2,2324.4,14:30:02.080272091
1,2324.2,2,2324.4,14:30:02.080421437
1,2324.2,2,2324.4,14:30:02.087720596
1,2324.2,2,2324.4,14:30:02.099499976
4,2324.1,2,2324.4,14:30:02.099992854
4,2324.1,2,2324.4,14:30:02.099992854
4,2324.1,2,2324.4,14:30:02.289217116
4,2324.1,3,2324.4,14:30:02.325153224
4,2324.1,1,2324.3,14:30:02.381225606
4,2324.1,2,2324.3,14:30:02.381436200
4,2324.1,1,2324.3,14:30:02.534117269
5,2324.1,1,2324.3,14:30:02.534177439
5,2324.1,1,2324.3,14:30:02.534210116
5,2324.1,1,2324.3,14:30:02.534210116
5,2324.1,3,2324.4,14:30:02.534320117
5,2324.1,3,2324.4,14:30:02.534320117
4,2324.1,3,2324.4,14:30:02.536384502
5,2324.1,3,2324.4,14:30:02.537059587
5,2324.1,3,2324.4,14:30:02.537074263
5,2324.1,3,2324.4,14:30:02.537074263
5,2324.1,2,2324.4,14:30:02.537173717
5,2324.1,2,2324.4,14:30:02.537395879
5,2324.1,2,2324.4,14:30:02.537395879
5,2324.1,2,2324.4,14:30:02.539143322
5,2324.1,2,2324.4,14:30:02.539143322
5,2324.1,1,2324.3,14:30:02.539498391
4,2324.1,1,2324.3,14:30:02.539705007
4,2324.1,2,2324.4,14:30:02.543681145
4,2324.1,2,2324.4,14:30:02.543681145
5,2324.1,2,2324.4,14:30:02.545398005
1,2324.2,2,2324.4,14:30:02.545523582
2,2324.2,2,2324.4,14:30:02.545677080
2,2324.2,2,2324.4,14:30:02.546798453
2,2324.2,2,2324.4,14:30:02.546798453
2,2324.2,2,2324.4,14:30:02.547013481
2,2324.2,2,2324.4,14:30:02.547013481
2,2324.2,2,2324.4,14:30:02.548103974
2,2324.2,2,2324.4,14:30:02.548103974
3,2324.2,2,2324.4,14:30:02.623061806
3,2324.2,1,2324.4,14:30:02.623203451
3,2324.2,2,2324.4,14:30:02.644774860
2,2324.2,2,2324.4,14:30:02.644816428
2,2324.2,2,2324.3,14:30:02.733898376
5,2324.1,2,2324.3,14:30:02.734656533
5,2324.1,2,2324.3,14:30:02.734656533
4,2324.1,2,2324.3,14:30:02.734695264
4,2324.1,1,2324.2,14:30:02.734918061
3,2324.1,1,2324.2,14:30:02.734944977
3,2324.1,1,2324.2,14:30:02.734975086
3,2324.1,1,2324.2,14:30:02.735021939
3,2324.1,1,2324.2,14:30:02.735041645
3,2324.1,2,2324.2,14:30:02.735361210
3,2324.1,3,2324.2,14:30:02.735377185
2,2324.1,3,2324.2,14:30:02.735449931
2,2324.1,3,2324.2,14:30:02.735472995
2,2324.1,2,2324.2,14:30:02.735484277
2,2324.1,1,2324.2,14:30:02.735484277
2,2324.1,1,2324.2,14:30:02.735733211
2,2324.1,5,2324.3,14:30:02.735856791
2,2324.1,5,2324.3,14:30:02.735856791
2,2324.1,4,2324.3,14:30:02.735944940
2,2324.0,4,2324.3,14:30:02.736087483
2,2324.0,4,2324.3,14:30:02.736087483
1,2324.0,4,2324.3,14:30:02.736205926
1,2324.0,1,2324.2,14:30:02.736253517
1,2324.0,2,2324.2,14:30:02.736280655
1,2324.0,1,2324.2,14:30:02.736611241
1,2324.0,1,2324.2,14:30:02.736616371
1,2324.1,1,2324.2,14:30:02.736624928
1,2324.1,1,2324.2,14:30:02.736650291
1,2324.1,1,2324.2,14:30:02.736946096
1,2324.1,3,2324.3,14:30:02.737042850
1,2324.1,3,2324.3,14:30:02.737042850
1,2324.1,3,2324.3,14:30:02.737106035
1,2324.1,3,2324.3,14:30:02.737119568
1,2324.1,3,2324.3,14:30:02.737142903
1,2324.1,2,2324.3,14:30:02.737164414
1,2324.1,2,2324.3,14:30:02.737179253
1,2324.2,2,2324.3,14:30:02.737207199
1,2324.1,2,2324.3,14:30:02.737243372
1,2324.1,2,2324.3,14:30:02.737243372
1,2324.1,2,2324.3,14:30:02.737421306
2,2324.1,2,2324.3,14:30:02.737536703
3,2324.1,2,2324.3,14:30:02.737624810
3,2324.1,2,2324.4,14:30:02.763098163
3,2324.1,1,2324.4,14:30:02.763098163
3,2324.1,1,2324.4,14:30:02.763098163
1,2324.2,1,2324.4,14:30:02.763226559
1,2324.2,1,2324.4,14:30:02.763471585
1,2324.2,3,2324.5,14:30:02.763582416
1,2324.2,3,2324.5,14:30:02.763582416
2,2324.2,3,2324.5,14:30:02.763621348
2,2324.2,1,2324.4,14:30:02.763641950
3,2324.2,1,2324.4,14:30:02.763770423
3,2324.2,2,2324.4,14:30:02.763943505
3,2324.2,2,2324.4,14:30:02.763986095
3,2324.2,2,2324.4,14:30:02.764000260
3,2324.2,2,2324.4,14:30:02.764016085
4,2324.2,2,2324.4,14:30:02.764042345
4,2324.2,2,2324.4,14:30:02.764085072
4,2324.2,3,2324.4,14:30:02.764107066
3,2324.2,3,2324.4,14:30:02.764127987
2,2324.2,3,2324.4,14:30:02.764214332
1,2324.2,3,2324.4,14:30:02.764383175
4,2324.1,3,2324.4,14:30:02.764780613
4,2324.1,3,2324.4,14:30:02.764780613
3,2324.1,3,2324.4,14:30:02.764908891
1,2324.1,3,2324.4,14:30:02.798948230
1,2324.1,1,2324.3,14:30:02.799059029
1,2324.1,2,2324.3,14:30:02.799194632
1,2324.1,2,2324.3,14:30:02.799201544
1,2324.1,3,2324.3,14:30:02.799331768
6,2324.0,3,2324.3,14:30:02.799375750
6,2324.0,3,2324.3,14:30:02.799375750
6,2324.0,3,2324.3,14:30:02.799443739
6,2324.0,4,2324.3,14:30:02.799481602
5,2324.0,4,2324.3,14:30:02.799530133
5,2324.0,3,2324.3,14:30:02.799690758
4,2324.0,3,2324.3,14:30:02.799758484
3,2324.0,3,2324.3,14:30:02.799813150
1,2324.1,3,2324.3,14:30:02.940648185
2,2324.1,3,2324.3,14:30:02.940968083
2,2324.1,2,2324.3,14:30:02.941498385
2,2324.1,1,2324.3,14:30:02.941528728
3,2324.1,1,2324.3,14:30:02.941547682
4,2324.1,1,2324.3,14:30:02.941658459
3,2324.1,1,2324.3,14:30:02.941722591
3,2324.1,5,2324.4,14:30:02.941852283
3,2324.1,5,2324.4,14:30:02.941852283
3,2324.1,5,2324.4,14:30:02.941974132
3,2324.1,4,2324.4,14:30:02.942539557
3,2324.1,3,2324.4,14:30:02.943415988
3,2324.1,2,2324.4,14:30:02.943436770
1,2324.2,2,2324.4,14:30:02.943482972
1,2324.2,3,2324.4,14:30:02.943581185
3,2324.1,3,2324.4,14:30:02.943836781
3,2324.1,3,2324.4,14:30:02.943836781
3,2324.1,1,2324.3,14:30:02.943965682
2,2324.1,1,2324.3,14:30:02.944021908
2,2324.1,1,2324.3,14:30:02.944055973
1,2324.1,1,2324.3,14:30:02.944088431
1,2324.1,2,2324.3,14:30:02.944162409
1,2324.1,3,2324.3,14:30:02.944178399
1,2324.1,4,2324.3,14:30:02.944231086
1,2324.1,3,2324.3,14:30:02.944307690
1,2324.1,2,2324.3,14:30:02.944395292
2,2324.1,2,2324.3,14:30:02.944440741
2,2324.1,2,2324.3,14:30:02.944493549
2,2324.1,3,2324.3,14:30:02.946058045
1,2324.1,3,2324.3,14:30:02.948973531
2,2324.1,3,2324.3,14:30:02.954365927
2,2324.1,2,2324.3,14:30:02.954480045
3,2324.1,2,2324.3,14:30:02.957386043
3,2324.1,1,2324.3,14:30:02.957418514
3,2324.1,2,2324.3,14:30:02.967699871
2,2324.1,2,2324.3,14:30:02.967806263
2,2324.1,3,2324.3,14:30:02.967825767
2,2324.1,2,2324.3,14:30:02.967887490
2,2324.1,3,2324.3,14:30:02.967925673
1,2324.1,3,2324.3,14:30:03.034918401
2,2324.1,3,2324.3,14:30:03.105179866
2,2324.1,2,2324.3,14:30:03.105276163
2,2324.1,1,2324.3,14:30:03.105302516
3,2324.1,1,2324.3,14:30:03.105450955
3,2324.1,2,2324.3,14:30:03.124332667
2,2324.1,2,2324.3,14:30:03.124459588
2,2324.1,3,2324.3,14:30:03.124702609
1,2324.1,3,2324.3,14:30:03.127901513
1,2324.1,4,2324.3,14:30:03.128005466
1,2324.1,3,2324.3,14:30:03.128498578
2,2324.1,3,2324.3,14:30:03.270356052
3,2324.0,3,2324.3,14:30:03.387010672
5,2323.9,3,2324.3,14:30:03.387010672
4,2323.8,3,2324.3,14:30:03.387010672
2,2323.8,3,2324.3,14:30:03.387010672
2,2323.8,3,2324.3,14:30:03.387010672
2,2323.8,3,2324.3,14:30:03.387010672
2,2323.8,3,2324.3,14:30:03.387010672
2,2323.8,1,2324.2,14:30:03.387178474
2,2323.8,1,2324.2,14:30:03.387304384
2,2323.8,2,2324.2,14:30:03.387332541
2,2323.8,2,2324.2,14:30:03.387342484
2,2323.8,2,2324.2,14:30:03.387506100
2,2323.8,2,2324.2,14:30:03.387539473
2,2323.8,3,2324.2,14:30:03.387563176
2,2323.8,4,2324.2,14:30:03.387998686
2,2323.8,4,2324.2,14:30:03.388039262
2,2323.8,4,2324.2,14:30:03.388062168
2,2323.8,5,2324.2,14:30:03.388165284
1,2323.8,5,2324.2,14:30:03.388271827
1,2323.8,5,2324.2,14:30:03.388288163
1,2323.8,7,2324.2,14:30:03.388304980
2,2323.8,7,2324.2,14:30:03.388385904
1,2323.9,7,2324.2,14:30:03.388407081
2,2323.9,7,2324.2,14:30:03.388431817
2,2323.9,7,2324.2,14:30:03.388486484
2,2323.9,8,2324.2,14:30:03.388563116
2,2323.9,9,2324.2,14:30:03.388578125
2,2323.9,9,2324.2,14:30:03.388615361
2,2323.9,9,2324.2,14:30:03.388772603
2,2323.9,1,2324.1,14:30:03.388898246
2,2323.9,1,2324.1,14:30:03.388936148
2,2323.9,2,2324.1,14:30:03.388967035
1,2323.9,2,2324.1,14:30:03.389005615
1,2323.9,2,2324.1,14:30:03.389032825
4,2323.8,2,2324.1,14:30:03.389072327
4,2323.8,2,2324.1,14:30:03.389072327
4,2323.8,2,2324.1,14:30:03.389107377
5,2323.8,2,2324.1,14:30:03.389144377
4,2323.8,2,2324.1,14:30:03.389222514
5,2323.8,2,2324.1,14:30:03.389240766
1,2323.9,2,2324.1,14:30:03.389330159
1,2323.9,2,2324.1,14:30:03.389379949
1,2323.9,3,2324.1,14:30:03.389538986
4,2323.8,3,2324.1,14:30:03.389563114
4,2323.8,3,2324.1,14:30:03.389563114
4,2323.8,3,2324.1,14:30:03.389586225
3,2323.8,3,2324.1,14:30:03.389653276
1,2323.9,3,2324.1,14:30:03.389690412
2,2323.9,3,2324.1,14:30:03.389772254
1,2323.9,3,2324.1,14:30:03.389809289
1,2323.9,3,2324.1,14:30:03.392331221
1,2323.9,3,2324.1,14:30:03.392331221
1,2323.9,3,2324.1,14:30:03.395232144
1,2323.9,3,2324.1,14:30:03.395245865
1,2323.9,3,2324.1,14:30:03.395261095
1,2323.9,3,2324.1,14:30:03.395261095
1,2323.9,3,2324.1,14:30:03.395432299
1,2323.9,3,2324.1,14:30:03.395432299
1,2323.9,3,2324.1,14:30:03.395444071
1,2323.9,4,2324.1,14:30:03.395560022
1,2323.9,4,2324.1,14:30:03.395673113
3,2323.8,4,2324.1,14:30:03.395696598
3,2323.8,4,2324.1,14:30:03.395696598
2,2323.8,4,2324.1,14:30:03.404312567
2,2323.8,1,2324.0,14:30:03.404556811
2,2323.8,1,2324.0,14:30:03.404694242
2,2323.8,2,2324.0,14:30:03.405971481
2,2323.8,1,2324.0,14:30:03.449647289
2,2323.8,4,2324.1,14:30:03.449800041
2,2323.8,4,2324.1,14:30:03.449800041
3,2323.8,4,2324.1,14:30:03.449895254
2,2323.8,4,2324.1,14:30:03.450006560
2,2323.8,4,2324.1,14:30:03.534170644
7,2323.8,4,2324.1,14:30:03.591330382
7,2323.8,3,2324.1,14:30:03.591494484
7,2323.8,2,2324.1,14:30:03.591577088
1,2323.9,2,2324.1,14:30:03.591600777
1,2323.9,1,2324.1,14:30:03.591636721
1,2323.9,8,2324.2,14:30:03.591680814
1,2323.9,8,2324.2,14:30:03.591680814
2,2323.9,8,2324.2,14:30:03.591815139
3,2323.9,8,2324.2,14:30:03.591842356
4,2323.9,8,2324.2,14:30:03.591897762
4,2323.9,8,2324.2,14:30:03.591964062
4,2323.9,8,2324.2,14:30:03.600184458
4,2323.9,8,2324.2,14:30:03.600197229
4,2323.9,7,2324.2,14:30:03.605172092
4,2323.9,6,2324.2,14:30:03.605288385
4,2323.9,7,2324.2,14:30:03.608660353
4,2323.9,1,2324.1,14:30:03.628288570
3,2323.9,1,2324.1,14:30:03.628331317
2,2323.9,1,2324.1,14:30:03.628445871
2,2323.9,1,2324.1,14:30:03.628538207
1,2323.9,1,2324.1,14:30:03.628575779
1,2323.9,2,2324.1,14:30:03.628786865
7,2323.8,2,2324.1,14:30:03.656946786
7,2323.8,2,2324.1,14:30:03.656946786
7,2323.8,3,2324.1,14:30:03.656978390
7,2323.8,3,2324.1,14:30:03.665501362
7,2323.8,3,2324.1,14:30:03.665501362
7,2323.8,3,2324.1,14:30:03.665514089
7,2323.8,3,2324.1,14:30:03.665530649
7,2323.8,3,2324.1,14:30:03.673099450
7,2323.8,3,2324.1,14:30:03.676460818
7,2323.8,6,2324.2,14:30:03.811834146
7,2323.8,4,2324.2,14:30:03.811834146
7,2323.8,4,2324.2,14:30:03.811834146
1,2323.9,4,2324.2,14:30:03.811922448
1,2323.9,4,2324.2,14:30:03.812139562
1,2323.9,4,2324.2,14:30:03.812148196
1,2323.9,4,2324.2,14:30:03.812148196
2,2323.9,4,2324.2,14:30:03.812339330
3,2323.9,4,2324.2,14:30:03.812460840
4,2323.9,4,2324.2,14:30:03.812525234
5,2323.9,4,2324.2,14:30:03.812575124
6,2323.9,4,2324.2,14:30:03.812606414
5,2323.9,4,2324.2,14:30:03.812974277
5,2323.9,2,2324.2,14:30:03.812999016
5,2323.9,3,2324.2,14:30:03.813118456
5,2323.9,4,2324.2,14:30:03.813138008
4,2323.9,4,2324.2,14:30:03.813875703
4,2323.9,4,2324.2,14:30:03.843096814
3,2323.9,4,2324.2,14:30:03.855161358
3,2323.9,1,2324.1,14:30:03.855230242
3,2323.9,1,2324.1,14:30:03.855261990
3,2323.9,2,2324.1,14:30:03.855380812
3,2323.9,3,2324.1,14:30:03.855473582
2,2323.9,3,2324.1,14:30:03.855496491
1,2323.9,3,2324.1,14:30:03.855616227
1,2323.9,5,2324.2,14:30:03.910488211
1,2323.9,4,2324.2,14:30:03.910488211
1,2323.9,4,2324.2,14:30:03.910488211
2,2323.9,4,2324.2,14:30:03.910814301
2,2323.9,3,2324.2,14:30:03.910827827
2,2323.9,3,2324.2,14:30:03.910836320
3,2323.9,3,2324.2,14:30:03.910871012
4,2323.9,3,2324.2,14:30:03.910901963
4,2323.9,2,2324.2,14:30:03.911274172
5,2323.9,2,2324.2,14:30:03.911360901
6,2323.9,2,2324.2,14:30:03.913058650
1,2324.0,2,2324.2,14:30:03.913193596
2,2324.0,2,2324.2,14:30:03.916702090
2,2324.0,3,2324.2,14:30:04.034037929
1,2324.0,3,2324.2,14:30:04.034176857
6,2323.9,3,2324.2,14:30:04.034236651
6,2323.9,3,2324.2,14:30:04.034236651
5,2323.9,3,2324.2,14:30:04.034289186
4,2323.9,3,2324.2,14:30:04.034339734
3,2323.9,3,2324.2,14:30:04.034411784
3,2323.9,3,2324.2,14:30:04.093105514
3,2323.9,3,2324.2,14:30:04.128572936
3,2323.9,3,2324.2,14:30:04.162731550
1,2324.0,3,2324.2,14:30:04.174128753
1,2324.0,2,2324.2,14:30:04.174156386
1,2324.0,2,2324.2,14:30:04.174326719
1,2324.0,3,2324.2,14:30:04.177532397
3,2323.9,3,2324.2,14:30:04.177963205
3,2323.9,3,2324.2,14:30:04.177963205
3,2323.9,1,2324.1,14:30:04.283838222
3,2323.9,1,2324.1,14:30:04.284019763
3,2323.9,1,2324.1,14:30:04.284142961
3,2323.9,2,2324.1,14:30:04.284260635
2,2323.9,2,2324.1,14:30:04.284376377
2,2323.9,2,2324.1,14:30:04.284811273
1,2323.9,2,2324.1,14:30:04.284839139
1,2323.9,3,2324.1,14:30:04.292011985
9,2323.8,3,2324.1,14:30:04.292232779
9,2323.8,3,2324.1,14:30:04.292232779
9,2323.8,1,2324.0,14:30:04.295842039
9,2323.8,1,2324.0,14:30:04.295987898
9,2323.8,2,2324.0,14:30:04.296031602
9,2323.8,3,2324.1,14:30:04.296284848
9,2323.8,3,2324.1,14:30:04.296284848
1,2324.0,3,2324.1,14:30:04.296304253
1,2324.0,3,2324.1,14:30:04.296383698
1,2324.0,2,2324.1,14:30:04.296408755
1,2324.0,1,2324.1,14:30:04.296479156
1,2324.0,1,2324.1,14:30:04.296585184
1,2323.9,1,2324.1,14:30:04.296620909
1,2323.9,1,2324.1,14:30:04.296620909
1,2323.9,2,2324.1,14:30:04.296833605
9,2323.8,2,2324.1,14:30:04.297765208
9,2323.8,2,2324.1,14:30:04.297765208
9,2323.8,3,2324.1,14:30:04.297791547
9,2323.8,3,2324.1,14:30:04.300705017
9,2323.8,3,2324.1,14:30:04.300719949
9,2323.8,3,2324.1,14:30:04.300719949
9,2323.8,3,2324.1,14:30:04.300782219
9,2323.8,3,2324.1,14:30:04.333095430
9,2323.8,3,2324.1,14:30:04.333095430
9,2323.8,3,2324.1,14:30:04.358791455
9,2323.8,2,2324.1,14:30:04.379308563
1,2323.9,2,2324.1,14:30:04.379350948
2,2323.9,2,2324.1,14:30:04.379468020
3,2323.9,2,2324.1,14:30:04.379533966
3,2323.9,1,2324.1,14:30:04.379592492
2,2323.9,1,2324.1,14:30:04.379668798
2,2323.9,5,2324.2,14:30:04.379707096
2,2323.9,5,2324.2,14:30:04.379707096
2,2323.9,1,2324.1,14:30:04.387468673
2,2323.9,2,2324.1,14:30:04.387586970
2,2323.9,3,2324.1,14:30:04.387672002
2,2323.9,2,2324.1,14:30:04.387694617
2,2323.9,2,2324.1,14:30:04.388101019
3,2323.9,2,2324.1,14:30:04.391399207
3,2323.9,1,2324.1,14:30:04.391552109
3,2323.9,5,2324.2,14:30:04.445674787
3,2323.9,5,2324.2,14:30:04.445674787
3,2323.9,5,2324.2,14:30:04.445800073
3,2323.9,5,2324.2,14:30:04.473105334
3,2323.9,1,2324.1,14:30:04.549005575
3,2323.9,2,2324.1,14:30:04.549079057
3,2323.9,2,2324.1,14:30:04.549155984
3,2323.9,3,2324.1,14:30:04.549177342
2,2323.9,3,2324.1,14:30:04.549252486
1,2323.9,3,2324.1,14:30:04.549275814
1,2323.9,2,2324.1,14:30:04.549347275
9,2323.8,2,2324.1,14:30:04.549409855
9,2323.8,2,2324.1,14:30:04.549409855
9,2323.8,3,2324.1,14:30:04.560731972
9,2323.8,2,2324.1,14:30:04.610799781
1,2323.9,2,2324.1,14:30:04.611041008
2,2323.9,2,2324.1,14:30:04.611159139
2,2323.9,1,2324.1,14:30:04.611218048
3,2323.9,1,2324.1,14:30:04.611251700
2,2323.9,1,2324.1,14:30:04.611301593
3,2323.9,1,2324.1,14:30:04.611326937
3,2323.9,5,2324.2,14:30:04.640931336
3,2323.9,5,2324.2,14:30:04.640931336
3,2323.9,4,2324.2,14:30:04.640958142
3,2323.9,3,2324.2,14:30:04.649444272
1,2324.0,3,2324.2,14:30:04.649490679
2,2324.0,3,2324.2,14:30:04.649581420
2,2324.0,3,2324.2,14:30:04.649635239
2,2324.0,3,2324.2,14:30:04.649666174
2,2324.0,2,2324.2,14:30:04.649706575
2,2324.0,1,2324.2,14:30:04.649735043
2,2324.0,1,2324.2,14:30:04.668569013
2,2324.0,2,2324.2,14:30:04.668694081
2,2324.0,3,2324.2,14:30:04.941835426
1,2324.0,3,2324.2,14:30:04.941869260
3,2323.9,3,2324.2,14:30:04.941958328
3,2323.9,3,2324.2,14:30:04.941958328
3,2323.9,3,2324.2,14:30:04.942130450
1,2324.0,3,2324.2,14:30:05.086008170
1,2324.0,3,2324.2,14:30:05.086135443
1,2324.0,2,2324.2,14:30:05.086192740
1,2324.0,2,2324.2,14:30:05.086205115
2,2324.0,2,2324.2,14:30:05.102806627
1,2324.0,2,2324.2,14:30:05.274402670
1,2324.0,3,2324.2,14:30:05.274546759
1,2324.0,4,2324.2,14:30:05.274566910
1,2324.0,4,2324.2,14:30:05.274580814
3,2323.9,4,2324.2,14:30:05.274625529
3,2323.9,4,2324.2,14:30:05.274625529
3,2323.9,1,2324.1,14:30:05.274690832
3,2323.9,1,2324.1,14:30:05.274761215
3,2323.9,2,2324.1,14:30:05.274831235
3,2323.9,2,2324.1,14:30:05.274926856
3,2323.9,2,2324.1,14:30:05.283449687
3,2323.9,1,2324.1,14:30:05.316939617
1,2324.0,1,2324.1,14:30:05.317061603
1,2324.0,1,2324.1,14:30:05.317096442
1,2324.0,1,2324.1,14:30:05.317219917
1,2324.0,1,2324.1,14:30:05.317234494
3,2323.9,1,2324.1,14:30:05.338478711
3,2323.9,1,2324.1,14:30:05.338478711
3,2323.9,2,2324.1,14:30:05.372855103
3,2323.9,3,2324.1,14:30:05.380594584
2,2323.9,3,2324.1,14:30:05.380740753
1,2323.9,3,2324.1,14:30:05.380865856
1,2323.9,1,2324.0,14:30:05.380996134
9,2323.8,1,2324.0,14:30:05.381139600
9,2323.8,1,2324.0,14:30:05.381139600
9,2323.8,1,2324.0,14:30:05.381191348
9,2323.8,1,2324.0,14:30:05.389700217
9,2323.8,1,2324.0,14:30:05.392211174
9,2323.8,1,2324.0,14:30:05.392211174
9,2323.8,3,2324.0,14:30:05.489734160
8,2323.8,3,2324.0,14:30:05.490070196
8,2323.8,4,2324.0,14:30:05.490162283
7,2323.8,4,2324.0,14:30:05.576410054
7,2323.8,5,2324.0,14:30:05.576542552
7,2323.8,1,2323.9,14:30:05.658421137
7,2323.8,1,2323.9,14:30:05.660628787
7,2323.8,1,2323.9,14:30:05.661125313
7,2323.8,1,2323.9,14:30:05.661326287
7,2323.8,1,2323.9,14:30:05.661517667
7,2323.8,2,2323.9,14:30:05.661568507
7,2323.8,2,2323.9,14:30:05.661578382
7,2323.8,2,2323.9,14:30:05.661610094
7,2323.8,2,2323.9,14:30:05.661623675
7,2323.8,3,2323.9,14:30:05.661646232
2,2323.8,3,2323.9,14:30:05.661700783
2,2323.8,3,2323.9,14:30:05.661710791
2,2323.8,2,2323.9,14:30:05.662238523
1,2323.8,2,2323.9,14:30:05.662280171
3,2323.7,2,2323.9,14:30:05.662328762
3,2323.7,2,2323.9,14:30:05.662328762
3,2323.7,2,2323.9,14:30:05.662395147
2,2323.7,2,2323.9,14:30:05.662503681
2,2323.7,3,2323.9,14:30:05.662572949
2,2323.7,3,2323.9,14:30:05.662719796
2,2323.7,3,2323.9,14:30:05.662756159
2,2323.7,3,2323.9,14:30:05.663061945
3,2323.6,3,2323.9,14:30:05.663177790
3,2323.6,3,2323.9,14:30:05.663177790
3,2323.6,4,2323.9,14:30:05.663275117
1,2323.7,4,2323.9,14:30:05.663299802
1,2323.7,1,2323.8,14:30:05.663352955
1,2323.7,4,2323.9,14:30:05.663464500
1,2323.7,4,2323.9,14:30:05.663464500
1,2323.7,4,2323.9,14:30:05.663589827
2,2323.7,4,2323.9,14:30:05.663634792
2,2323.7,4,2323.9,14:30:05.663713989
2,2323.7,4,2323.9,14:30:05.663982555
2,2323.7,4,2323.9,14:30:05.664024687
2,2323.7,4,2323.9,14:30:05.669895023
2,2323.7,4,2323.9,14:30:05.669908998
2,2323.7,3,2323.9,14:30:05.679255020
2,2323.7,3,2323.9,14:30:05.679404571
2,2323.7,3,2323.9,14:30:05.679418703
2,2323.7,2,2323.9,14:30:05.679513082
2,2323.7,1,2323.9,14:30:05.679648036
3,2323.7,1,2323.9,14:30:05.767298775
3,2323.7,5,2324.0,14:30:05.767455469
3,2323.7,5,2324.0,14:30:05.767455469
3,2323.7,5,2324.0,14:30:05.767486967
1,2323.8,5,2324.0,14:30:05.767638989
1,2323.8,4,2324.0,14:30:05.767822934
1,2323.8,4,2324.0,14:30:05.775180742
1,2323.8,4,2324.0,14:30:05.840987274
1,2323.8,4,2324.0,14:30:05.840997031
1,2323.8,4,2324.0,14:30:05.868407820
1,2323.8,5,2324.0,14:30:06.073196703
1,2323.8,1,2323.9,14:30:06.073366440
3,2323.7,1,2323.9,14:30:06.073419248
3,2323.7,1,2323.9,14:30:06.073419248
3,2323.7,1,2323.9,14:30:06.073444987
2,2323.7,1,2323.9,14:30:06.073549136
2,2323.7,1,2323.9,14:30:06.073721190
2,2323.7,2,2323.9,14:30:06.074385646
2,2323.7,2,2323.9,14:30:06.081893560
2,2323.7,3,2323.9,14:30:06.134840608
2,2323.7,3,2323.9,14:30:06.334143050
3,2323.6,3,2323.9,14:30:06.393490785
2,2323.6,3,2323.9,14:30:06.393490785
2,2323.6,3,2323.9,14:30:06.393490785
2,2323.6,4,2323.9,14:30:06.393571615
2,2323.6,5,2323.9,14:30:06.393648816
2,2323.6,5,2323.9,14:30:06.393702542
2,2323.6,5,2323.9,14:30:06.393784854
2,2323.6,6,2323.9,14:30:06.393801636
2,2323.6,6,2323.9,14:30:06.393816426
2,2323.6,1,2323.8,14:30:06.393842321
2,2323.6,2,2323.8,14:30:06.393908735
1,2323.6,2,2323.8,14:30:06.394000862
1,2323.6,2,2323.8,14:30:06.394144151
1,2323.6,2,2323.8,14:30:06.394179415
1,2323.6,3,2323.8,14:30:06.394203295
1,2323.6,3,2323.8,14:30:06.394217468
1,2323.6,3,2323.8,14:30:06.394285802
1,2323.6,3,2323.8,14:30:06.394351784
1,2323.6,4,2323.8,14:30:06.394373301
1,2323.6,5,2323.8,14:30:06.394391605
1,2323.6,5,2323.8,14:30:06.394450973
1,2323.6,6,2323.8,14:30:06.394561328
1,2323.4,6,2323.8,14:30:06.394626414
1,2323.4,6,2323.8,14:30:06.394626414
2,2323.4,6,2323.8,14:30:06.394815678
1,2323.6,6,2323.8,14:30:06.394848075
1,2323.6,5,2323.8,14:30:06.394873119
1,2323.6,5,2323.8,14:30:06.394882973
1,2323.6,4,2323.8,14:30:06.394992568
1,2323.6,4,2323.8,14:30:06.395022252
1,2323.6,4,2323.8,14:30:06.395036089
1,2323.6,4,2323.8,14:30:06.395050736
1,2323.6,4,2323.8,14:30:06.395050736
1,2323.6,4,2323.8,14:30:06.395085572
1,2323.6,4,2323.8,14:30:06.395136040
1,2323.6,4,2323.8,14:30:06.395152210
1,2323.6,2,2323.7,14:30:06.395220614
1,2323.6,2,2323.7,14:30:06.395243363
1,2323.6,2,2323.7,14:30:06.395265012
1,2323.6,2,2323.7,14:30:06.395282798
1,2323.6,2,2323.7,14:30:06.395496143
1,2323.6,2,2323.7,14:30:06.395520796
1,2323.6,2,2323.7,14:30:06.395744446
1,2323.6,2,2323.7,14:30:06.395780136
1,2323.6,2,2323.7,14:30:06.395813468
1,2323.6,2,2323.7,14:30:06.395827466
2,2323.5,2,2323.7,14:30:06.395947877
2,2323.5,2,2323.7,14:30:06.395947877
2,2323.5,4,2323.8,14:30:06.396077713
2,2323.5,4,2323.8,14:30:06.396077713
1,2323.5,4,2323.8,14:30:06.396206285
2,2323.5,4,2323.8,14:30:06.396236526
2,2323.5,5,2323.8,14:30:06.396302386
2,2323.5,4,2323.8,14:30:06.400159103
2,2323.5,1,2323.7,14:30:06.400400942
2,2323.5,2,2323.7,14:30:06.400523928
2,2323.5,3,2323.7,14:30:06.401810734
1,2323.5,3,2323.7,14:30:06.401928164
1,2323.5,1,2323.6,14:30:06.402057405
1,2323.5,1,2323.6,14:30:06.402176130
1,2323.5,1,2323.6,14:30:06.402209094
1,2323.5,1,2323.6,14:30:06.402235764
1,2323.5,1,2323.6,14:30:06.402282155
1,2323.5,1,2323.6,14:30:06.402515382
1,2323.5,1,2323.6,14:30:06.403015802
1,2323.5,1,2323.6,14:30:06.403241595
1,2323.5,1,2323.6,14:30:06.403415535
1,2323.5,2,2323.6,14:30:06.403648506
1,2323.5,2,2323.6,14:30:06.403786413
4,2323.4,2,2323.6,14:30:06.403946073
4,2323.4,2,2323.6,14:30:06.403946073
4,2323.4,2,2323.6,14:30:06.404273504
4,2323.4,2,2323.6,14:30:06.405392426
4,2323.4,2,2323.6,14:30:06.409650979
4,2323.4,2,2323.6,14:30:06.409650979
4,2323.4,2,2323.6,14:30:06.412178963
4,2323.4,2,2323.6,14:30:06.420619578
1,2323.5,2,2323.6,14:30:06.504758288
1,2323.5,1,2323.6,14:30:06.504884304
1,2323.5,2,2323.7,14:30:06.505041440
1,2323.5,2,2323.7,14:30:06.505041440
3,2323.5,2,2323.7,14:30:06.505060343
3,2323.5,2,2323.7,14:30:06.505077185
3,2323.5,2,2323.7,14:30:06.505087831
3,2323.5,2,2323.7,14:30:06.505087831
2,2323.5,2,2323.7,14:30:06.505256421
3,2323.5,2,2323.7,14:30:06.505275733
1,2323.6,2,2323.7,14:30:06.505325065
1,2323.6,2,2323.7,14:30:06.505376855
1,2323.6,2,2323.7,14:30:06.505464332
1,2323.6,1,2323.7,14:30:06.505495853
1,2323.6,1,2323.7,14:30:06.505513901
1,2323.6,1,2323.7,14:30:06.505530039
6,2323.5,1,2323.7,14:30:06.505693687
6,2323.5,1,2323.7,14:30:06.505693687
5,2323.5,1,2323.7,14:30:06.505730484
4,2323.5,1,2323.7,14:30:06.505797024
5,2323.5,1,2323.7,14:30:06.505815465
5,2323.5,2,2323.7,14:30:06.505842836
5,2323.5,2,2323.7,14:30:06.505888395
4,2323.5,2,2323.7,14:30:06.505907736
3,2323.5,2,2323.7,14:30:06.505966684
3,2323.5,1,2323.7,14:30:06.506080300
3,2323.5,1,2323.7,14:30:06.506099986
3,2323.5,2,2323.7,14:30:06.506429817
3,2323.5,2,2323.7,14:30:06.522160169
3,2323.5,2,2323.7,14:30:06.522175568
3,2323.5,1,2323.7,14:30:06.537347234
4,2323.5,1,2323.7,14:30:06.537382547
1,2323.6,1,2323.7,14:30:06.537529221
4,2323.5,1,2323.7,14:30:06.683713248
4,2323.5,1,2323.7,14:30:06.683713248
3,2323.5,1,2323.7,14:30:06.683922859
3,2323.5,2,2323.7,14:30:06.684791686
3,2323.5,3,2323.7,14:30:06.685000749
1,2323.6,3,2323.7,14:30:06.692424281
1,2323.6,2,2323.7,14:30:06.692571250
3,2323.5,2,2323.7,14:30:06.692890902
3,2323.5,2,2323.7,14:30:06.692890902
3,2323.5,3,2323.7,14:30:06.693367936
3,2323.5,2,2323.7,14:30:06.744886271
2,2323.5,2,2323.7,14:30:06.827065830
2,2323.5,3,2323.7,14:30:06.827084239
2,2323.5,4,2323.7,14:30:06.827124704
2,2323.5,5,2323.7,14:30:06.827183591
2,2323.5,1,2323.6,14:30:06.827375394
2,2323.5,5,2323.7,14:30:06.827551910
2,2323.5,5,2323.7,14:30:06.827551910
1,2323.5,5,2323.7,14:30:06.975003600
1,2323.5,1,2323.6,14:30:06.975101704
1,2323.5,2,2323.6,14:30:06.975175146
4,2323.4,2,2323.6,14:30:06.975715163
4,2323.4,2,2323.6,14:30:06.975715163
4,2323.4,1,2323.6,14:30:06.975733804
3,2323.4,1,2323.6,14:30:06.975979630
3,2323.4,1,2323.6,14:30:06.975988958
3,2323.4,1,2323.6,14:30:06.975988958
3,2323.4,2,2323.6,14:30:06.975995249
2,2323.4,2,2323.6,14:30:06.976105658
2,2323.4,2,2323.6,14:30:06.976142942
3,2323.4,2,2323.6,14:30:07.008238981
3,2323.4,1,2323.6,14:30:07.052238588
1,2323.5,1,2323.6,14:30:07.052363275
1,2323.5,5,2323.7,14:30:07.052520604
1,2323.5,5,2323.7,14:30:07.052520604
1,2323.5,4,2323.7,14:30:07.052567075
3,2323.4,4,2323.7,14:30:07.052619639
3,2323.4,4,2323.7,14:30:07.052619639
3,2323.4,5,2323.7,14:30:07.052838680
3,2323.4,1,2323.6,14:30:07.052975883
3,2323.4,2,2323.6,14:30:07.053106909
3,2323.4,3,2323.6,14:30:07.054467334
3,2323.4,2,2323.6,14:30:07.348735374
3,2323.4,1,2323.6,14:30:07.348768853
1,2323.5,1,2323.6,14:30:07.348813557
1,2323.5,1,2323.6,14:30:07.348978069
1,2323.5,1,2323.6,14:30:07.352520096
1,2323.5,4,2323.7,14:30:07.397134766
1,2323.5,4,2323.7,14:30:07.397134766
1,2323.5,5,2323.7,14:30:07.487076026
1,2323.5,1,2323.6,14:30:07.487216701
2,2323.4,1,2323.6,14:30:07.487252472
2,2323.4,1,2323.6,14:30:07.487252472
3,2323.4,1,2323.6,14:30:07.487472572
1,2323.5,1,2323.6,14:30:07.487599361
3,2323.4,1,2323.6,14:30:07.487664240
3,2323.4,1,2323.6,14:30:07.487664240
3,2323.4,5,2323.7,14:30:07.487722756
3,2323.4,5,2323.7,14:30:07.487722756
3,2323.4,4,2323.7,14:30:07.487882186
4,2323.4,4,2323.7,14:30:07.487897477
1,2323.5,4,2323.7,14:30:07.488025511
1,2323.5,3,2323.7,14:30:07.488176903
2,2323.5,3,2323.7,14:30:07.615689199
3,2323.5,3,2323.7,14:30:07.615895438
3,2323.5,2,2323.7,14:30:07.615973900
4,2323.5,2,2323.7,14:30:07.615998035
3,2323.5,2,2323.7,14:30:07.616375450
1,2323.6,2,2323.7,14:30:07.616439191
3,2323.5,2,2323.7,14:30:07.616578834
3,2323.5,2,2323.7,14:30:07.616578834
2,2323.5,2,2323.7,14:30:07.616620208
2,2323.5,2,2323.7,14:30:07.616717720
1,2323.5,2,2323.7,14:30:07.617343361
1,2323.5,3,2323.7,14:30:07.617992481
4,2323.4,3,2323.7,14:30:07.618109050
4,2323.4,3,2323.7,14:30:07.618109050
4,2323.4,4,2323.7,14:30:07.618134014
1,2323.5,4,2323.7,14:30:07.618228179
1,2323.5,3,2323.7,14:30:07.618349836
1,2323.5,2,2323.7,14:30:07.618543023
2,2323.5,2,2323.7,14:30:07.619248391
2,2323.5,4,2323.8,14:30:07.619528685
2,2323.5,4,2323.8,14:30:07.619528685
2,2323.7,4,2323.8,14:30:07.619548817
2,2323.7,4,2323.8,14:30:07.619663220
2,2323.7,4,2323.8,14:30:07.619764453
2,2323.7,4,2323.8,14:30:07.619870576
2,2323.7,4,2323.8,14:30:07.619965027
2,2323.7,3,2323.8,14:30:07.619985440
2,2323.7,3,2323.8,14:30:07.619998272
2,2323.7,3,2323.8,14:30:07.620079711
2,2323.7,3,2323.8,14:30:07.620127184
2,2323.7,3,2323.8,14:30:07.620160800
2,2323.7,3,2323.8,14:30:07.620271680
2,2323.7,2,2323.8,14:30:07.620406392
2,2323.7,1,2323.8,14:30:07.620435830
2,2323.7,1,2323.8,14:30:07.620525515
2,2323.7,1,2323.8,14:30:07.620697743
2,2323.7,4,2323.9,14:30:07.620835035
2,2323.7,4,2323.9,14:30:07.620835035
2,2323.7,4,2323.9,14:30:07.620875955
2,2323.7,4,2323.9,14:30:07.620875955
2,2323.7,4,2323.9,14:30:07.627715529
2,2323.7,4,2323.9,14:30:07.627725993
2,2323.7,3,2323.9,14:30:07.627835806
2,2323.7,3,2323.9,14:30:07.627957259
2,2323.7,3,2323.9,14:30:07.627968478
3,2323.7,3,2323.9,14:30:07.643114902
3,2323.7,2,2323.9,14:30:07.643309639
3,2323.7,3,2323.9,14:30:07.643564418
2,2323.7,3,2323.9,14:30:07.646489693
2,2323.7,3,2323.9,14:30:07.767197831
4,2323.6,3,2323.9,14:30:07.816257089
4,2323.6,3,2323.9,14:30:07.816257089
4,2323.6,1,2323.8,14:30:07.816412142
4,2323.6,2,2323.8,14:30:07.816520330
4,2323.6,2,2323.8,14:30:07.816553626
4,2323.6,3,2323.8,14:30:07.816744165
4,2323.6,3,2323.8,14:30:07.816813296
3,2323.6,3,2323.8,14:30:07.816852279
2,2323.6,3,2323.8,14:30:07.816942201
2,2323.6,3,2323.8,14:30:07.816958093
2,2323.6,4,2323.8,14:30:07.816979616
2,2323.6,4,2323.8,14:30:07.817043306
2,2323.6,4,2323.8,14:30:07.817147194
1,2323.6,4,2323.8,14:30:07.817310842
1,2323.6,4,2323.8,14:30:07.817334394
1,2323.6,5,2323.8,14:30:07.817508154
1,2323.6,5,2323.8,14:30:08.016212087
1,2323.6,2,2323.7,14:30:08.184835242
1,2323.6,2,2323.7,14:30:08.184856235
1,2323.6,2,2323.7,14:30:08.184861928
1,2323.6,2,2323.7,14:30:08.184877455
4,2323.5,2,2323.7,14:30:08.184965284
4,2323.5,2,2323.7,14:30:08.184965284
3,2323.5,2,2323.7,14:30:08.185120695
2,2323.5,2,2323.7,14:30:08.185141156
2,2323.5,3,2323.7,14:30:08.185177547
2,2323.5,3,2323.7,14:30:08.185190344
2,2323.5,3,2323.7,14:30:08.185238614
1,2323.5,3,2323.7,14:30:08.185309463
1,2323.5,3,2323.7,14:30:08.185316598
1,2323.5,4,2323.7,14:30:08.185460586
1,2323.5,5,2323.7,14:30:08.185536495
4,2323.4,5,2323.7,14:30:08.185657502
4,2323.4,5,2323.7,14:30:08.185657502
3,2323.4,5,2323.7,14:30:08.185683452
3,2323.4,5,2323.7,14:30:08.185817669
3,2323.4,5,2323.7,14:30:08.186761386
3,2323.4,5,2323.7,14:30:08.186761386
3,2323.4,5,2323.7,14:30:08.193481878
3,2323.4,1,2323.6,14:30:08.199917457
2,2323.4,1,2323.6,14:30:08.200113413
2,2323.4,2,2323.6,14:30:08.200141926
2,2323.4,2,2323.6,14:30:08.200309315
2,2323.4,2,2323.6,14:30:08.200378055
1,2323.4,2,2323.6,14:30:08.200470844
1,2323.4,3,2323.6,14:30:08.200578277
1,2323.4,1,2323.5,14:30:08.200605349
5,2323.3,1,2323.5,14:30:08.200775003
5,2323.3,1,2323.5,14:30:08.200775003
5,2323.3,1,2323.5,14:30:08.200827184
4,2323.3,1,2323.5,14:30:08.200862427
4,2323.3,1,2323.5,14:30:08.200874737
4,2323.3,1,2323.5,14:30:08.200892229
4,2323.3,1,2323.5,14:30:08.201158247
4,2323.3,1,2323.5,14:30:08.201326510
4,2323.3,2,2323.5,14:30:08.201420035
4,2323.3,3,2323.5,14:30:08.201615485
4,2323.3,3,2323.5,14:30:08.201664894
4,2323.3,2,2323.5,14:30:08.201687048
4,2323.3,2,2323.5,14:30:08.201734646
4,2323.3,1,2323.5,14:30:08.201884220
4,2323.3,1,2323.5,14:30:08.201886461
4,2323.3,1,2323.5,14:30:08.201886461
4,2323.3,1,2323.5,14:30:08.201925399
4,2323.3,1,2323.5,14:30:08.201999723
4,2323.3,1,2323.5,14:30:08.202174865
4,2323.3,2,2323.5,14:30:08.202711623
4,2323.3,2,2323.5,14:30:08.202858649
4,2323.3,2,2323.5,14:30:08.204236444
4,2323.3,3,2323.5,14:30:08.204462528
3,2323.3,3,2323.5,14:30:08.306799159
3,2323.3,3,2323.5,14:30:08.389952546
2,2323.3,3,2323.5,14:30:08.407167981
2,2323.3,1,2323.4,14:30:08.407340579
2,2323.3,1,2323.4,14:30:08.407515223
2,2323.3,1,2323.4,14:30:08.407529134
2,2323.3,1,2323.4,14:30:08.407562990
2,2323.3,1,2323.4,14:30:08.407676439
2,2323.3,1,2323.4,14:30:08.407992733
2,2323.3,2,2323.4,14:30:08.408258067
2,2323.3,2,2323.4,14:30:08.408417481
2,2323.3,3,2323.4,14:30:08.423394865
4,2323.2,3,2323.4,14:30:08.423653779
4,2323.2,3,2323.4,14:30:08.423653779
3,2323.2,3,2323.4,14:30:08.423756661
3,2323.2,3,2323.4,14:30:08.423769605
3,2323.2,1,2323.3,14:30:08.424208795
2,2323.2,1,2323.3,14:30:08.424250633
2,2323.2,1,2323.3,14:30:08.424393932
2,2323.2,2,2323.3,14:30:08.424445101
2,2323.2,2,2323.3,14:30:08.424473552
1,2323.2,2,2323.3,14:30:08.424585183
1,2323.2,2,2323.3,14:30:08.424587324
1,2323.2,2,2323.3,14:30:08.424602179
1,2323.2,2,2323.3,14:30:08.424619712
1,2323.2,1,2323.3,14:30:08.424723103
1,2323.2,1,2323.3,14:30:08.424809175
1,2323.2,1,2323.3,14:30:08.424877557
1,2323.2,1,2323.3,14:30:08.424903388
1,2323.2,2,2323.3,14:30:08.424932339
1,2323.2,2,2323.3,14:30:08.424941770
1,2323.2,2,2323.3,14:30:08.425124135
1,2323.2,2,2323.3,14:30:08.425208022
3,2323.1,2,2323.3,14:30:08.425250944
3,2323.1,2,2323.3,14:30:08.425250944
3,2323.1,2,2323.3,14:30:08.425320155
3,2323.1,2,2323.3,14:30:08.425429063
3,2323.1,2,2323.3,14:30:08.425492642
3,2323.1,2,2323.3,14:30:08.425859206
3,2323.1,2,2323.3,14:30:08.425908967
3,2323.1,2,2323.3,14:30:08.425908967
3,2323.1,2,2323.3,14:30:08.427143904
3,2323.1,3,2323.3,14:30:08.427378999
3,2323.1,3,2323.3,14:30:08.427495805
3,2323.1,3,2323.3,14:30:08.427510413
4,2323.1,3,2323.3,14:30:08.479676944
5,2323.1,3,2323.3,14:30:08.479785174
5,2323.1,3,2323.3,14:30:08.479816348
5,2323.1,1,2323.3,14:30:08.480049291
1,2323.2,1,2323.3,14:30:08.480160006
1,2323.2,3,2323.4,14:30:08.480261103
1,2323.2,3,2323.4,14:30:08.480261103
1,2323.2,2,2323.4,14:30:08.480280426
2,2323.2,2,2323.4,14:30:08.480289475
3,2323.2,2,2323.4,14:30:08.480397740
4,2323.2,2,2323.4,14:30:08.480605696
4,2323.2,1,2323.4,14:30:08.480635993
5,2323.2,1,2323.4,14:30:08.480680305
6,2323.2,1,2323.4,14:30:08.480777421
5,2323.2,1,2323.4,14:30:08.480900105
4,2323.2,1,2323.4,14:30:08.480931321
3,2323.2,1,2323.4,14:30:08.481031115
3,2323.2,2,2323.4,14:30:08.481168661
2,2323.2,2,2323.4,14:30:08.481410016
2,2323.2,2,2323.4,14:30:08.514189928
3,2323.2,2,2323.4,14:30:08.549171306
1,2323.3,2,2323.4,14:30:08.549308067
2,2323.3,2,2323.4,14:30:08.549364798
2,2323.3,1,2323.4,14:30:08.549413593
2,2323.3,2,2323.5,14:30:08.549440736
2,2323.3,2,2323.5,14:30:08.549440736
2,2323.3,2,2323.5,14:30:08.549525860
2,2323.3,3,2323.5,14:30:08.549912848
1,2323.3,3,2323.5,14:30:08.549956134
3,2323.2,3,2323.5,14:30:08.549982964
3,2323.2,3,2323.5,14:30:08.549982964
3,2323.2,4,2323.5,14:30:08.550006366
3,2323.2,1,2323.4,14:30:08.550156004
3,2323.2,2,2323.4,14:30:08.550185119
3,2323.2,3,2323.4,14:30:08.550203023
3,2323.2,4,2323.4,14:30:08.550296606
3,2323.2,5,2323.4,14:30:08.550315946
2,2323.2,5,2323.4,14:30:08.550336735
2,2323.2,4,2323.4,14:30:08.550448640
3,2323.2,4,2323.4,14:30:08.550626436
3,2323.2,3,2323.4,14:30:08.557261232
5,2323.1,3,2323.4,14:30:08.585727625
4,2323.1,3,2323.4,14:30:08.585727625
4,2323.1,3,2323.4,14:30:08.585727625
4,2323.1,3,2323.4,14:30:08.585790051
4,2323.1,4,2323.4,14:30:08.585845668
4,2323.1,1,2323.3,14:30:08.585895950
4,2323.1,1,2323.3,14:30:08.585951206
4,2323.1,2,2323.3,14:30:08.586105360
4,2323.1,3,2323.3,14:30:08.586201692
4,2323.1,4,2323.3,14:30:08.586515551
3,2323.1,4,2323.3,14:30:08.586706383
3,2323.1,5,2323.3,14:30:08.586751773
2,2323.1,5,2323.3,14:30:08.588329308
2,2323.1,5,2323.3,14:30:08.588440681
3,2323.0,5,2323.3,14:30:08.588530183
3,2323.0,5,2323.3,14:30:08.588530183
3,2323.0,5,2323.3,14:30:08.588605592
3,2323.0,1,2323.2,14:30:08.588730398
3,2323.0,2,2323.2,14:30:08.588861470
3,2323.0,2,2323.2,14:30:08.588890229
3,2323.0,2,2323.2,14:30:08.588901896
3,2323.0,3,2323.2,14:30:08.588956413
2,2323.0,3,2323.2,14:30:08.588977888
2,2323.0,4,2323.2,14:30:08.589006321
2,2323.0,5,2323.2,14:30:08.589078767
2,2323.0,5,2323.2,14:30:08.589144935
2,2323.0,5,2323.2,14:30:08.589210242
2,2323.0,6,2323.2,14:30:08.589355694
2,2323.0,7,2323.2,14:30:08.589372126
2,2323.0,8,2323.2,14:30:08.589387705
2,2323.0,9,2323.2,14:30:08.589403906
2,2323.0,8,2323.2,14:30:08.589529938
2,2323.0,7,2323.2,14:30:08.589562780
2,2323.0,7,2323.2,14:30:08.589575241
2,2323.0,7,2323.2,14:30:08.589701817
2,2323.0,7,2323.2,14:30:08.589716512
2,2323.0,1,2323.1,14:30:08.589876495
2,2323.0,1,2323.1,14:30:08.589899046
2,2323.0,6,2323.2,14:30:08.589989793
2,2323.0,6,2323.2,14:30:08.589989793
2,2323.0,6,2323.2,14:30:08.590114337
2,2323.0,6,2323.2,14:30:08.590147093
2,2323.0,6,2323.2,14:30:08.590158059
1,2323.0,6,2323.2,14:30:08.590185288
1,2323.0,5,2323.2,14:30:08.590204995
1,2323.0,5,2323.2,14:30:08.590239642
1,2323.0,5,2323.2,14:30:08.590253696
1,2323.0,1,2323.1,14:30:08.590450282
1,2323.0,2,2323.1,14:30:08.590480079
1,2323.0,3,2323.1,14:30:08.590514217
1,2323.0,2,2323.1,14:30:08.590575111
1,2323.0,1,2323.1,14:30:08.590731537
5,2322.9,1,2323.1,14:30:08.590758331
5,2322.9,1,2323.1,14:30:08.590758331
1,2323.0,1,2323.1,14:30:08.590968594
1,2323.0,5,2323.2,14:30:08.591030378
1,2323.0,5,2323.2,14:30:08.591030378
1,2323.0,5,2323.2,14:30:08.591054119
1,2323.0,5,2323.2,14:30:08.591107611
2,2323.0,5,2323.2,14:30:08.591139106
1,2323.0,5,2323.2,14:30:08.591157490
1,2323.0,5,2323.2,14:30:08.591176263
1,2323.0,5,2323.2,14:30:08.591176263
2,2323.0,5,2323.2,14:30:08.591316895
1,2323.1,5,2323.2,14:30:08.591337414
1,2323.1,5,2323.2,14:30:08.591394324
1,2323.1,4,2323.2,14:30:08.591467049
1,2323.1,4,2323.2,14:30:08.591480960
1,2323.1,4,2323.2,14:30:08.591501369
1,2323.1,4,2323.2,14:30:08.591512307
1,2323.1,4,2323.2,14:30:08.591547969
4,2323.0,4,2323.2,14:30:08.591595858
4,2323.0,4,2323.2,14:30:08.591595858
3,2323.0,4,2323.2,14:30:08.591622236
3,2323.0,3,2323.2,14:30:08.591858276
3,2323.0,3,2323.2,14:30:08.592021671
2,2323.0,3,2323.2,14:30:08.592044238
2,2323.0,3,2323.2,14:30:08.592306931
2,2323.0,4,2323.2,14:30:08.593053618
1,2323.0,4,2323.2,14:30:08.595615135
1,2323.0,1,2323.1,14:30:08.595748901
1,2323.0,1,2323.1,14:30:08.596447949
1,2323.0,4,2323.2,14:30:08.597258142
1,2323.0,4,2323.2,14:30:08.597258142
1,2323.0,1,2323.1,14:30:08.597276149
1,2323.0,4,2323.2,14:30:08.597430900
1,2323.0,4,2323.2,14:30:08.597430900
2,2323.0,4,2323.2,14:30:08.597453246
2,2323.0,1,2323.1,14:30:08.597528431
3,2323.0,1,2323.1,14:30:08.597571549
3,2323.0,4,2323.2,14:30:08.597616325
3,2323.0,4,2323.2,14:30:08.597616325
3,2323.0,3,2323.2,14:30:08.597636319
2,2323.0,3,2323.2,14:30:08.597716631
1,2323.0,3,2323.2,14:30:08.597747137
2,2323.0,3,2323.2,14:30:08.597870250
1,2323.0,3,2323.2,14:30:08.597971906
1,2323.0,4,2323.2,14:30:08.598011143
1,2323.0,3,2323.2,14:30:08.598999742
1,2323.0,3,2323.2,14:30:08.599687618
1,2323.0,1,2323.1,14:30:08.608891733
5,2322.9,1,2323.1,14:30:08.609128342
5,2322.9,1,2323.1,14:30:08.609128342
5,2322.9,1,2323.1,14:30:08.609288528
5,2322.9,2,2323.1,14:30:08.609361538
5,2322.9,2,2323.1,14:30:08.609534761
5,2322.9,1,2323.1,14:30:08.609722874
5,2322.9,1,2323.1,14:30:08.609959275
5,2322.9,3,2323.2,14:30:08.610023506
5,2322.9,3,2323.2,14:30:08.610023506
6,2322.9,3,2323.2,14:30:08.612828181
6,2322.9,2,2323.2,14:30:08.617126203
1,2323.0,2,2323.2,14:30:08.617259712
2,2323.0,2,2323.2,14:30:08.617292530
3,2323.0,2,2323.2,14:30:08.617308892
4,2323.0,2,2323.2,14:30:08.617348969
3,2323.0,2,2323.2,14:30:08.617403489
3,2323.0,1,2323.1,14:30:08.617531590
2,2323.0,1,2323.1,14:30:08.617548554
1,2323.0,1,2323.1,14:30:08.617723751
1,2323.0,2,2323.2,14:30:08.617816720
1,2323.0,2,2323.2,14:30:08.617816720
6,2322.9,2,2323.2,14:30:08.617834179
6,2322.9,2,2323.2,14:30:08.617834179
1,2323.0,2,2323.2,14:30:08.617933739
1,2323.0,3,2323.2,14:30:08.617993251
2,2323.0,3,2323.2,14:30:08.618021044
3,2323.0,3,2323.2,14:30:08.618043128
2,2323.0,3,2323.2,14:30:08.618141974
2,2323.0,2,2323.2,14:30:08.618161511
1,2323.0,2,2323.2,14:30:08.618187834
6,2322.9,2,2323.2,14:30:08.623052821
6,2322.9,2,2323.2,14:30:08.623052821
6,2322.9,2,2323.2,14:30:08.627365949
6,2322.9,3,2323.2,14:30:08.644434908
6,2322.9,1,2323.1,14:30:08.644562507
6,2322.9,1,2323.1,14:30:08.644590588
6,2322.9,2,2323.1,14:30:08.644682593
6,2322.9,3,2323.1,14:30:08.644721729
5,2322.9,3,2323.1,14:30:08.644938242
5,2322.9,3,2323.1,14:30:08.645368529
5,2322.9,2,2323.1,14:30:08.655997522
5,2322.9,2,2323.1,14:30:08.656012162
5,2322.9,1,2323.1,14:30:08.656041849
1,2323.0,1,2323.1,14:30:08.656120327
5,2322.9,1,2323.1,14:30:08.674239528
5,2322.9,1,2323.1,14:30:08.674239528
5,2322.9,2,2323.1,14:30:08.674269337
5,2322.9,1,2323.1,14:30:08.675364060
5,2322.9,2,2323.1,14:30:08.676543287
5,2322.9,3,2323.1,14:30:08.683525965
5,2322.9,2,2323.1,14:30:08.692579527
5,2322.9,1,2323.1,14:30:08.692752577
5,2322.9,2,2323.1,14:30:08.698047951
5,2322.9,3,2323.1,14:30:08.698075552
4,2322.9,3,2323.1,14:30:08.698168382
4,2322.9,1,2323.0,14:30:08.698292899
3,2322.9,1,2323.0,14:30:08.698446724
3,2322.9,1,2323.0,14:30:08.698477317
3,2322.9,1,2323.0,14:30:08.698511429
3,2322.9,1,2323.0,14:30:08.698523212
3,2322.9,1,2323.0,14:30:08.703156668
3,2322.9,2,2323.1,14:30:08.703249989
3,2322.9,2,2323.1,14:30:08.703249989
3,2322.9,2,2323.1,14:30:08.703402434
3,2322.9,3,2323.1,14:30:08.713755903
3,2322.9,3,2323.1,14:30:08.713916332
3,2322.9,1,2323.0,14:30:08.726247694
2,2322.9,1,2323.0,14:30:08.727194689
2,2322.9,2,2323.0,14:30:08.727566752
5,2322.8,2,2323.0,14:30:08.727882537
4,2322.8,2,2323.0,14:30:08.727882537
4,2322.8,2,2323.0,14:30:08.727882537
4,2322.8,2,2323.0,14:30:08.728508108
4,2322.8,3,2323.0,14:30:08.728629429
4,2322.8,3,2323.0,14:30:08.728647759
4,2322.8,3,2323.0,14:30:08.728660652
4,2322.8,3,2323.0,14:30:08.728884426
4,2322.8,3,2323.0,14:30:08.729198541
4,2322.8,2,2323.0,14:30:08.729508412
4,2322.8,2,2323.0,14:30:08.730326967
4,2322.8,2,2323.0,14:30:08.730326967
5,2322.8,2,2323.0,14:30:08.732885457
4,2322.8,2,2323.0,14:30:08.736125747
4,2322.8,2,2323.0,14:30:08.736150230
4,2322.8,3,2323.0,14:30:08.742904830
4,2322.8,1,2322.9,14:30:08.752695014
4,2322.8,1,2322.9,14:30:08.752867681
4,2322.8,1,2322.9,14:30:08.752881237
4,2322.8,1,2322.9,14:30:08.752915215
4,2322.8,1,2322.9,14:30:08.752948963
3,2322.7,1,2322.9,14:30:08.753348638
3,2322.7,1,2322.9,14:30:08.753348638
2,2322.7,1,2322.9,14:30:08.753375185
2,2322.7,2,2322.9,14:30:08.753427907
2,2322.7,3,2322.9,14:30:08.753481262
2,2322.7,3,2322.9,14:30:08.753492715
2,2322.7,1,2322.8,14:30:08.753665626
2,2322.7,1,2322.8,14:30:08.753686443
2,2322.7,1,2322.8,14:30:08.753701281
2,2322.7,1,2322.8,14:30:08.753890468
2,2322.7,1,2322.8,14:30:08.753961696
2,2322.7,1,2322.8,14:30:08.754035874
2,2322.7,1,2322.8,14:30:08.754070390
2,2322.7,1,2322.8,14:30:08.754156667
2,2322.7,1,2322.8,14:30:08.754184972
1,2322.7,1,2322.8,14:30:08.754229711
1,2322.7,1,2322.8,14:30:08.754285479
1,2322.7,1,2322.8,14:30:08.754316968
1,2322.7,1,2322.8,14:30:08.754424196
1,2322.7,1,2322.8,14:30:08.754463688
1,2322.7,1,2322.8,14:30:08.754478571
7,2322.6,1,2322.8,14:30:08.754605310
7,2322.6,1,2322.8,14:30:08.754605310
7,2322.6,4,2322.9,14:30:08.754701571
7,2322.6,4,2322.9,14:30:08.754701571
6,2322.6,4,2322.9,14:30:08.754765508
6,2322.6,4,2322.9,14:30:08.754775614
5,2322.6,4,2322.9,14:30:08.754828808
5,2322.6,4,2322.9,14:30:08.754841583
5,2322.6,4,2322.9,14:30:08.754855488
1,2322.7,4,2322.9,14:30:08.754882486
1,2322.8,4,2322.9,14:30:08.754927340
1,2322.8,4,2322.9,14:30:08.754949089
1,2322.8,4,2322.9,14:30:08.754970462
1,2322.8,4,2322.9,14:30:08.755082388
1,2322.8,4,2322.9,14:30:08.755101492
1,2322.8,3,2322.9,14:30:08.755152680
1,2322.8,3,2322.9,14:30:08.755220932
1,2322.8,3,2322.9,14:30:08.755231674
1,2322.8,3,2322.9,14:30:08.755249041
6,2322.7,3,2322.9,14:30:08.755291653
6,2322.7,3,2322.9,14:30:08.755291653
6,2322.7,2,2322.9,14:30:08.755376195
5,2322.7,2,2322.9,14:30:08.755449003
5,2322.7,2,2322.9,14:30:08.755533892
4,2322.7,2,2322.9,14:30:08.756121221
4,2322.7,3,2322.9,14:30:08.756239404
4,2322.7,3,2322.9,14:30:08.756249269
3,2322.7,3,2322.9,14:30:08.756404943
2,2322.7,3,2322.9,14:30:08.756440329
1,2322.7,3,2322.9,14:30:08.756558677
1,2322.7,4,2322.9,14:30:08.757113062
2,2322.7,4,2322.9,14:30:08.837365962
2,2322.7,4,2322.9,14:30:08.837481308
1,2322.7,4,2322.9,14:30:08.837599112
1,2322.7,4,2322.9,14:30:08.837623705
6,2322.6,4,2322.9,14:30:08.837728235
6,2322.6,4,2322.9,14:30:08.837728235
6,2322.6,4,2322.9,14:30:08.837853194
1,2322.7,4,2322.9,14:30:08.838231787
2,2322.7,4,2322.9,14:30:08.838353195
3,2322.7,4,2322.9,14:30:08.838361291
4,2322.7,4,2322.9,14:30:08.838382680
4,2322.7,3,2322.9,14:30:08.838494986
4,2322.7,2,2322.9,14:30:08.838607948
1,2322.8,2,2322.9,14:30:08.838647747
2,2322.8,2,2322.9,14:30:08.839702655
2,2322.8,2,2322.9,14:30:08.866886641
2,2322.8,1,2322.9,14:30:08.867142950
1,2322.8,1,2322.9,14:30:08.880772959
3,2322.7,1,2322.9,14:30:08.880888082
3,2322.7,1,2322.9,14:30:08.880888082
3,2322.7,2,2322.9,14:30:08.880917660
2,2322.7,2,2322.9,14:30:08.881076873
2,2322.7,1,2322.8,14:30:08.884352545
2,2322.7,2,2322.9,14:30:08.884589865
2,2322.7,2,2322.9,14:30:08.884589865
1,2322.8,2,2322.9,14:30:08.884748220
1,2322.8,1,2322.9,14:30:08.884878805
2,2322.7,1,2322.9,14:30:08.996117629
2,2322.7,1,2322.9,14:30:08.996117629
1,2322.8,1,2322.9,14:30:09.049345278
1,2322.8,1,2322.9,14:30:09.068397263
1,2322.8,2,2323.0,14:30:09.082480443
1,2322.8,2,2323.0,14:30:09.082480443
2,2322.8,2,2323.0,14:30:09.082600977
2,2322.8,1,2323.0,14:30:09.082654863
3,2322.8,1,2323.0,14:30:09.082689372
3,2322.8,3,2323.1,14:30:09.082729545
3,2322.8,3,2323.1,14:30:09.082729545
4,2322.8,3,2323.1,14:30:09.082772982
4,2322.8,3,2323.1,14:30:09.082787696
5,2322.8,3,2323.1,14:30:09.082809720
5,2322.8,1,2323.0,14:30:09.082832047
4,2322.8,1,2323.0,14:30:09.082855421
3,2322.8,1,2323.0,14:30:09.083014106
3,2322.8,1,2323.0,14:30:09.083046180
3,2322.8,2,2323.0,14:30:09.083091214
3,2322.8,3,2323.0,14:30:09.083110504
1,2322.9,3,2323.0,14:30:09.083132648
1,2322.9,4,2323.0,14:30:09.083214058
1,2322.9,4,2323.0,14:30:09.083246833
1,2322.9,4,2323.0,14:30:09.083364154
1,2322.9,3,2323.0,14:30:09.083419608
2,2322.8,3,2323.0,14:30:09.083521760
2,2322.8,3,2323.0,14:30:09.083521760
2,2322.8,2,2323.0,14:30:09.083640453
3,2322.8,2,2323.0,14:30:09.084176656
3,2322.8,2,2323.0,14:30:09.091204149
3,2322.8,1,2323.0,14:30:09.127911024
4,2322.8,1,2323.0,14:30:09.127993739
1,2322.9,1,2323.0,14:30:09.128054373
2,2322.9,1,2323.0,14:30:09.128085027
2,2322.9,1,2323.0,14:30:09.128133911
2,2322.9,4,2323.1,14:30:09.128235933
2,2322.9,4,2323.1,14:30:09.128235933
2,2322.9,4,2323.1,14:30:09.128264874
2,2322.9,3,2323.1,14:30:09.128299902
2,2322.9,2,2323.1,14:30:09.128364008
2,2322.9,2,2323.1,14:30:09.128519455
2,2322.9,1,2323.1,14:30:09.128615700
2,2322.9,1,2323.1,14:30:09.128658248
3,2322.9,1,2323.1,14:30:09.128682208
4,2322.9,1,2323.1,14:30:09.128718077
4,2322.9,1,2323.1,14:30:09.128996380
4,2322.9,2,2323.1,14:30:09.129044435
4,2322.9,2,2323.1,14:30:09.129415291
4,2322.9,1,2323.1,14:30:09.137583267
1,2323.0,1,2323.1,14:30:09.137713535
1,2323.0,1,2323.1,14:30:09.137883743
2,2323.0,1,2323.1,14:30:09.138233196
2,2323.0,1,2323.1,14:30:09.138252131
3,2323.0,1,2323.1,14:30:09.138272315
3,2323.0,1,2323.2,14:30:09.138496328
3,2323.0,1,2323.2,14:30:09.138496328
3,2323.0,1,2323.2,14:30:09.138676652
1,2323.1,1,2323.2,14:30:09.138721030
1,2323.1,1,2323.2,14:30:09.138788959
1,2323.1,1,2323.2,14:30:09.138788959
1,2323.1,2,2323.2,14:30:09.138816696
1,2323.1,2,2323.2,14:30:09.138843228
3,2323.0,2,2323.2,14:30:09.139050061
3,2323.0,2,2323.2,14:30:09.139050061
3,2323.0,2,2323.2,14:30:09.139068874
2,2323.0,2,2323.2,14:30:09.139128684
2,2323.0,3,2323.2,14:30:09.139155187
1,2323.0,3,2323.2,14:30:09.139197139
1,2323.0,1,2323.1,14:30:09.139217184
1,2323.0,1,2323.1,14:30:09.139293577
1,2323.0,2,2323.1,14:30:09.139320780
1,2323.0,3,2323.1,14:30:09.139356890
1,2323.0,4,2323.1,14:30:09.139418766
4,2322.9,4,2323.1,14:30:09.139442946
4,2322.9,4,2323.1,14:30:09.139442946
4,2322.9,4,2323.1,14:30:09.150080668
4,2322.9,3,2323.1,14:30:09.165146187
4,2322.9,2,2323.1,14:30:09.165312872
4,2322.9,1,2323.1,14:30:09.165417093
1,2323.0,1,2323.1,14:30:09.165564237
4,2322.9,1,2323.1,14:30:09.188047027
4,2322.9,1,2323.1,14:30:09.188047027
4,2322.9,2,2323.1,14:30:09.249353381
4,2322.9,2,2323.1,14:30:09.249381836
4,2322.9,2,2323.1,14:30:09.249381836
4,2322.9,3,2323.1,14:30:09.249452231
4,2322.9,4,2323.1,14:30:09.249489931
4,2322.9,3,2323.1,14:30:09.249590568
4,2322.9,1,2323.0,14:30:09.249647037
4,2322.9,1,2323.0,14:30:09.249670580
4,2322.9,2,2323.1,14:30:09.249721120
4,2322.9,2,2323.1,14:30:09.249721120
3,2322.9,2,2323.1,14:30:09.249767818
3,2322.9,2,2323.1,14:30:09.249800190
2,2322.9,2,2323.1,14:30:09.249825292
2,2322.9,1,2323.1,14:30:09.250634140
3,2322.9,1,2323.1,14:30:09.250842281
4,2322.9,1,2323.1,14:30:09.251057816
4,2322.9,3,2323.2,14:30:09.251182781
4,2322.9,3,2323.2,14:30:09.251182781
5,2322.9,3,2323.2,14:30:09.251208859
1,2323.0,3,2323.2,14:30:09.251309506
2,2323.0,3,2323.2,14:30:09.251427378
2,2323.0,2,2323.2,14:30:09.252175118
3,2323.0,2,2323.2,14:30:09.252261334
3,2323.0,2,2323.2,14:30:09.252276986
3,2323.0,1,2323.2,14:30:09.252461334
3,2323.0,1,2323.2,14:30:09.252485469
4,2323.0,1,2323.2,14:30:09.252520961
4,2323.0,1,2323.2,14:30:09.252917661
5,2323.0,1,2323.2,14:30:09.253147535
5,2323.0,1,2323.2,14:30:09.253176731
5,2323.0,1,2323.2,14:30:09.253258311
6,2323.0,1,2323.2,14:30:09.253321151
6,2323.0,7,2323.3,14:30:09.253413748
6,2323.0,7,2323.3,14:30:09.253413748
5,2323.0,7,2323.3,14:30:09.253911808
4,2323.0,7,2323.3,14:30:09.254199603
4,2323.0,6,2323.3,14:30:09.254218961
1,2323.1,6,2323.3,14:30:09.254528051
1,2323.1,5,2323.3,14:30:09.254567057
1,2323.1,4,2323.3,14:30:09.254620312
1,2323.1,4,2323.3,14:30:09.254934383
1,2323.1,4,2323.3,14:30:09.255826053
1,2323.1,4,2323.3,14:30:09.255826053
4,2323.0,4,2323.3,14:30:09.257643446
4,2323.0,4,2323.3,14:30:09.257643446
4,2323.0,5,2323.3,14:30:09.257787163
4,2323.0,5,2323.3,14:30:09.257800371
3,2323.0,5,2323.3,14:30:09.257822979
3,2323.0,6,2323.3,14:30:09.257886097
3,2323.0,1,2323.2,14:30:09.258018909
3,2323.0,2,2323.2,14:30:09.258154112
3,2323.0,3,2323.2,14:30:09.258168573
3,2323.0,3,2323.2,14:30:09.258201707
3,2323.0,2,2323.2,14:30:09.258328608
3,2323.0,2,2323.2,14:30:09.258341620
3,2323.0,2,2323.2,14:30:09.264237627
3,2323.0,2,2323.2,14:30:09.264355815
3,2323.0,2,2323.2,14:30:09.379208861
3,2323.0,2,2323.2,14:30:09.379347859
3,2323.0,2,2323.2,14:30:09.433144673
3,2323.0,2,2323.2,14:30:09.485431699
2,2323.0,2,2323.2,14:30:09.485480557
2,2323.0,2,2323.2,14:30:09.485717042
1,2323.0,2,2323.2,14:30:09.668597332
1,2323.0,3,2323.2,14:30:09.668623362
1,2323.0,4,2323.2,14:30:09.668678770
1,2323.0,4,2323.2,14:30:09.668803014
5,2322.9,4,2323.2,14:30:09.675804407
2,2322.9,4,2323.2,14:30:09.675804407
2,2322.9,4,2323.2,14:30:09.675804407
2,2322.9,1,2323.1,14:30:09.675935515
1,2322.9,1,2323.1,14:30:09.676015802
1,2322.9,1,2323.1,14:30:09.676161866
1,2322.9,1,2323.1,14:30:09.676174603
1,2322.9,1,2323.1,14:30:09.676253468
5,2322.8,1,2323.1,14:30:09.676375829
5,2322.8,1,2323.1,14:30:09.676375829
5,2322.8,2,2323.1,14:30:09.676461492
5,2322.8,3,2323.1,14:30:09.676517045
5,2322.8,3,2323.1,14:30:09.676528929
1,2322.9,3,2323.1,14:30:09.676602671
2,2322.9,3,2323.1,14:30:09.676628397
2,2322.9,3,2323.1,14:30:09.676702533
3,2322.9,3,2323.1,14:30:09.676727055
3,2322.9,3,2323.1,14:30:09.676735793
3,2322.9,2,2323.1,14:30:09.676865301
3,2322.9,2,2323.1,14:30:09.676934819
4,2322.9,2,2323.1,14:30:09.686164737
1,2323.0,2,2323.1,14:30:09.686294557
4,2322.9,2,2323.1,14:30:09.702216910
4,2322.9,2,2323.1,14:30:09.702216910
4,2322.9,2,2323.1,14:30:09.759191874
4,2322.9,3,2323.1,14:30:09.759310446
3,2322.9,3,2323.1,14:30:09.827975092
2,2322.9,3,2323.1,14:30:09.828159634
1,2322.9,3,2323.1,14:30:09.828272320
2,2322.9,3,2323.1,14:30:09.882173081
3,2322.9,3,2323.1,14:30:09.891527024
2,2322.9,3,2323.1,14:30:09.945138701
3,2322.9,3,2323.1,14:30:09.945319533
4,2322.9,3,2323.1,14:30:09.962616621
4,2322.9,3,2323.2,14:30:09.962873455
4,2322.9,3,2323.2,14:30:09.962873455
1,2323.1,3,2323.2,14:30:09.962897747
1,2323.1,3,2323.2,14:30:09.963003371
1,2323.1,3,2323.2,14:30:09.963037906
1,2323.1,2,2323.2,14:30:09.963279895
1,2323.1,1,2323.2,14:30:09.963447437
1,2323.1,1,2323.2,14:30:09.963498120
1,2323.1,1,2323.2,14:30:09.967822473
1,2323.1,1,2323.2,14:30:09.971177638
1,2323.1,1,2323.2,14:30:10.002003354
1,2323.1,5,2323.3,14:30:10.002244925
1,2323.1,5,2323.3,14:30:10.002244925
2,2323.1,5,2323.3,14:30:10.002535257
3,2323.1,5,2323.3,14:30:10.002613956
4,2323.1,5,2323.3,14:30:10.002682264
4,2323.1,4,2323.3,14:30:10.002729465
4,2323.1,4,2323.3,14:30:10.002813877
4,2323.1,4,2323.3,14:30:10.002909872
4,2323.1,4,2323.3,14:30:10.002925815
4,2323.1,3,2323.3,14:30:10.002963643
3,2323.1,3,2323.3,14:30:10.003095083
3,2323.1,3,2323.3,14:30:10.003191014
2,2323.1,3,2323.3,14:30:10.003304430
2,2323.1,3,2323.3,14:30:10.003430836
2,2323.1,4,2323.3,14:30:10.032564263
1,2323.1,4,2323.3,14:30:10.032704217
1,2323.1,5,2323.3,14:30:10.032742730
1,2323.1,6,2323.3,14:30:10.049327699
1,2323.1,1,2323.2,14:30:10.049457448
1,2323.1,2,2323.2,14:30:10.049508953
2,2323.0,2,2323.2,14:30:10.049588366
2,2323.0,2,2323.2,14:30:10.049588366
2,2323.0,3,2323.2,14:30:10.049608526
2,2323.0,3,2323.2,14:30:10.049642009
2,2323.0,3,2323.2,14:30:10.049785279
2,2323.0,1,2323.1,14:30:10.049808466
2,2323.0,1,2323.1,14:30:10.050021370
2,2323.0,1,2323.1,14:30:10.050035882
1,2323.0,1,2323.1,14:30:10.050069288
1,2323.0,1,2323.1,14:30:10.050086160
1,2323.0,1,2323.1,14:30:10.054333262
1,2323.0,4,2323.2,14:30:10.061216389
1,2323.0,4,2323.2,14:30:10.061216389
1,2323.0,1,2323.1,14:30:10.061439359
3,2322.9,1,2323.1,14:30:10.061905866
3,2322.9,1,2323.1,14:30:10.061905866
3,2322.9,1,2323.1,14:30:10.062592365
3,2322.9,2,2323.1,14:30:10.062847415
3,2322.9,3,2323.1,14:30:10.069388979
1,2323.0,3,2323.1,14:30:10.117926851
1,2323.0,2,2323.1,14:30:10.118103255
3,2322.9,2,2323.1,14:30:10.121255418
3,2322.9,2,2323.1,14:30:10.121255418
3,2322.9,2,2323.1,14:30:10.141583838
1,2323.0,2,2323.1,14:30:10.152481526
3,2322.9,2,2323.1,14:30:10.157449163
3,2322.9,2,2323.1,14:30:10.157449163
3,2322.9,1,2323.1,14:30:10.217885109
1,2323.0,1,2323.1,14:30:10.218009469
1,2323.0,3,2323.2,14:30:10.218059496
1,2323.0,3,2323.2,14:30:10.218059496
1,2323.0,1,2323.1,14:30:10.218286236
1,2323.0,2,2323.1,14:30:10.245755876
3,2322.9,2,2323.1,14:30:10.245867077
3,2322.9,2,2323.1,14:30:10.245867077
4,2322.9,2,2323.1,14:30:10.275022633
4,2322.9,2,2323.1,14:30:10.275149928
4,2322.9,2,2323.1,14:30:10.281578826
4,2322.9,2,2323.1,14:30:10.281689413
1,2323.0,2,2323.1,14:30:10.296572283
1,2323.0,1,2323.1,14:30:10.311734897
2,2323.0,1,2323.1,14:30:10.311855612
2,2323.0,3,2323.2,14:30:10.311962824
2,2323.0,3,2323.2,14:30:10.311962824
2,2323.0,2,2323.2,14:30:10.312103470
1,2323.0,2,2323.2,14:30:10.369338247
1,2323.0,3,2323.2,14:30:10.369473028
1,2323.0,4,2323.2,14:30:10.369492135
1,2323.0,3,2323.2,14:30:10.369892949
4,2322.9,3,2323.2,14:30:10.402990308
4,2322.9,3,2323.2,14:30:10.402990308
3,2322.9,3,2323.2,14:30:10.411308249
3,2322.9,4,2323.2,14:30:10.411549159
3,2322.9,1,2323.1,14:30:10.419515643
3,2322.9,2,2323.1,14:30:10.419651915
3,2322.9,1,2323.1,14:30:10.491693403
1,2323.0,1,2323.1,14:30:10.491823953
1,2323.0,1,2323.1,14:30:10.491863595
2,2323.0,1,2323.1,14:30:10.491893913
2,2323.0,1,2323.1,14:30:10.491998008
2,2323.0,1,2323.1,14:30:10.492053090
1,2323.0,1,2323.1,14:30:10.492353004
4,2322.9,1,2323.1,14:30:10.492462971
4,2322.9,1,2323.1,14:30:10.492462971
1,2323.0,1,2323.1,14:30:10.705945971
4,2322.9,1,2323.1,14:30:10.706793521
4,2322.9,1,2323.1,14:30:10.706793521
1,2323.0,1,2323.1,14:30:10.790017396
4,2322.9,1,2323.1,14:30:10.798246495
4,2322.9,1,2323.1,14:30:10.798246495
1,2323.0,1,2323.1,14:30:10.801729691
2,2323.0,1,2323.1,14:30:10.989497198
2,2323.0,2,2323.2,14:30:10.990485094
2,2323.0,2,2323.2,14:30:10.990485094
2,2323.0,2,2323.2,14:30:10.990511072
3,2323.0,2,2323.2,14:30:10.990623263
3,2323.0,2,2323.2,14:30:10.991006247
3,2323.0,2,2323.2,14:30:10.991006247
3,2323.0,1,2323.2,14:30:10.991079009
3,2323.0,2,2323.2,14:30:10.991338420
3,2323.0,2,2323.2,14:30:10.991367448
3,2323.0,2,2323.2,14:30:10.991367448
3,2323.0,1,2323.1,14:30:10.991503606
2,2323.0,1,2323.1,14:30:10.991532241
2,2323.0,1,2323.1,14:30:10.991594956
2,2323.0,1,2323.1,14:30:10.991594956
1,2323.0,1,2323.1,14:30:10.991674183
4,2322.9,1,2323.1,14:30:10.991856379
4,2322.9,1,2323.1,14:30:10.991856379
1,2323.0,1,2323.1,14:30:11.010222057
1,2323.0,1,2323.1,14:30:11.010349055
1,2323.0,1,2323.2,14:30:11.010424596
1,2323.0,1,2323.2,14:30:11.010424596
1,2323.0,2,2323.2,14:30:11.010546228
1,2323.0,1,2323.1,14:30:11.010594314
4,2322.9,1,2323.1,14:30:11.010860922
4,2322.9,1,2323.1,14:30:11.010860922
4,2322.9,1,2323.1,14:30:11.094426594
4,2322.8,1,2323.1,14:30:11.137342934
4,2322.8,1,2323.1,14:30:11.137342934
4,2322.8,2,2323.1,14:30:11.137454546
4,2322.8,2,2323.1,14:30:11.137499286
4,2322.8,3,2323.1,14:30:11.137553805
4,2322.8,4,2323.1,14:30:11.137781964
4,2322.8,5,2323.1,14:30:11.137860615
3,2322.8,5,2323.1,14:30:11.137964415
3,2322.8,5,2323.1,14:30:11.137976600
3,2322.8,4,2323.1,14:30:11.137997372
3,2322.8,5,2323.1,14:30:11.138014834
2,2322.8,5,2323.1,14:30:11.138038474
3,2322.8,5,2323.1,14:30:11.138080683
3,2322.8,1,2323.0,14:30:11.138141702
3,2322.8,1,2323.0,14:30:11.138295680
3,2322.8,1,2323.0,14:30:11.138295680
3,2322.8,1,2323.0,14:30:11.138313193
4,2322.8,1,2323.0,14:30:11.138365655
4,2322.8,2,2323.0,14:30:11.138407052
4,2322.8,2,2323.0,14:30:11.138455606
1,2322.9,2,2323.0,14:30:11.138584597
1,2322.9,2,2323.0,14:30:11.138620569
1,2322.9,2,2323.0,14:30:11.138656122
4,2322.8,2,2323.0,14:30:11.138679703
4,2322.8,2,2323.0,14:30:11.138679703
4,2322.8,2,2323.0,14:30:11.138740255
4,2322.8,3,2323.1,14:30:11.138903045
4,2322.8,3,2323.1,14:30:11.138903045
4,2322.8,1,2322.9,14:30:11.138920166
4,2322.8,3,2323.1,14:30:11.138963476
4,2322.8,3,2323.1,14:30:11.138963476
1,2322.9,3,2323.1,14:30:11.139090363
2,2322.9,3,2323.1,14:30:11.139298115
3,2322.9,3,2323.1,14:30:11.139323368
2,2322.9,3,2323.1,14:30:11.145463805
2,2322.9,4,2323.1,14:30:11.145820136
2,2322.9,4,2323.1,14:30:11.145931514
2,2322.9,3,2323.1,14:30:11.209769709
3,2322.9,3,2323.1,14:30:11.210056847
2,2322.9,3,2323.1,14:30:11.232844369
2,2322.9,4,2323.1,14:30:11.232985278
2,2322.9,4,2323.1,14:30:11.254361437
2,2322.9,1,2323.0,14:30:11.347797028
1,2322.9,1,2323.0,14:30:11.347925364
1,2322.9,1,2323.0,14:30:11.348018963
1,2322.9,2,2323.0,14:30:11.348975251
2,2322.8,2,2323.0,14:30:11.349096598
2,2322.8,2,2323.0,14:30:11.349096598
1,2322.8,2,2323.0,14:30:11.349224894
1,2322.8,2,2323.0,14:30:11.349338596
1,2322.8,2,2323.0,14:30:11.349385467
1,2322.8,1,2322.9,14:30:11.442033629
1,2322.8,2,2323.0,14:30:11.442328538
1,2322.8,2,2323.0,14:30:11.442328538
1,2322.8,2,2323.0,14:30:11.442354490
1,2322.8,2,2323.0,14:30:11.442354490
2,2322.8,2,2323.0,14:30:11.442446358
3,2322.8,2,2323.0,14:30:11.442515300
1,2322.9,2,2323.0,14:30:11.442551610
1,2322.9,2,2323.0,14:30:11.442576062
1,2322.9,1,2323.0,14:30:11.442659687
1,2322.9,1,2323.0,14:30:11.442672592
1,2322.9,1,2323.0,14:30:11.442780777
1,2322.9,4,2323.1,14:30:11.442807658
1,2322.9,4,2323.1,14:30:11.442807658
4,2322.8,4,2323.1,14:30:11.442840058
4,2322.8,4,2323.1,14:30:11.442840058
3,2322.8,4,2323.1,14:30:11.442940320
1,2322.9,4,2323.1,14:30:11.443087256
1,2322.9,3,2323.1,14:30:11.443333742
2,2322.9,3,2323.1,14:30:11.449734722
2,2322.9,3,2323.1,14:30:11.623152243
1,2322.9,3,2323.1,14:30:11.676963025
1,2322.9,4,2323.1,14:30:11.676975902
1,2322.9,1,2323.0,14:30:11.762482718
1,2322.9,2,2323.0,14:30:11.763835770
1,2322.9,2,2323.0,14:30:11.763963910
2,2322.8,2,2323.0,14:30:11.977002458
2,2322.8,2,2323.0,14:30:11.977002458
1,2322.8,2,2323.0,14:30:11.977147939
2,2322.8,2,2323.0,14:30:11.979443513
2,2322.8,1,2323.0,14:30:11.979506871
3,2322.8,1,2323.0,14:30:11.979541197
4,2322.8,1,2323.0,14:30:11.979583320
1,2322.9,1,2323.0,14:30:11.979645537
1,2322.9,1,2323.0,14:30:11.979670098
1,2322.9,4,2323.1,14:30:11.979774268
1,2322.9,4,2323.1,14:30:11.979774268
1,2322.9,3,2323.1,14:30:11.979798406
2,2322.9,3,2323.1,14:30:11.980066203
3,2322.9,3,2323.1,14:30:11.980226091
4,2322.9,3,2323.1,14:30:11.989834989
4,2322.9,2,2323.1,14:30:11.989957782
1,2323.0,2,2323.1,14:30:11.990095871
1,2323.0,2,2323.1,14:30:11.990261382
4,2322.9,2,2323.1,14:30:11.990385944
4,2322.9,2,2323.1,14:30:11.990385944
4,2322.9,3,2323.1,14:30:11.990678087
4,2322.9,3,2323.1,14:30:11.990694504
4,2322.9,4,2323.1,14:30:11.990723631
3,2322.9,4,2323.1,14:30:11.990764424
3,2322.9,3,2323.1,14:30:11.991076147
3,2322.9,3,2323.1,14:30:11.992032293
3,2322.9,2,2323.1,14:30:11.992156933
3,2322.9,1,2323.1,14:30:12.000667824
4,2322.9,1,2323.1,14:30:12.000711298
1,2323.0,1,2323.1,14:30:12.000733701
1,2323.0,2,2323.2,14:30:12.000869948
1,2323.0,2,2323.2,14:30:12.000869948
2,2323.0,2,2323.2,14:30:12.000902134
2,2323.0,1,2323.2,14:30:12.000951338
2,2323.0,1,2323.2,14:30:12.001110413
3,2323.0,1,2323.2,14:30:12.001131992
3,2323.0,1,2323.2,14:30:12.001268298
2,2323.0,1,2323.2,14:30:12.001323567
2,2323.0,2,2323.2,14:30:12.001351836
2,2323.0,3,2323.2,14:30:12.001585386
2,2323.0,3,2323.2,14:30:12.001639371
2,2323.0,4,2323.2,14:30:12.001676994
2,2323.0,5,2323.2,14:30:12.001694531
1,2323.0,5,2323.2,14:30:12.001748119
1,2323.0,4,2323.2,14:30:12.001879887
1,2323.0,3,2323.2,14:30:12.001895340
1,2323.0,1,2323.1,14:30:12.002134014
1,2323.0,3,2323.2,14:30:12.002195802
1,2323.0,3,2323.2,14:30:12.002195802
1,2323.0,2,2323.2,14:30:12.002298754
1,2323.0,3,2323.2,14:30:12.002562442
1,2323.0,4,2323.2,14:30:12.002622575
1,2323.0,1,2323.1,14:30:12.002680512
1,2323.0,1,2323.1,14:30:12.002836925
1,2323.0,3,2323.2,14:30:12.026006704
1,2323.0,3,2323.2,14:30:12.026006704
1,2323.0,3,2323.2,14:30:12.026165210
1,2323.0,4,2323.2,14:30:12.163340352
1,2323.0,1,2323.1,14:30:12.163371850
1,2323.0,2,2323.1,14:30:12.163401493
1,2323.0,2,2323.1,14:30:12.163434060
3,2322.9,2,2323.1,14:30:12.163475405
3,2322.9,2,2323.1,14:30:12.163475405
3,2322.9,2,2323.1,14:30:12.163658809
3,2322.9,1,2323.1,14:30:12.169144035
4,2322.9,1,2323.1,14:30:12.169157161
4,2322.9,4,2323.2,14:30:12.169249032
4,2322.9,4,2323.2,14:30:12.169249032
5,2322.9,4,2323.2,14:30:12.169266879
5,2322.9,4,2323.2,14:30:12.169303641
4,2322.9,4,2323.2,14:30:12.169545873
4,2322.9,4,2323.2,14:30:12.249204636
1,2323.0,4,2323.2,14:30:12.264887409
1,2323.0,3,2323.2,14:30:12.265123753
1,2323.0,2,2323.2,14:30:12.265159050
1,2323.0,2,2323.2,14:30:12.265277712
2,2323.0,2,2323.2,14:30:12.267917112
4,2322.9,2,2323.2,14:30:12.497949885
4,2322.9,2,2323.2,14:30:12.497949885
4,2322.9,1,2323.1,14:30:12.498054095
3,2322.9,1,2323.1,14:30:12.498093453
3,2322.9,1,2323.1,14:30:12.498205670
3,2322.9,1,2323.1,14:30:12.498221735
3,2322.9,1,2323.1,14:30:12.498236867
3,2322.9,2,2323.1,14:30:12.498279819
3,2322.9,2,2323.1,14:30:12.498336981
3,2322.9,3,2323.1,14:30:12.498463176
3,2322.9,3,2323.1,14:30:12.498593137
3,2322.9,3,2323.1,14:30:12.498627160
3,2322.9,2,2323.1,14:30:12.518467941
4,2322.9,2,2323.1,14:30:12.518491349
4,2322.9,2,2323.1,14:30:12.518533789
4,2322.9,2,2323.1,14:30:12.518586382
3,2322.9,2,2323.1,14:30:12.657946749
13,2322.9,2,2323.1,14:30:12.929052694
13,2322.9,2,2323.2,14:30:12.929360218
13,2322.9,2,2323.2,14:30:12.929360218
1,2323.0,2,2323.2,14:30:12.929499088
1,2323.0,1,2323.2,14:30:12.929522422
1,2323.0,1,2323.2,14:30:12.929543555
2,2323.0,1,2323.2,14:30:12.929670774
2,2323.0,1,2323.2,14:30:12.929710154
2,2323.0,1,2323.2,14:30:12.929781755
3,2323.0,1,2323.2,14:30:12.929843782
4,2323.0,1,2323.2,14:30:12.930291932
5,2323.0,1,2323.2,14:30:12.930358487
6,2323.0,1,2323.2,14:30:12.930438876
7,2323.0,1,2323.2,14:30:12.930891890
8,2323.0,1,2323.2,14:30:12.930968499
7,2323.0,1,2323.2,14:30:12.931039362
7,2323.0,1,2323.2,14:30:12.931070978
1,2323.1,1,2323.2,14:30:12.931100953
1,2323.1,1,2323.2,14:30:12.931135444
2,2323.1,1,2323.2,14:30:12.931305787
2,2323.1,1,2323.2,14:30:12.931695842
2,2323.1,1,2323.2,14:30:12.931714834
2,2323.1,1,2323.2,14:30:12.931730333
2,2323.1,1,2323.2,14:30:12.931777312
1,2323.1,1,2323.2,14:30:12.931830274
1,2323.1,1,2323.2,14:30:12.931885347
1,2323.1,1,2323.2,14:30:12.932011147
1,2323.1,1,2323.2,14:30:12.934019469
1,2323.1,1,2323.2,14:30:12.934019469
3,2323.0,1,2323.2,14:30:13.034528262
3,2323.0,1,2323.2,14:30:13.034528262
3,2323.0,2,2323.2,14:30:13.034748346
2,2323.0,2,2323.2,14:30:13.034831017
2,2323.0,2,2323.2,14:30:13.034841305
2,2323.0,2,2323.2,14:30:13.037055891
2,2323.0,2,2323.2,14:30:13.037069222
1,2323.0,2,2323.2,14:30:13.101872411
1,2323.0,3,2323.2,14:30:13.101972500
1,2323.0,4,2323.2,14:30:13.102032980
1,2323.0,4,2323.2,14:30:13.102102461
1,2323.0,3,2323.2,14:30:13.178816360
2,2323.0,3,2323.2,14:30:13.178848159
2,2323.0,3,2323.2,14:30:13.213184170
2,2323.0,3,2323.2,14:30:13.213195566
2,2323.0,3,2323.2,14:30:13.225641986
2,2323.0,3,2323.2,14:30:13.269643709
2,2323.0,2,2323.2,14:30:13.449269198
3,2323.0,2,2323.2,14:30:13.449313823
3,2323.0,1,2323.2,14:30:13.449451333
1,2323.1,1,2323.2,14:30:13.449593732
1,2323.1,4,2323.3,14:30:13.449845683
1,2323.1,4,2323.3,14:30:13.449845683
2,2323.1,4,2323.3,14:30:13.449991406
3,2323.1,4,2323.3,14:30:13.450008982
4,2323.1,4,2323.3,14:30:13.450051438
4,2323.1,3,2323.3,14:30:13.450263464
4,2323.1,3,2323.3,14:30:13.450278732
4,2323.1,3,2323.3,14:30:13.450291129
4,2323.1,3,2323.3,14:30:13.450324592
5,2323.1,3,2323.3,14:30:13.450344397
5,2323.1,3,2323.3,14:30:13.450427929
5,2323.1,3,2323.3,14:30:13.450478544
5,2323.1,3,2323.3,14:30:13.499839105
4,2323.1,3,2323.3,14:30:13.499945747
3,2323.1,3,2323.3,14:30:13.499965334
3,2323.1,4,2323.3,14:30:13.500065067
2,2323.1,4,2323.3,14:30:13.500120239
1,2323.1,4,2323.3,14:30:13.500169591
1,2323.1,1,2323.2,14:30:13.500244847
3,2323.0,1,2323.2,14:30:13.500476417
3,2323.0,1,2323.2,14:30:13.500476417
3,2323.0,1,2323.2,14:30:13.500542840
3,2323.0,2,2323.2,14:30:13.500633613
3,2323.0,3,2323.2,14:30:13.500673774
3,2323.0,4,2323.2,14:30:13.500728405
2,2323.0,4,2323.2,14:30:13.500787280
2,2323.0,5,2323.2,14:30:13.500820734
2,2323.0,4,2323.2,14:30:13.500951722
2,2323.0,3,2323.2,14:30:13.501092762
2,2323.0,2,2323.2,14:30:13.508676617
2,2323.0,1,2323.2,14:30:13.586878941
3,2323.0,1,2323.2,14:30:13.587009511
14,2322.9,1,2323.2,14:30:13.621220149
14,2322.9,2,2323.0,14:30:13.621220149
14,2322.9,2,2323.0,14:30:13.621220149
14,2322.9,2,2323.0,14:30:13.621297507
14,2322.9,2,2323.0,14:30:13.621506730
14,2322.9,2,2323.0,14:30:13.621506730
14,2322.9,2,2323.0,14:30:13.621535412
14,2322.9,2,2323.0,14:30:13.621535412
14,2322.9,2,2323.0,14:30:13.621559239
14,2322.9,1,2323.1,14:30:13.621823559
14,2322.9,1,2323.1,14:30:13.621823559
14,2322.9,1,2323.1,14:30:13.621864968
14,2322.9,1,2323.1,14:30:13.621897762
14,2322.9,1,2323.1,14:30:13.621897762
1,2323.0,1,2323.1,14:30:13.621903356
1,2323.0,1,2323.1,14:30:13.621945961
1,2323.0,1,2323.1,14:30:13.622202578
1,2323.0,1,2323.1,14:30:13.622250729
1,2323.0,1,2323.1,14:30:13.622318232
1,2323.0,1,2323.1,14:30:13.622330878
13,2322.9,1,2323.1,14:30:13.622419334
13,2322.9,1,2323.1,14:30:13.622419334
13,2322.9,6,2323.2,14:30:13.622445642
13,2322.9,6,2323.2,14:30:13.622445642
13,2322.9,5,2323.2,14:30:13.622538460
13,2322.9,1,2323.1,14:30:13.622591644
13,2322.9,3,2323.1,14:30:13.622714885
13,2322.9,3,2323.1,14:30:13.629426484
13,2322.9,1,2323.0,14:30:13.813968814
13,2322.9,3,2323.1,14:30:13.814216196
13,2322.9,3,2323.1,14:30:13.814216196
13,2322.9,3,2323.1,14:30:13.814244865
12,2322.9,3,2323.1,14:30:13.814480573
12,2322.9,3,2323.1,14:30:13.814496755
12,2322.9,3,2323.1,14:30:13.814512714
12,2322.9,3,2323.1,14:30:14.022592477
11,2322.9,3,2323.1,14:30:14.054416463
11,2322.9,4,2323.1,14:30:14.054524439
11,2322.9,5,2323.1,14:30:14.056952505
11,2322.9,4,2323.1,14:30:14.060498029
1,2322.9,4,2323.1,14:30:14.094917318
1,2322.9,1,2323.0,14:30:14.095071606
1,2322.9,1,2323.0,14:30:14.095147703
5,2322.8,1,2323.0,14:30:14.095248503
5,2322.8,1,2323.0,14:30:14.095248503
4,2322.8,1,2323.0,14:30:14.095294869
4,2322.8,2,2323.0,14:30:14.095390499
3,2322.8,2,2323.0,14:30:14.095415511
3,2322.8,2,2323.0,14:30:14.095456196
3,2322.8,2,2323.0,14:30:14.095499189
3,2322.8,3,2323.0,14:30:14.095591796
3,2322.8,4,2323.0,14:30:14.095609501
3,2322.8,1,2322.9,14:30:14.095659016
3,2322.8,1,2322.9,14:30:14.095709200
3,2322.8,1,2322.9,14:30:14.095765281
2,2322.8,1,2322.9,14:30:14.095842699
2,2322.8,1,2322.9,14:30:14.095896829
2,2322.8,1,2322.9,14:30:14.095925242
2,2322.8,1,2322.9,14:30:14.096031709
2,2322.8,5,2323.0,14:30:14.096073524
2,2322.8,5,2323.0,14:30:14.096073524
2,2322.8,5,2323.0,14:30:14.096102654
2,2322.8,4,2323.0,14:30:14.096223047
2,2322.8,3,2323.0,14:30:14.096353267
2,2322.8,3,2323.0,14:30:14.096376910
3,2322.8,3,2323.0,14:30:14.096398180
3,2322.8,3,2323.0,14:30:14.103106075
3,2322.8,4,2323.0,14:30:14.107238335
2,2322.8,4,2323.0,14:30:14.107403042
2,2322.8,4,2323.0,14:30:14.107432480
2,2322.8,5,2323.0,14:30:14.112163951
2,2322.8,4,2323.0,14:30:14.114015173
2,2322.8,3,2323.0,14:30:14.114205755
2,2322.8,3,2323.0,14:30:14.115850247
2,2322.8,3,2323.0,14:30:14.115850247
2,2322.8,3,2323.0,14:30:14.225755285
2,2322.8,4,2323.0,14:30:14.225883685
2,2322.8,1,2322.9,14:30:14.226018193
2,2322.8,1,2322.9,14:30:14.226350921
2,2322.8,2,2322.9,14:30:14.226613544
2,2322.8,2,2322.9,14:30:14.226720247
2,2322.7,2,2322.9,14:30:14.226836744
2,2322.7,2,2322.9,14:30:14.226836744
2,2322.7,3,2322.9,14:30:14.226997142
2,2322.7,4,2322.9,14:30:14.227032781
2,2322.7,4,2322.9,14:30:14.227186518
1,2322.7,4,2322.9,14:30:14.227344057
1,2322.7,5,2322.9,14:30:14.227470460
1,2322.7,1,2322.8,14:30:14.227914864
1,2322.7,1,2322.8,14:30:14.227937892
1,2322.7,1,2322.8,14:30:14.227980661
1,2322.7,1,2322.8,14:30:14.228247282
1,2322.7,1,2322.8,14:30:14.228276594
1,2322.7,1,2322.8,14:30:14.228292441
1,2322.7,1,2322.8,14:30:14.228311507
1,2322.7,5,2322.9,14:30:14.228360410
1,2322.7,5,2322.9,14:30:14.228360410
1,2322.7,1,2322.8,14:30:14.228385230
1,2322.7,2,2322.8,14:30:14.228578316
1,2322.7,2,2322.8,14:30:14.228588300
1,2322.7,2,2322.8,14:30:14.228737615
1,2322.7,1,2322.8,14:30:14.228876111
1,2322.7,1,2322.8,14:30:14.228948228
1,2322.7,1,2322.8,14:30:14.228948228
1,2322.7,1,2322.8,14:30:14.241193610
1,2322.7,1,2322.8,14:30:14.241377796
1,2322.7,2,2322.8,14:30:14.241632054
1,2322.7,2,2322.8,14:30:14.241792371
1,2322.7,4,2322.9,14:30:14.317351803
1,2322.7,3,2322.9,14:30:14.317351803
1,2322.7,3,2322.9,14:30:14.317351803
1,2322.8,3,2322.9,14:30:14.317476486
1,2322.8,3,2322.9,14:30:14.317517742
1,2322.8,3,2322.9,14:30:14.317616032
1,2322.8,2,2322.9,14:30:14.317692897
3,2322.7,2,2322.9,14:30:14.317860411
3,2322.7,2,2322.9,14:30:14.317860411
2,2322.7,2,2322.9,14:30:14.317980145
1,2322.7,2,2322.9,14:30:14.318031794
1,2322.7,1,2322.8,14:30:14.318075635
1,2322.7,1,2322.8,14:30:14.318191045
1,2322.7,2,2322.8,14:30:14.318270448
1,2322.7,2,2322.8,14:30:14.318295822
1,2322.7,2,2322.8,14:30:14.325553117
1,2322.7,2,2322.8,14:30:14.361271962
1,2322.7,3,2322.8,14:30:14.370282372
4,2322.6,3,2322.8,14:30:14.370508795
4,2322.6,3,2322.8,14:30:14.370508795
4,2322.6,3,2322.8,14:30:14.370548851
4,2322.6,1,2322.7,14:30:14.370670020
3,2322.6,1,2322.7,14:30:14.370695836
3,2322.6,1,2322.7,14:30:14.370725443
3,2322.6,1,2322.7,14:30:14.370759514
2,2322.6,1,2322.7,14:30:14.370781447
2,2322.6,3,2322.8,14:30:14.370828331
2,2322.6,3,2322.8,14:30:14.370828331
2,2322.6,3,2322.8,14:30:14.370855193
2,2322.6,3,2322.8,14:30:14.370873039
2,2322.6,3,2322.8,14:30:14.370926265
2,2322.6,3,2322.8,14:30:14.371101278
3,2322.6,3,2322.8,14:30:14.404071172
3,2322.6,3,2322.8,14:30:14.436474984
3,2322.6,3,2322.8,14:30:14.443183573
2,2322.6,3,2322.8,14:30:14.455322526
2,2322.6,3,2322.8,14:30:14.490180540
1,2322.6,3,2322.8,14:30:14.779232167
1,2322.6,1,2322.7,14:30:14.779393507
1,2322.6,2,2322.7,14:30:14.779447138
1,2322.6,2,2322.7,14:30:14.779622232
5,2322.5,2,2322.7,14:30:14.779721937
5,2322.5,2,2322.7,14:30:14.779721937
5,2322.5,1,2322.6,14:30:14.779740554
5,2322.5,1,2322.6,14:30:14.779841692
4,2322.5,1,2322.6,14:30:14.779944674
4,2322.5,1,2322.6,14:30:14.779976227
4,2322.5,2,2322.7,14:30:14.780128969
4,2322.5,2,2322.7,14:30:14.780128969
4,2322.5,2,2322.7,14:30:14.780152477
3,2322.5,2,2322.7,14:30:14.780152477
3,2322.5,2,2322.7,14:30:14.780161901
3,2322.5,1,2322.7,14:30:14.780424016
3,2322.5,1,2322.7,14:30:14.780436214
2,2322.5,1,2322.7,14:30:14.780473508
2,2322.5,1,2322.7,14:30:14.780502714
2,2322.5,1,2322.7,14:30:14.780554821
1,2322.6,1,2322.7,14:30:14.780714942
1,2322.6,1,2322.7,14:30:14.780739449
1,2322.6,1,2322.7,14:30:14.780755561
3,2322.5,1,2322.7,14:30:14.780793645
3,2322.5,1,2322.7,14:30:14.780793645
3,2322.5,1,2322.7,14:30:14.780821259
3,2322.5,1,2322.7,14:30:14.780821259
3,2322.5,2,2322.7,14:30:14.780854133
1,2322.6,2,2322.7,14:30:14.781025492
1,2322.6,1,2322.7,14:30:14.781059667
3,2322.5,1,2322.7,14:30:14.781111238
3,2322.5,1,2322.7,14:30:14.781111238
1,2322.6,1,2322.7,14:30:14.781260316
1,2322.6,3,2322.8,14:30:14.781333598
1,2322.6,3,2322.8,14:30:14.781333598
3,2322.5,3,2322.8,14:30:14.781363068
3,2322.5,3,2322.8,14:30:14.781363068
4,2322.5,3,2322.8,14:30:14.781570762
5,2322.5,3,2322.8,14:30:14.781585885
5,2322.5,3,2322.8,14:30:14.790235259
1,2322.6,3,2322.8,14:30:14.803352474
1,2322.6,3,2322.8,14:30:14.942118821
1,2322.6,3,2322.8,14:30:14.963193319
1,2322.6,3,2322.8,14:30:14.973179255
1,2322.6,4,2322.9,14:30:15.055095815
1,2322.6,4,2322.9,14:30:15.055095815
2,2322.6,4,2322.9,14:30:15.055240423
3,2322.6,4,2322.9,14:30:15.055257464
3,2322.6,3,2322.9,14:30:15.055276379
3,2322.6,3,2322.9,14:30:15.055290159
1,2322.7,3,2322.9,14:30:15.055330153
1,2322.7,3,2322.9,14:30:15.055399073
1,2322.7,3,2322.9,14:30:15.055414897
1,2322.7,3,2322.9,14:30:15.055652870
1,2322.7,4,2322.9,14:30:15.055692861
1,2322.7,4,2322.9,14:30:15.055932968
1,2322.7,3,2322.9,14:30:15.055991719
1,2322.7,1,2322.8,14:30:15.056214724
1,2322.7,1,2322.8,14:30:15.056246380
1,2322.7,3,2322.9,14:30:15.056566607
1,2322.7,3,2322.9,14:30:15.056566607
1,2322.7,1,2322.8,14:30:15.056680076
1,2322.7,1,2322.8,14:30:15.056720023
1,2322.7,1,2322.8,14:30:15.056775904
2,2322.6,1,2322.8,14:30:15.056851582
2,2322.6,1,2322.8,14:30:15.056851582
2,2322.6,2,2322.8,14:30:15.056882805
2,2322.6,3,2322.8,14:30:15.057213231
1,2322.6,3,2322.8,14:30:15.057238629
1,2322.6,4,2322.8,14:30:15.057349541
1,2322.6,5,2322.8,14:30:15.057406016
5,2322.5,5,2322.8,14:30:15.057432234
5,2322.5,5,2322.8,14:30:15.057432234
5,2322.5,6,2322.8,14:30:15.057499147
5,2322.5,5,2322.8,14:30:15.057822020
5,2322.5,1,2322.7,14:30:15.057976920
5,2322.5,1,2322.7,14:30:15.058017372
5,2322.5,2,2322.7,14:30:15.058214359
5,2322.5,2,2322.7,14:30:15.058240378
4,2322.5,2,2322.7,14:30:15.058278721
4,2322.5,3,2322.7,14:30:15.060598999
4,2322.5,3,2322.7,14:30:15.066240066
4,2322.5,2,2322.7,14:30:15.067210572
4,2322.5,2,2322.7,14:30:15.071216163
3,2322.5,2,2322.7,14:30:15.147703931
3,2322.5,3,2322.7,14:30:15.147851049
2,2322.5,3,2322.7,14:30:15.147953730
3,2322.5,3,2322.7,14:30:15.173622993
3,2322.5,2,2322.7,14:30:15.174294558
1,2322.6,2,2322.7,14:30:15.174420687
1,2322.6,2,2322.7,14:30:15.174640210
4,2322.5,2,2322.7,14:30:15.199076850
4,2322.5,2,2322.7,14:30:15.199076850
4,2322.5,2,2322.7,14:30:15.233188859
5,2322.4,2,2322.7,14:30:15.389022087
7,2322.3,2,2322.7,14:30:15.389022087
79,2322.2,2,2322.7,14:30:15.389022087
75,2322.2,2,2322.7,14:30:15.389022087
75,2322.2,2,2322.7,14:30:15.389022087
75,2322.2,2,2322.7,14:30:15.389022087
75,2322.2,2,2322.7,14:30:15.389022087
75,2322.2,3,2322.7,14:30:15.389046798
75,2322.2,4,2322.7,14:30:15.389070881
75,2322.2,4,2322.7,14:30:15.389070881
75,2322.2,5,2322.7,14:30:15.389082978
75,2322.2,6,2322.7,14:30:15.389082978
75,2322.2,1,2322.6,14:30:15.389325828
75,2322.2,1,2322.6,14:30:15.389560508
74,2322.2,1,2322.6,14:30:15.389560508
74,2322.2,2,2322.6,14:30:15.389741250
74,2322.2,2,2322.6,14:30:15.389820222
3,2322.3,2,2322.6,14:30:15.389947520
3,2322.3,3,2322.6,14:30:15.389985815
2,2322.4,3,2322.6,14:30:15.390212898
2,2322.4,3,2322.6,14:30:15.390250791
2,2322.4,3,2322.6,14:30:15.390267825
2,2322.4,3,2322.6,14:30:15.390306596
2,2322.4,3,2322.6,14:30:15.390372825
2,2322.4,3,2322.6,14:30:15.390403434
2,2322.4,4,2322.6,14:30:15.390472500
2,2322.4,1,2322.5,14:30:15.390494629
2,2322.4,1,2322.5,14:30:15.390519931
2,2322.4,1,2322.5,14:30:15.390538454
2,2322.4,1,2322.5,14:30:15.390553874
2,2322.4,1,2322.5,14:30:15.390604007
2,2322.4,1,2322.5,14:30:15.390729882
2,2322.4,1,2322.5,14:30:15.390745149
2,2322.4,1,2322.5,14:30:15.390765034
2,2322.4,1,2322.5,14:30:15.390779060
2,2322.4,1,2322.5,14:30:15.390793195
2,2322.4,1,2322.5,14:30:15.390852553
2,2322.4,1,2322.5,14:30:15.391109355
2,2322.4,1,2322.5,14:30:15.391122533
2,2322.4,1,2322.5,14:30:15.391269483
2,2322.4,1,2322.5,14:30:15.391281595
2,2322.4,1,2322.5,14:30:15.391336163
2,2322.4,2,2322.5,14:30:15.391449157
2,2322.4,2,2322.5,14:30:15.391528371
7,2322.3,2,2322.5,14:30:15.391558327
7,2322.3,2,2322.5,14:30:15.391558327
7,2322.3,2,2322.4,14:30:15.391720368
7,2322.3,1,2322.4,14:30:15.391799420
7,2322.3,1,2322.4,14:30:15.391821072
7,2322.3,1,2322.4,14:30:15.391835229
7,2322.3,2,2322.5,14:30:15.391878945
7,2322.3,2,2322.5,14:30:15.391878945
6,2322.3,2,2322.5,14:30:15.391903976
6,2322.3,2,2322.5,14:30:15.391916773
6,2322.3,2,2322.5,14:30:15.391930549
5,2322.3,2,2322.5,14:30:15.391981148
5,2322.3,2,2322.5,14:30:15.391999351
5,2322.3,2,2322.5,14:30:15.391999351
5,2322.3,1,2322.5,14:30:15.392273538
5,2322.3,1,2322.5,14:30:15.392364590
5,2322.3,1,2322.5,14:30:15.392377489
5,2322.3,1,2322.5,14:30:15.392393298
1,2322.4,1,2322.5,14:30:15.392469196
1,2322.4,1,2322.5,14:30:15.392608572
1,2322.4,1,2322.5,14:30:15.392629366
2,2322.4,1,2322.5,14:30:15.392661399
2,2322.4,1,2322.5,14:30:15.392696920
3,2322.4,1,2322.5,14:30:15.392773433
2,2322.4,1,2322.5,14:30:15.392805149
3,2322.4,1,2322.5,14:30:15.392910812
3,2322.4,1,2322.5,14:30:15.397217571
2,2322.4,1,2322.5,14:30:15.398259330
2,2322.4,2,2322.5,14:30:15.400851212
1,2322.4,2,2322.5,14:30:15.400967413
4,2322.3,2,2322.5,14:30:15.401082986
4,2322.3,2,2322.5,14:30:15.401082986
4,2322.3,2,2322.5,14:30:15.401240836
4,2322.3,1,2322.4,14:30:15.401341382
3,2322.3,1,2322.4,14:30:15.401450281
3,2322.3,1,2322.4,14:30:15.401819546
3,2322.3,1,2322.4,14:30:15.586637052
3,2322.3,1,2322.4,14:30:15.586746837
3,2322.3,2,2322.5,14:30:15.606375565
3,2322.3,2,2322.5,14:30:15.606375565
1,2322.4,2,2322.5,14:30:15.606730903
2,2322.4,2,2322.5,14:30:15.606742808
2,2322.4,1,2322.5,14:30:15.606920741
1,2322.4,1,2322.5,14:30:15.607098453
3,2322.3,1,2322.5,14:30:15.607213832
3,2322.3,1,2322.5,14:30:15.607213832
3,2322.3,2,2322.5,14:30:15.607377642
3,2322.3,3,2322.5,14:30:15.607982743
3,2322.3,4,2322.5,14:30:15.608082447
4,2322.3,4,2322.5,14:30:15.608727145
4,2322.3,3,2322.5,14:30:15.608836221
1,2322.4,3,2322.5,14:30:15.608962762
1,2322.4,2,2322.5,14:30:15.609074205
4,2322.3,2,2322.5,14:30:15.616894190
2,2322.3,2,2322.5,14:30:15.616894190
2,2322.3,2,2322.5,14:30:15.616894190
2,2322.3,2,2322.5,14:30:15.616919227
2,2322.3,2,2322.5,14:30:15.616919227
2,2322.3,2,2322.5,14:30:15.616919227
2,2322.3,3,2322.5,14:30:15.617010470
2,2322.3,1,2322.4,14:30:15.617132373
2,2322.3,1,2322.4,14:30:15.617616291
2,2322.3,1,2322.4,14:30:15.617702420
5,2322.3,1,2322.4,14:30:15.617728876
5,2322.3,5,2322.5,14:30:15.617772784
5,2322.3,5,2322.5,14:30:15.617772784
4,2322.3,5,2322.5,14:30:15.618320775
3,2322.3,5,2322.5,14:30:15.618463636
3,2322.3,1,2322.4,14:30:15.618463636
3,2322.3,1,2322.4,14:30:15.618488123
3,2322.3,4,2322.5,14:30:15.618549186
3,2322.3,4,2322.5,14:30:15.618549186
3,2322.3,3,2322.5,14:30:15.618572914
1,2322.4,3,2322.5,14:30:15.618595321
1,2322.4,4,2322.5,14:30:15.618792106
3,2322.3,4,2322.5,14:30:15.618830776
3,2322.3,4,2322.5,14:30:15.618830776
3,2322.3,1,2322.4,14:30:15.618986539
3,2322.3,1,2322.4,14:30:15.619020576
3,2322.3,3,2322.5,14:30:15.619225235
3,2322.3,3,2322.5,14:30:15.619225235
3,2322.3,4,2322.5,14:30:15.620176838
4,2322.3,4,2322.5,14:30:15.620494224
4,2322.3,4,2322.5,14:30:16.140917198
4,2322.3,4,2322.5,14:30:16.140927160
4,2322.3,3,2322.5,14:30:16.186135588
5,2322.4,3,2322.5,14:30:16.213466113
5,2322.4,8,2322.6,14:30:16.213757956
5,2322.4,8,2322.6,14:30:16.213757956
1,2322.5,8,2322.6,14:30:16.214133915
1,2322.5,7,2322.6,14:30:16.214216276
2,2322.5,7,2322.6,14:30:16.214271183
2,2322.5,7,2322.6,14:30:16.214508023
2,2322.5,7,2322.6,14:30:16.214522250
1,2322.5,7,2322.6,14:30:16.214755678
1,2322.5,7,2322.6,14:30:16.214771679
1,2322.5,6,2322.6,14:30:16.214793190
5,2322.4,6,2322.6,14:30:16.214829322
5,2322.4,6,2322.6,14:30:16.214829322
5,2322.4,6,2322.6,14:30:16.214851287
5,2322.4,3,2322.6,14:30:16.214870244
5,2322.4,1,2322.5,14:30:16.214925538
5,2322.4,1,2322.5,14:30:16.214999878
5,2322.4,1,2322.5,14:30:16.215064683
5,2322.4,1,2322.5,14:30:16.215064683
5,2322.4,1,2322.5,14:30:16.215303789
5,2322.4,1,2322.5,14:30:16.215336100
5,2322.4,4,2322.6,14:30:16.215379483
5,2322.4,4,2322.6,14:30:16.215379483
5,2322.4,4,2322.6,14:30:16.221960710
6,2322.4,4,2322.6,14:30:16.264596126
6,2322.4,4,2322.6,14:30:16.264822498
6,2322.4,4,2322.6,14:30:16.264831528
6,2322.4,3,2322.6,14:30:16.264847663
5,2322.4,3,2322.6,14:30:16.400084661
5,2322.4,3,2322.6,14:30:16.400351053
5,2322.4,7,2322.7,14:30:16.446266369
5,2322.4,4,2322.8,14:30:16.446266369
5,2322.4,4,2322.8,14:30:16.446266369
5,2322.4,4,2322.8,14:30:16.446266369
1,2322.5,4,2322.8,14:30:16.446287038
2,2322.5,4,2322.8,14:30:16.446382922
3,2322.5,4,2322.8,14:30:16.446422142
4,2322.5,4,2322.8,14:30:16.446779342
4,2322.5,4,2322.8,14:30:16.446792508
4,2322.5,4,2322.8,14:30:16.446792508
4,2322.5,4,2322.8,14:30:16.446807279
4,2322.5,4,2322.8,14:30:16.446826345
5,2322.5,4,2322.8,14:30:16.447160448
5,2322.5,4,2322.8,14:30:16.447173040
7,2322.5,4,2322.8,14:30:16.447191777
7,2322.5,4,2322.8,14:30:16.447237275
7,2322.5,4,2322.8,14:30:16.447274450
7,2322.5,4,2322.8,14:30:16.447290533
8,2322.5,4,2322.8,14:30:16.447323005
9,2322.5,4,2322.8,14:30:16.447347245
10,2322.5,4,2322.8,14:30:16.447363505
10,2322.5,4,2322.8,14:30:16.447492873
10,2322.5,4,2322.8,14:30:16.447773058
10,2322.5,4,2322.8,14:30:16.447788375
10,2322.5,4,2322.8,14:30:16.447788375
9,2322.5,4,2322.8,14:30:16.447847806
1,2322.6,4,2322.8,14:30:16.447873224
1,2322.6,4,2322.8,14:30:16.447895292
1,2322.6,4,2322.8,14:30:16.447913874
2,2322.6,4,2322.8,14:30:16.447952624
2,2322.6,4,2322.8,14:30:16.448149713
2,2322.6,4,2322.8,14:30:16.448163050
2,2322.6,3,2322.8,14:30:16.448198868
2,2322.6,3,2322.8,14:30:16.448211009
2,2322.6,3,2322.8,14:30:16.448226161
2,2322.6,3,2322.8,14:30:16.450127977
2,2322.6,3,2322.8,14:30:16.450140089
2,2322.6,3,2322.8,14:30:16.454504954
2,2322.6,4,2322.8,14:30:16.475344510
1,2322.6,4,2322.8,14:30:16.475474244
1,2322.6,4,2322.8,14:30:16.475491400
1,2322.6,1,2322.7,14:30:16.475609930
1,2322.6,1,2322.7,14:30:16.475740131
1,2322.6,4,2322.8,14:30:16.475867730
1,2322.6,4,2322.8,14:30:16.475867730
1,2322.6,4,2322.8,14:30:16.475913722
1,2322.6,4,2322.8,14:30:16.475934656
7,2322.5,4,2322.8,14:30:16.475976737
7,2322.5,4,2322.8,14:30:16.475976737
6,2322.5,4,2322.8,14:30:16.476027599
1,2322.6,4,2322.8,14:30:16.476206991
1,2322.6,3,2322.8,14:30:16.476348597
2,2322.6,3,2322.8,14:30:16.476390842
3,2322.6,3,2322.8,14:30:16.476400887
4,2322.6,3,2322.8,14:30:16.476483297
3,2322.6,3,2322.8,14:30:16.476533354
3,2322.6,3,2322.8,14:30:16.476547152
3,2322.6,2,2322.8,14:30:16.476568519
3,2322.6,1,2322.7,14:30:16.476669266
3,2322.6,2,2322.8,14:30:16.476913419
3,2322.6,2,2322.8,14:30:16.476913419
3,2322.6,1,2322.8,14:30:16.477063421
3,2322.6,1,2322.8,14:30:16.482180526
3,2322.6,2,2322.8,14:30:16.482212031
3,2322.6,2,2322.8,14:30:16.482212031
3,2322.6,2,2322.8,14:30:16.584539968
3,2322.6,3,2322.8,14:30:16.584675324
3,2322.6,4,2322.8,14:30:16.584788798
4,2322.6,4,2322.8,14:30:16.630903135
4,2322.6,3,2322.8,14:30:16.631041173
4,2322.6,2,2322.8,14:30:16.631137981
1,2322.7,2,2322.8,14:30:16.631171076
1,2322.7,1,2322.8,14:30:16.631359810
1,2322.7,1,2322.8,14:30:16.631371436
1,2322.7,1,2322.8,14:30:16.631402285
4,2322.6,1,2322.8,14:30:16.631486408
4,2322.6,1,2322.8,14:30:16.631486408
4,2322.6,1,2322.8,14:30:16.631564598
4,2322.6,2,2322.8,14:30:16.631611758
4,2322.6,3,2322.8,14:30:16.631710918
4,2322.6,4,2322.8,14:30:16.631866822
4,2322.6,3,2322.8,14:30:16.741890912
4,2322.6,2,2322.8,14:30:16.742018408
4,2322.6,3,2322.8,14:30:16.862356507
4,2322.6,3,2322.8,14:30:16.914535967
4,2322.6,3,2322.8,14:30:16.914535967
4,2322.6,3,2322.8,14:30:16.934495764
4,2322.6,4,2322.8,14:30:16.980185948
4,2322.6,3,2322.8,14:30:16.980306943
4,2322.6,4,2322.9,14:30:17.086684702
4,2322.6,4,2322.9,14:30:17.086684702
1,2322.7,4,2322.9,14:30:17.086808412
2,2322.7,4,2322.9,14:30:17.086863643
2,2322.7,4,2322.9,14:30:17.087052857
2,2322.7,4,2322.9,14:30:17.087067961
3,2322.7,4,2322.9,14:30:17.087090109
2,2322.7,4,2322.9,14:30:17.087485096
2,2322.7,4,2322.9,14:30:17.087497452
2,2322.7,3,2322.9,14:30:17.087681855
2,2322.7,1,2322.8,14:30:17.087734307
2,2322.7,1,2322.8,14:30:17.087905892
2,2322.7,1,2322.8,14:30:17.087924414
1,2322.7,1,2322.8,14:30:17.087993752
1,2322.7,1,2322.8,14:30:17.088306450
1,2322.7,4,2322.9,14:30:17.088331244
1,2322.7,4,2322.9,14:30:17.088331244
4,2322.6,4,2322.9,14:30:17.088399396
4,2322.6,4,2322.9,14:30:17.088399396
4,2322.6,4,2322.9,14:30:17.088649744
1,2322.7,4,2322.9,14:30:17.095083246
1,2322.7,4,2322.9,14:30:17.095573454
2,2322.7,4,2322.9,14:30:17.145911521
2,2322.7,4,2322.9,14:30:17.146044445
2,2322.7,4,2322.9,14:30:17.499586261
1,2322.7,4,2322.9,14:30:18.171965928
1,2322.7,1,2322.8,14:30:18.172098328
3,2322.6,1,2322.8,14:30:18.172271682
3,2322.6,1,2322.8,14:30:18.172271682
3,2322.6,1,2322.8,14:30:18.172321120
3,2322.6,2,2322.8,14:30:18.172410786
3,2322.6,3,2322.8,14:30:18.172428800
3,2322.6,4,2322.8,14:30:18.172463756
3,2322.6,4,2322.8,14:30:18.172662279
3,2322.6,5,2322.8,14:30:18.172762230
3,2322.6,4,2322.8,14:30:18.172852705
3,2322.6,3,2322.8,14:30:18.175122932
3,2322.6,2,2322.8,14:30:18.175331302
3,2322.6,1,2322.8,14:30:18.176890236
4,2322.6,1,2322.8,14:30:18.176927616
3,2322.6,1,2322.8,14:30:18.178694356
3,2322.6,2,2322.8,14:30:18.178830052
3,2322.6,2,2322.8,14:30:18.194276676
3,2322.6,2,2322.8,14:30:18.195627545
3,2322.6,3,2322.8,14:30:18.225207530
1,2322.7,3,2322.8,14:30:18.282129852
1,2322.7,2,2322.8,14:30:18.282261250
1,2322.7,1,2322.8,14:30:18.282332317
3,2322.6,1,2322.8,14:30:18.282450857
3,2322.6,1,2322.8,14:30:18.282450857
3,2322.6,4,2322.9,14:30:18.282492247
3,2322.6,4,2322.9,14:30:18.282492247
3,2322.6,1,2322.8,14:30:18.282680497
3,2322.6,2,2322.8,14:30:18.282744614
3,2322.6,3,2322.8,14:30:18.282921085
5,2322.6,3,2322.8,14:30:18.370226649
1,2322.7,3,2322.8,14:30:18.370375097
1,2322.7,2,2322.8,14:30:18.370439834
1,2322.7,4,2322.9,14:30:18.370658600
1,2322.7,4,2322.9,14:30:18.370658600
3,2322.7,4,2322.9,14:30:18.370787672
3,2322.7,4,2322.9,14:30:18.370787672
4,2322.7,4,2322.9,14:30:18.370863165
5,2322.7,4,2322.9,14:30:18.370905190
1,2322.8,4,2322.9,14:30:18.370946507
1,2322.8,3,2322.9,14:30:18.370988889
1,2322.8,3,2322.9,14:30:18.371066846
1,2322.8,3,2322.9,14:30:18.371137301
2,2322.8,3,2322.9,14:30:18.371203267
2,2322.8,3,2322.9,14:30:18.371303836
2,2322.8,2,2322.9,14:30:18.371360211
2,2322.8,1,2322.9,14:30:18.371457177
2,2322.8,1,2322.9,14:30:18.371468105
2,2322.8,1,2322.9,14:30:18.371484937
2,2322.8,1,2322.9,14:30:18.371498323
2,2322.8,3,2323.0,14:30:18.371537882
2,2322.8,3,2323.0,14:30:18.371537882
4,2322.8,3,2323.0,14:30:18.371565048
4,2322.8,3,2323.0,14:30:18.371565048
3,2322.8,3,2323.0,14:30:18.371598491
3,2322.8,3,2323.0,14:30:18.371611509
3,2322.8,3,2323.0,14:30:18.371782466
2,2322.8,3,2323.0,14:30:18.371805154
3,2322.7,3,2323.0,14:30:18.371915829
3,2322.7,3,2323.0,14:30:18.371915829
2,2322.7,3,2323.0,14:30:18.371941432
2,2322.7,1,2322.9,14:30:18.371980991
2,2322.7,1,2322.9,14:30:18.372008730
