price,volume,timestamp
5053.5,2,09:46:05.639765610
5053.5,8,09:46:05.639865362
5053.5,2,09:46:05.641418331
5053.5,4,09:46:05.641631131
5053.5,1,09:46:05.641653460
5053.5,1,09:46:05.674184176
5053.75,8,09:46:05.681745356
5053.5,1,09:46:06.153392864
5053.5,5,09:46:06.153493928
5053.5,1,09:46:06.153572074
5053.5,2,09:46:06.153572074
5053.5,2,09:46:06.153606631
5053.5,4,09:46:06.163070621
5053.5,5,09:46:06.163340441
5053.5,1,09:46:06.163373391
5053.5,6,09:46:06.229850942
5053.5,1,09:46:06.229931712
5053.5,5,09:46:06.324076905
5053.75,1,09:46:06.458818234
5053.75,5,09:46:06.458901772
5053.75,4,09:46:06.458968995
5053.75,1,09:46:06.458991476
5053.75,1,09:46:06.459432019
5053.75,5,09:46:06.459536649
5053.75,1,09:46:06.459574243
5053.75,1,09:46:06.459715391
5053.75,1,09:46:06.467352506
5053.75,1,09:46:06.468010858
5053.75,1,09:46:06.468089784
5053.5,3,09:46:06.487159977
5053.75,1,09:46:07.132130968
5053.75,2,09:46:07.175914534
5053.5,32,09:46:08.009678202
5053.25,18,09:46:08.009678202
5053.25,2,09:46:08.016699858
5053.25,6,09:46:08.028837447
5053.25,5,09:46:08.049131079
5053.25,5,09:46:08.050966678
5053.25,6,09:46:08.119218075
5053.25,3,09:46:08.199898511
5053.25,1,09:46:08.200081190
5053.25,6,09:46:08.200202001
5053.25,2,09:46:08.200894288
5053.5,1,09:46:08.488234638
5053.25,3,09:46:08.509508782
5053.25,5,09:46:08.633274172
5053.25,1,09:46:08.683584572
5053.25,3,09:46:08.683764790
5053.25,1,09:46:08.684160814
5053.5,1,09:46:08.730612707
5053.5,1,09:46:08.805002832
5053.25,1,09:46:09.027479571
5053.5,1,09:46:09.103942416
5053.5,1,09:46:09.191094895
5053.5,2,09:46:09.191273898
5053.5,4,09:46:09.191362712
5053.5,1,09:46:09.191610762
5053.5,3,09:46:09.191739864
5053.5,1,09:46:09.191842219
5053.5,1,09:46:09.192049046
5053.5,1,09:46:09.200107881
5053.5,5,09:46:09.456852518
5053.25,4,09:46:09.615305113
5053.5,5,09:46:10.204585440
5053.25,7,09:46:10.552575465
5053.25,1,09:46:10.552849071
5053.25,9,09:46:10.553102743
5053.25,1,09:46:10.560861630
5053.25,1,09:46:10.560939862
5053.25,1,09:46:10.560963238
5053.25,2,09:46:10.561125235
5053.25,1,09:46:10.662407372
5053.25,2,09:46:10.662486106
5053.25,2,09:46:10.662990667
5053.25,3,09:46:10.663185835
5053.25,1,09:46:10.669761367
5053.25,1,09:46:10.717998543
5053.25,1,09:46:10.769678852
5053.25,1,09:46:10.782601794
5053.25,3,09:46:10.782800585
5053.25,1,09:46:10.909568174
5053.25,2,09:46:10.909769740
5053.25,1,09:46:10.937390289
5053.25,10,09:46:11.233511964
5053.25,2,09:46:11.491783695
5053.25,16,09:46:11.560838265
5053.5,4,09:46:11.825577406
5053.5,6,09:46:11.825954593
5053.5,10,09:46:11.826165381
5053.5,1,09:46:11.827747170
5053.5,2,09:46:11.827924846
5053.5,1,09:46:11.839358662
5053.5,1,09:46:11.893599672
5053.5,2,09:46:11.893930732
5053.5,2,09:46:11.894085573
5053.5,2,09:46:11.894120448
5053.5,2,09:46:11.894191630
5053.5,1,09:46:11.894215070
5053.75,3,09:46:12.140724932
5053.75,1,09:46:12.140904369
5053.75,1,09:46:12.140939344
5053.75,6,09:46:12.141119423
5053.75,2,09:46:12.149351254
5053.75,1,09:46:12.149378323
5053.75,1,09:46:12.149463058
5053.75,1,09:46:12.149540102
5053.75,1,09:46:12.149779371
5053.75,2,09:46:12.149894689
5053.75,1,09:46:12.149962098
5053.75,2,09:46:12.149962098
5053.75,1,09:46:12.150063159
5053.75,2,09:46:12.150227195
5053.5,1,09:46:12.406963606
5053.75,12,09:46:12.620751895
5053.75,3,09:46:12.656150380
5053.75,1,09:46:12.656335782
5053.75,3,09:46:12.656397914
5053.75,2,09:46:12.656590021
5053.75,1,09:46:12.728168447
5054.0,3,09:46:12.736172032
5054.0,3,09:46:12.736416076
5054.0,2,09:46:12.780422368
5054.0,1,09:46:12.780447898
5054.0,5,09:46:12.780524341
5054.0,1,09:46:12.780546021
5054.0,3,09:46:12.780589517
5054.0,1,09:46:12.780621606
5054.0,9,09:46:12.780706885
5054.0,2,09:46:12.793690984
5054.0,1,09:46:12.793862799
5054.0,1,09:46:12.794024118
5054.0,1,09:46:12.794355398
5054.25,5,09:46:12.850014991
5054.25,1,09:46:12.850028782
5054.25,2,09:46:12.856723107
5054.25,1,09:46:12.875086220
5054.0,1,09:46:12.880567685
5054.0,1,09:46:13.157560091
5054.0,2,09:46:13.157755816
5054.0,1,09:46:13.157956310
5054.0,2,09:46:13.158119891
5054.0,1,09:46:13.158177482
5054.25,5,09:46:13.449664642
5054.25,2,09:46:13.449897863
5054.25,2,09:46:13.449949476
5054.25,1,09:46:13.450020860
5054.25,4,09:46:13.450063057
5054.25,3,09:46:13.450117819
5054.25,3,09:46:13.450199795
5054.25,1,09:46:13.450235815
5054.25,1,09:46:13.450382449
5054.0,1,09:46:13.454091961
5054.25,2,09:46:13.462960326
5054.25,4,09:46:13.477991106
5054.25,1,09:46:13.478472226
5054.25,1,09:46:13.629185689
5054.0,4,09:46:13.688559212
5054.0,1,09:46:13.689655756
5053.75,2,09:46:13.896221398
5053.75,3,09:46:13.896249876
5053.75,2,09:46:13.896460961
5053.75,1,09:46:13.896525151
5053.75,1,09:46:13.896591415
5053.75,1,09:46:13.896704406
5053.75,6,09:46:13.896704406
5053.5,1,09:46:13.930818600
5053.75,1,09:46:13.995768697
5053.75,1,09:46:14.021084866
5053.75,1,09:46:14.247072001
5053.75,1,09:46:14.247240971
5053.75,2,09:46:14.283254608
5053.75,1,09:46:14.283413194
5053.75,1,09:46:14.283638644
5054.0,2,09:46:14.969087963
5054.0,1,09:46:15.207260683
5053.75,10,09:46:15.429466479
5053.75,5,09:46:15.751327856
5053.75,8,09:46:15.751575554
5053.75,1,09:46:15.773991232
5053.75,1,09:46:15.784035669
5053.75,1,09:46:15.786697486
5053.75,1,09:46:15.787002439
5053.75,5,09:46:15.893618570
5053.75,2,09:46:15.893653242
5054.0,1,09:46:16.124118805
5054.0,2,09:46:16.295412840
5054.0,1,09:46:16.295494493
5054.0,1,09:46:16.295579311
5054.0,3,09:46:16.295579311
5054.0,1,09:46:16.295601593
5054.0,9,09:46:16.296309709
5054.0,3,09:46:16.296521143
5054.0,3,09:46:16.446413874
5054.0,2,09:46:16.473302682
5054.0,1,09:46:16.473461786
5054.0,1,09:46:16.562578389
5054.0,2,09:46:16.563082860
5054.0,1,09:46:16.563112406
5054.0,1,09:46:16.563239013
5054.0,1,09:46:16.563309239
5054.0,13,09:46:17.057755939
5054.0,1,09:46:17.103170428
5054.25,3,09:46:17.425172153
5054.25,1,09:46:17.425183072
5054.25,3,09:46:17.425272836
5054.25,1,09:46:17.425308617
5054.25,2,09:46:17.425373022
5054.25,3,09:46:17.427355228
5054.25,1,09:46:17.427492671
5054.25,2,09:46:17.427743783
5054.25,4,09:46:17.427935673
5054.25,1,09:46:17.441913084
5054.25,6,09:46:17.486588404
5054.25,2,09:46:17.581067394
5054.25,1,09:46:17.581924579
5054.25,1,09:46:17.582190729
5054.25,1,09:46:17.609292697
5054.25,1,09:46:17.624672140
5054.5,1,09:46:17.778742313
5054.5,1,09:46:17.778753494
5054.5,1,09:46:17.871096975
5054.25,1,09:46:17.875863090
5054.5,29,09:46:18.388943291
5054.5,1,09:46:18.393409515
5054.5,2,09:46:18.393449384
5054.5,2,09:46:18.393589586
5054.5,1,09:46:18.393628934
5054.5,1,09:46:18.393857767
5054.5,1,09:46:18.393894741
5054.5,1,09:46:18.393923672
5054.5,1,09:46:18.394113548
5054.5,1,09:46:18.394176602
5054.5,1,09:46:18.394211867
5054.5,1,09:46:18.395871037
5054.5,1,09:46:18.396022377
5054.5,5,09:46:18.396670038
5054.5,2,09:46:18.402397053
5054.5,4,09:46:18.473020834
5054.75,1,09:46:18.519742345
5054.75,3,09:46:18.519754867
5054.75,1,09:46:18.519754867
5054.75,2,09:46:18.571652389
5054.75,1,09:46:18.730748699
5054.75,2,09:46:18.961111262
5054.5,1,09:46:19.013211389
5054.5,2,09:46:19.013234669
5054.5,8,09:46:19.013520745
5054.5,1,09:46:19.013570958
5054.5,1,09:46:19.153008277
5054.5,3,09:46:19.346630165
5054.5,1,09:46:19.356435099
5054.5,5,09:46:19.356664751
5054.5,1,09:46:19.385394449
5054.25,1,09:46:19.445743217
5054.5,2,09:46:19.508405864
5054.25,2,09:46:19.510517167
5054.5,1,09:46:19.671503064
5054.5,1,09:46:19.676052760
5054.25,1,09:46:19.914573868
5054.25,6,09:46:19.914686705
5054.25,1,09:46:19.914719999
5054.25,2,09:46:19.914794403
5054.25,1,09:46:19.918464499
5054.25,2,09:46:19.918663160
5054.25,1,09:46:19.918692217
5054.25,4,09:46:19.919142395
5054.25,2,09:46:20.058418191
5054.25,1,09:46:20.058443484
5054.25,1,09:46:20.058465574
5054.25,1,09:46:20.172909584
5054.25,3,09:46:20.173052854
5054.25,6,09:46:20.173134126
5054.25,1,09:46:20.173389978
5054.25,1,09:46:20.173427389
5054.25,1,09:46:20.176542742
5054.25,3,09:46:20.177042340
5054.25,5,09:46:20.177450075
5054.25,1,09:46:20.700183272
5054.0,1,09:46:21.255502078
5054.0,2,09:46:21.259796888
5054.0,1,09:46:21.259847056
5054.0,6,09:46:21.259925607
5054.0,3,09:46:21.259994057
5054.0,1,09:46:21.260347882
5054.0,1,09:46:21.260788236
5053.75,1,09:46:21.261585135
5054.0,6,09:46:21.423114294
5054.0,2,09:46:21.423191119
5054.0,1,09:46:21.423191119
5054.0,1,09:46:21.586438403
5054.0,1,09:46:21.761008489
5053.75,2,09:46:21.787208043
5053.75,1,09:46:21.787387957
5053.75,3,09:46:21.787457747
5053.75,1,09:46:21.787492765
5053.75,12,09:46:21.787602092
5053.75,1,09:46:21.787959879
5053.75,2,09:46:21.794430979
5053.75,1,09:46:21.794809735
5053.75,1,09:46:21.794988693
5053.75,3,09:46:21.832548303
5053.75,2,09:46:21.832740720
5053.75,5,09:46:22.292743086
5053.75,1,09:46:22.292927323
5053.75,3,09:46:22.292985068
5053.75,1,09:46:22.293254367
5053.75,1,09:46:22.337294700
5053.75,2,09:46:22.337464099
5053.75,1,09:46:22.337520113
5053.75,2,09:46:22.337828878
5053.75,5,09:46:22.338057342
5053.75,1,09:46:22.338122025
5053.75,7,09:46:22.431809798
5054.0,1,09:46:22.495601417
5053.75,3,09:46:22.873166838
5053.75,1,09:46:22.878771723
5054.0,14,09:46:23.091175032
5054.0,2,09:46:23.098324156
5054.0,1,09:46:23.098487980
5054.0,1,09:46:23.098521321
5054.0,2,09:46:23.098566720
5054.0,1,09:46:23.098888829
5054.0,7,09:46:23.104917644
5054.0,6,09:46:23.108760664
5054.25,1,09:46:23.304005591
5054.25,6,09:46:23.308836066
5054.25,3,09:46:23.308903440
5054.25,5,09:46:23.308985787
5054.25,2,09:46:23.309025532
5054.25,1,09:46:23.309083613
5054.25,2,09:46:23.309115864
5054.25,1,09:46:23.309647827
5054.25,5,09:46:23.309731620
5054.25,1,09:46:23.309867197
5054.25,1,09:46:23.310099215
5054.25,15,09:46:23.310571746
5054.25,1,09:46:23.310746022
5054.25,1,09:46:23.491557041
5054.25,4,09:46:23.491771288
5054.25,1,09:46:23.491983511
5054.25,2,09:46:23.492220284
5054.25,1,09:46:23.492262985
5054.25,1,09:46:23.514620422
5054.25,1,09:46:23.599595477
5054.25,1,09:46:23.843416814
5054.25,1,09:46:24.100014649
5054.0,1,09:46:24.254566937
5054.0,1,09:46:24.484414590
5054.0,2,09:46:24.636389865
5054.0,1,09:46:24.636564844
5054.0,5,09:46:24.636662645
5054.0,1,09:46:24.636988498
5054.0,1,09:46:24.637182514
5054.0,8,09:46:24.769486333
5054.0,2,09:46:25.030970797
5054.0,1,09:46:25.052787013
5054.0,1,09:46:25.353000919
5053.75,1,09:46:25.576759462
5053.75,6,09:46:25.576933756
5053.75,1,09:46:25.577295930
5053.75,6,09:46:25.645440158
5053.75,4,09:46:25.646730181
5053.75,3,09:46:25.659245566
5053.75,1,09:46:25.659518792
5053.75,1,09:46:25.659606332
5053.75,1,09:46:25.659687742
5053.75,1,09:46:25.659735636
5053.75,1,09:46:25.659824219
5053.75,1,09:46:25.660016677
5053.75,1,09:46:25.660078009
5053.75,1,09:46:25.683045507
5053.75,1,09:46:25.697121795
5053.75,3,09:46:25.967641165
5053.5,8,09:46:26.236188639
5053.5,1,09:46:26.236200988
5053.75,20,09:46:26.236395978
5053.75,1,09:46:26.236577038
5053.75,3,09:46:26.236829008
5053.75,2,09:46:26.236868636
5053.75,9,09:46:26.237087998
5053.5,1,09:46:26.508077923
5053.5,17,09:46:26.508449566
5053.5,1,09:46:26.508583232
5053.5,1,09:46:26.508636081
5053.5,2,09:46:26.508636081
5053.5,1,09:46:26.513229570
5053.5,4,09:46:26.513330343
5053.75,5,09:46:26.774772551
5053.5,5,09:46:26.997550001
5053.75,2,09:46:27.138454872
5053.75,1,09:46:27.138516389
5053.75,2,09:46:27.138579565
5053.75,1,09:46:27.138611831
5053.75,3,09:46:27.138642683
5053.75,1,09:46:27.138920225
5053.75,2,09:46:27.140748973
5053.75,1,09:46:27.140781542
5053.75,6,09:46:27.340204629
5053.75,3,09:46:27.340249657
5053.75,1,09:46:27.340278164
5053.75,1,09:46:27.523595193
5053.75,1,09:46:27.523614601
5053.75,4,09:46:27.523781948
5053.75,1,09:46:27.593350477
5053.75,1,09:46:27.593596108
5054.0,3,09:46:27.625255561
5054.0,1,09:46:27.634282964
5053.75,2,09:46:27.744369049
5053.75,2,09:46:27.744546566
5053.75,3,09:46:27.744783880
5053.75,2,09:46:27.744885450
5053.75,1,09:46:27.744920820
5053.75,2,09:46:27.752977073
5053.75,3,09:46:27.777165670
5053.75,1,09:46:27.778255897
5053.75,1,09:46:27.801062937
5053.75,1,09:46:28.073719825
5054.0,5,09:46:28.084328442
5054.0,1,09:46:28.084350123
5054.0,3,09:46:28.084477351
5054.25,1,09:46:28.153518436
5054.25,1,09:46:28.163736665
5054.0,1,09:46:28.682178470
5054.0,3,09:46:28.682240688
5054.0,1,09:46:28.682298196
5054.0,1,09:46:28.682362909
5054.0,8,09:46:28.684728793
5054.0,4,09:46:28.684926954
5054.0,8,09:46:28.685065869
5054.0,1,09:46:28.685346751
5054.0,1,09:46:28.685425233
5054.0,3,09:46:28.891972713
5054.0,4,09:46:28.892243134
5054.0,8,09:46:28.905376474
5054.0,7,09:46:28.905435493
5054.0,1,09:46:28.905698484
5054.0,1,09:46:28.905769846
5054.25,1,09:46:28.964645586
5054.0,8,09:46:29.632999780
5054.0,1,09:46:29.633270883
5054.0,2,09:46:29.638122856
5054.0,2,09:46:29.638169820
5054.0,1,09:46:29.638199914
5054.25,1,09:46:30.014941497
5054.25,1,09:46:30.016791535
5054.25,9,09:46:30.361031701
5054.25,10,09:46:30.361246487
5054.25,1,09:46:30.361599752
5054.25,1,09:46:30.361661075
5054.0,1,09:46:30.425164795
5054.0,1,09:46:30.918746306
5054.0,1,09:46:30.918770473
5054.0,1,09:46:30.918820254
5054.0,4,09:46:30.918877282
5054.0,1,09:46:31.116970183
5054.0,2,09:46:31.117035355
5054.25,11,09:46:31.317543517
5054.5,6,09:46:31.381189505
5054.5,12,09:46:31.644088796
5054.25,1,09:46:31.692663177
5054.5,1,09:46:31.739717993
5054.5,20,09:46:31.827447523
5054.5,1,09:46:31.877743231
5054.75,23,09:46:32.177694124
5054.75,1,09:46:32.177705837
5054.75,25,09:46:32.178004570
5054.75,1,09:46:32.178109058
5054.75,2,09:46:32.178109058
5054.75,1,09:46:32.178232929
5054.75,2,09:46:32.178232929
5055.0,10,09:46:32.178497632
5055.0,1,09:46:32.178517038
5054.75,5,09:46:32.190762657
5054.75,1,09:46:32.191120034
5054.5,3,09:46:32.272282250
5054.5,10,09:46:32.272560342
5054.5,1,09:46:32.272976553
5054.5,1,09:46:32.297369327
5054.5,2,09:46:32.371921797
5054.5,2,09:46:32.645084779
5054.5,1,09:46:32.770985499
5054.5,1,09:46:32.798142697
5054.5,4,09:46:32.798180563
5054.5,5,09:46:32.799491348
5054.5,2,09:46:32.917413408
5054.5,1,09:46:32.917432039
5054.5,2,09:46:32.918369597
5054.5,1,09:46:32.918435069
5054.5,2,09:46:32.919135414
5054.5,5,09:46:33.123873985
5054.5,2,09:46:33.139951340
5054.5,2,09:46:33.140167927
5054.5,1,09:46:33.140207832
5054.5,2,09:46:33.156894822
5054.5,1,09:46:33.418548035
5054.5,1,09:46:33.418624299
5054.5,3,09:46:33.418686069
5054.5,1,09:46:33.419378458
5054.5,4,09:46:33.419813094
5054.5,2,09:46:33.427147083
5054.5,1,09:46:33.427554217
5054.5,1,09:46:33.468360015
5054.5,1,09:46:33.477406607
5054.75,2,09:46:33.581947635
5054.75,1,09:46:33.581979523
5054.75,2,09:46:33.582043304
5054.75,1,09:46:33.582069276
5054.75,1,09:46:33.582128640
5054.75,3,09:46:33.582230898
5054.75,1,09:46:33.582270527
5054.75,2,09:46:33.584065620
5054.75,1,09:46:33.586116884
5054.75,1,09:46:33.586312353
5054.75,1,09:46:33.621420639
5054.75,1,09:46:33.621605006
5054.75,1,09:46:33.621640744
5054.75,1,09:46:33.888208381
5054.75,1,09:46:33.888393750
5054.75,3,09:46:33.888450263
5054.75,1,09:46:33.888481108
5054.75,1,09:46:33.888717956
5054.75,6,09:46:33.892882918
5054.75,1,09:46:33.906102541
5054.5,1,09:46:34.756737739
5054.75,1,09:46:35.012138261
5054.75,2,09:46:35.012206598
5054.75,1,09:46:35.012276814
5054.75,4,09:46:35.012276814
5054.75,9,09:46:35.012349932
5054.75,1,09:46:35.012378238
5054.75,15,09:46:35.027804881
5054.75,1,09:46:35.027845657
5054.75,4,09:46:35.028799104
5054.75,2,09:46:35.028846483
5054.75,1,09:46:35.028947641
5054.75,2,09:46:35.030461323
5054.75,1,09:46:35.030622395
5054.75,1,09:46:35.151226685
5054.5,2,09:46:35.825637624
5054.75,4,09:46:36.052841709
5054.75,1,09:46:36.053033887
5054.75,1,09:46:36.053117875
5054.75,1,09:46:36.053481521
5054.75,1,09:46:36.611250776
5054.5,1,09:46:37.218108310
5054.5,1,09:46:37.218249890
5054.5,1,09:46:37.218295503
5054.75,5,09:46:37.681872674
5054.75,3,09:46:37.681929600
5054.75,3,09:46:37.682002076
5054.75,1,09:46:37.682046921
5054.75,1,09:46:37.870788125
5054.75,2,09:46:37.956713129
5055.0,1,09:46:38.149292884
5055.0,1,09:46:38.149302948
5054.75,1,09:46:38.285688902
5054.75,1,09:46:38.583312920
5055.0,25,09:46:38.679280426
5055.0,1,09:46:38.679375266
5055.0,1,09:46:38.679490265
5055.0,1,09:46:38.679519570
5055.0,5,09:46:38.679570073
5055.0,21,09:46:38.679719701
5055.25,1,09:46:38.691061636
5055.25,1,09:46:38.691076414
5055.25,2,09:46:38.691076414
5055.0,4,09:46:38.693875088
5055.0,5,09:46:38.888675127
5054.75,1,09:46:39.145294073
5055.0,1,09:46:39.526044853
5055.0,1,09:46:39.589954509
5055.0,2,09:46:39.591904478
5054.75,35,09:46:40.066449607
5054.75,1,09:46:40.066959944
5054.75,8,09:46:40.076479855
5054.75,7,09:46:40.158119745
5054.75,2,09:46:40.158165432
5054.75,1,09:46:40.158200268
5054.75,2,09:46:40.159364586
5054.75,3,09:46:40.159441164
5054.75,2,09:46:40.159868347
5054.75,1,09:46:40.159948137
5054.75,10,09:46:40.185999280
5054.75,3,09:46:40.186206789
5054.75,1,09:46:40.277516552
5054.75,2,09:46:41.201235783
5054.75,1,09:46:41.201282404
5054.75,2,09:46:41.201282404
5054.75,1,09:46:41.201333324
5054.75,1,09:46:41.201359551
5054.75,3,09:46:41.201441255
5054.75,1,09:46:41.201525840
5054.75,2,09:46:41.201588039
5054.75,1,09:46:41.201588039
5054.75,1,09:46:41.201655180
5054.75,2,09:46:41.201740756
5054.75,1,09:46:41.201835970
5054.75,2,09:46:41.201835970
5054.75,2,09:46:41.201929880
5054.75,1,09:46:41.201929880
5054.75,6,09:46:41.201929880
5054.5,2,09:46:41.202018970
5054.75,1,09:46:41.202018970
5054.5,2,09:46:41.202136870
5054.5,6,09:46:41.202136870
5054.5,1,09:46:41.202274897
5054.5,3,09:46:41.202274897
5054.5,6,09:46:41.202416021
5054.5,1,09:46:41.202416021
5054.5,10,09:46:41.202568598
5054.75,1,09:46:41.202568598
5054.5,1,09:46:41.202728770
5054.5,2,09:46:41.202728770
5054.5,9,09:46:41.202902114
5054.5,1,09:46:41.202902114
5054.5,1,09:46:41.203003677
5054.25,12,09:46:41.203138576
5054.75,1,09:46:41.203138576
5054.75,2,09:46:41.203300202
5054.75,2,09:46:41.203387835
5054.75,1,09:46:41.203387835
5054.75,5,09:46:41.203548556
5054.5,1,09:46:41.204377888
5054.5,3,09:46:41.204574403
5054.5,3,09:46:41.204606715
5054.5,2,09:46:41.204759418
5054.5,4,09:46:41.204991718
5054.5,3,09:46:41.205151974
5054.5,1,09:46:41.205151974
5054.5,1,09:46:41.205178884
5054.5,1,09:46:41.205260350
5054.5,1,09:46:41.205982935
5054.5,16,09:46:41.206234754
5054.5,2,09:46:41.206276214
5054.75,6,09:46:41.765071055
5054.75,1,09:46:41.765277135
5054.75,1,09:46:41.793550046
5054.75,1,09:46:41.985490941
5054.75,1,09:46:42.065653304
5054.5,1,09:46:42.256227815
5054.5,12,09:46:42.256575432
5054.5,4,09:46:42.256758613
5054.5,1,09:46:42.256947315
5054.5,6,09:46:42.256999482
5054.5,1,09:46:42.257095267
5054.5,2,09:46:42.257095267
5054.5,2,09:46:42.257155487
5054.5,1,09:46:42.257195117
5054.5,3,09:46:42.257246514
5054.5,1,09:46:42.362722431
5054.5,6,09:46:42.424438467
5054.5,2,09:46:42.424686670
5054.5,2,09:46:42.424879838
5054.5,2,09:46:42.425071501
5054.5,1,09:46:42.425104797
5054.5,1,09:46:42.425330674
5054.5,3,09:46:42.496659891
5054.75,3,09:46:42.692924328
5054.5,4,09:46:42.854857970
5054.5,2,09:46:42.855047373
5054.5,4,09:46:42.855260311
5054.5,1,09:46:42.855392938
5054.5,1,09:46:43.275358749
5054.75,3,09:46:43.423764196
5054.75,14,09:46:43.424121714
5054.75,1,09:46:43.562823943
5054.75,2,09:46:43.562876371
5054.75,3,09:46:43.562930111
5054.75,1,09:46:43.562930111
5054.75,2,09:46:43.566129476
5054.75,2,09:46:43.566341621
5054.75,2,09:46:43.916888228
5054.75,3,09:46:43.916971627
5054.75,1,09:46:43.917030991
5054.75,2,09:46:44.122045540
5054.5,17,09:46:44.158463795
5054.5,1,09:46:44.158861506
5054.5,3,09:46:44.159055584
5054.5,2,09:46:44.159260612
5054.5,4,09:46:44.159329935
5054.5,1,09:46:44.341963333
5054.5,1,09:46:44.342125550
5054.5,1,09:46:44.350565571
5054.5,1,09:46:44.350752781
5054.5,1,09:46:44.473097983
5054.5,1,09:46:44.473277507
5054.5,3,09:46:44.473355786
5054.5,1,09:46:44.473582418
5054.5,1,09:46:44.473706955
5054.5,1,09:46:44.481614504
5054.5,1,09:46:44.495713362
5054.75,27,09:46:44.648142060
5054.5,1,09:46:44.918073164
5054.5,1,09:46:45.002621714
5054.5,2,09:46:45.214429968
5054.5,1,09:46:45.214784634
5054.25,2,09:46:45.262760971
5054.25,2,09:46:45.262959980
5054.25,2,09:46:45.263005347
5054.25,1,09:46:45.263029223
5054.25,6,09:46:45.263072404
5054.25,5,09:46:45.263181540
5054.25,3,09:46:45.263366222
5054.25,3,09:46:45.271810643
5054.25,1,09:46:45.271978591
5054.25,3,09:46:45.272054596
5054.25,1,09:46:45.272110850
5054.25,2,09:46:45.272285167
5054.25,1,09:46:45.272394452
5054.25,1,09:46:45.272424085
5054.25,1,09:46:45.272540640
5054.25,1,09:46:45.272716814
5054.25,1,09:46:45.272769369
5054.25,6,09:46:45.373606263
5054.25,2,09:46:45.373691834
5054.25,1,09:46:45.373769246
5054.25,1,09:46:45.373808914
5054.25,4,09:46:45.374112770
5054.25,2,09:46:45.374331047
5054.25,1,09:46:45.374487114
5054.25,1,09:46:45.374556072
5054.25,2,09:46:45.374752654
5054.25,1,09:46:45.374787049
5054.25,1,09:46:45.375104560
5054.25,1,09:46:45.423273637
5054.25,3,09:46:45.436980881
5054.25,5,09:46:45.463599880
5054.25,1,09:46:45.463903077
5054.25,2,09:46:45.464112022
5054.25,2,09:46:45.464165894
5054.25,5,09:46:45.464213393
5054.25,2,09:46:45.464312807
5054.25,1,09:46:45.464340666
5054.25,1,09:46:45.585771453
5054.25,1,09:46:45.595596570
5054.25,1,09:46:45.746598888
5054.0,5,09:46:45.888753315
5054.0,2,09:46:46.042526218
5054.0,1,09:46:46.042674044
5054.0,1,09:46:46.042742109
5054.25,1,09:46:46.255933705
5054.0,6,09:46:46.258389354
5054.0,1,09:46:46.258552289
5054.0,1,09:46:46.258733790
5054.0,1,09:46:46.266366722
5054.0,1,09:46:46.275930182
5054.0,4,09:46:46.315210797
5054.0,1,09:46:46.352730768
5054.25,1,09:46:46.356871746
5054.0,1,09:46:46.394897375
5054.0,2,09:46:46.394947370
5054.0,1,09:46:46.396887281
5054.0,1,09:46:46.486215625
5054.0,1,09:46:46.516368032
5054.0,1,09:46:46.516697578
5054.0,1,09:46:46.722133698
5053.75,2,09:46:46.962095861
5053.75,1,09:46:46.962108709
5053.75,1,09:46:46.987604904
5054.0,1,09:46:47.158133863
5053.75,1,09:46:47.643569841
5053.75,1,09:46:47.668929390
5054.0,2,09:46:47.804137026
5054.0,1,09:46:47.883603980
5053.75,1,09:46:47.985802225
5053.75,1,09:46:48.031598479
5053.75,5,09:46:48.370636216
5053.75,1,09:46:48.370788834
5053.75,1,09:46:48.371036948
5053.75,1,09:46:48.575141745
5053.75,7,09:46:48.575192732
5053.75,3,09:46:48.575239996
5053.75,2,09:46:48.575298612
5053.75,10,09:46:48.615160048
5053.5,1,09:46:48.789519150
5053.5,1,09:46:48.789544507
5053.5,5,09:46:48.789718829
5053.5,1,09:46:48.789749861
5053.5,1,09:46:48.789860427
5053.5,2,09:46:48.789860427
5053.5,2,09:46:48.789896539
5053.5,2,09:46:48.790266807
5053.5,1,09:46:48.790386911
5053.5,4,09:46:48.790525634
5053.5,2,09:46:48.790659176
5053.5,1,09:46:48.791141326
5053.5,1,09:46:48.791179858
5053.5,1,09:46:48.791486045
5053.5,7,09:46:48.806880979
5053.5,4,09:46:48.859481729
5053.5,1,09:46:48.859656546
5053.5,2,09:46:48.859700764
5053.5,1,09:46:48.860167328
5053.5,1,09:46:48.919093556
5053.5,4,09:46:48.927463901
5053.5,1,09:46:49.282474523
5053.75,2,09:46:49.416129847
5053.75,3,09:46:49.416348510
5053.75,2,09:46:49.416563728
5053.75,1,09:46:49.416825020
5053.75,1,09:46:49.420943836
5053.75,5,09:46:49.483290751
5053.75,2,09:46:49.783991979
5053.75,17,09:46:49.829341299
5053.75,5,09:46:49.895394404
5053.75,4,09:46:49.895753321
5053.75,1,09:46:49.895781676
5053.75,1,09:46:49.895966749
5053.75,2,09:46:49.896040507
5053.75,1,09:46:49.896085279
5053.75,2,09:46:49.896243355
5053.75,1,09:46:49.976559224
5054.0,4,09:46:50.074040850
5053.75,1,09:46:50.170953376
5053.75,5,09:46:50.262921898
5053.75,1,09:46:50.625381926
5053.75,3,09:46:50.625562316
5053.75,3,09:46:50.809051349
5053.75,1,09:46:50.977366748
5053.75,3,09:46:51.409471229
5053.75,1,09:46:51.409598192
5053.75,1,09:46:51.826375268
5053.5,7,09:46:52.089416156
5053.5,1,09:46:52.089715340
5053.5,9,09:46:52.089982817
5053.5,2,09:46:52.090149125
5053.75,2,09:46:52.152965707
5053.75,2,09:46:52.153136283
5053.75,1,09:46:52.153856147
5053.75,1,09:46:52.194020588
5053.75,1,09:46:52.298292451
5054.0,1,09:46:52.352794571
5053.75,3,09:46:52.424666322
5053.75,1,09:46:52.424843036
5053.75,1,09:46:52.424878160
5054.0,5,09:46:52.543234647
5053.75,4,09:46:52.754921381
5053.75,4,09:46:52.850456881
5053.75,4,09:46:52.937118133
5053.75,2,09:46:52.937189733
5053.75,1,09:46:52.937244138
5053.75,2,09:46:53.013811073
5053.75,2,09:46:53.034893410
5053.75,1,09:46:53.035076956
5053.75,1,09:46:53.035104815
5053.75,1,09:46:54.004355696
5053.75,5,09:46:54.085355568
5053.75,1,09:46:54.085624053
5053.75,2,09:46:54.085865914
5053.75,2,09:46:54.085912599
5054.0,1,09:46:54.188533895
5054.0,1,09:46:54.229209854
5053.75,4,09:46:54.536196833
5053.75,1,09:46:54.563272534
5053.75,2,09:46:54.563388876
5053.75,5,09:46:54.563444044
5053.75,1,09:46:54.563505133
5053.75,1,09:46:54.563532798
5053.75,1,09:46:54.565751371
5054.0,5,09:46:54.599165903
5054.0,2,09:46:54.599197469
5054.0,4,09:46:54.599228363
5054.25,4,09:46:54.691080913
5054.0,4,09:46:55.306370768
5054.0,2,09:46:55.306582302
5054.0,1,09:46:55.306765329
5054.0,1,09:46:55.306809043
5054.0,1,09:46:55.306866937
5054.0,4,09:46:55.306961646
5054.25,4,09:46:56.769425724
5054.25,3,09:46:56.769489571
5054.25,1,09:46:56.769560728
5054.25,3,09:46:56.769560728
5054.25,1,09:46:56.769624153
5054.25,4,09:46:56.769681799
5054.25,3,09:46:56.769721576
5054.25,6,09:46:56.769790871
5054.25,10,09:46:56.783825516
5054.25,1,09:46:56.784270530
5054.25,2,09:46:56.793227710
5054.25,2,09:46:56.793384702
5054.25,3,09:46:56.793450245
5054.25,4,09:46:56.793802089
5054.25,1,09:46:56.794009495
5054.25,1,09:46:56.824952089
5054.25,1,09:46:56.826800993
5054.25,1,09:46:56.827294802
5054.25,1,09:46:56.827744325
5054.25,1,09:46:56.828999720
5054.25,1,09:46:56.829484565
5054.25,1,09:46:56.839352518
5054.25,1,09:46:56.840457667
5054.25,5,09:46:56.868737710
5054.25,1,09:46:56.868910228
5054.25,1,09:46:56.869080236
5054.25,7,09:46:56.869282131
5054.25,1,09:46:56.869749817
5054.25,4,09:46:56.872782720
5054.25,1,09:46:56.873186052
5054.25,2,09:46:56.873376787
5054.25,1,09:46:56.873569133
5054.25,2,09:46:56.873755931
5054.25,1,09:46:56.873844144
5054.25,4,09:46:56.897293715
5054.25,2,09:46:56.918845088
5054.25,2,09:46:56.922763402
5054.25,3,09:46:56.936617692
5054.25,1,09:46:56.936800498
5054.25,1,09:46:56.937092587
5054.25,2,09:46:56.974478093
5054.25,1,09:46:57.050031125
5054.0,11,09:46:57.486645058
5054.0,1,09:46:57.486749743
5054.0,1,09:46:57.486814230
5054.0,1,09:46:57.486857466
5054.0,1,09:46:57.486918379
5054.0,1,09:46:57.521741383
5054.25,2,09:46:58.019220912
5054.25,4,09:46:58.019275252
5054.25,5,09:46:58.019338952
5054.25,1,09:46:58.027812916
5054.25,3,09:46:58.030227263
5054.25,1,09:46:58.030794673
5054.25,1,09:46:58.032525271
5054.5,19,09:46:58.073069246
5054.5,1,09:46:58.073579910
5054.5,7,09:46:58.075315501
5054.5,1,09:46:58.075475005
5054.5,5,09:46:58.111910052
5054.5,1,09:46:58.201993970
5054.5,5,09:46:58.295071945
5054.25,6,09:46:58.595137552
5054.25,2,09:46:58.595184971
5054.25,1,09:46:58.595241126
5054.25,1,09:46:58.595339320
5054.25,1,09:46:58.595753661
5054.25,1,09:46:58.595794030
5054.25,1,09:46:58.632499947
5054.25,6,09:46:58.767882213
5054.25,2,09:46:58.767920651
5054.25,2,09:46:58.768035544
5054.25,3,09:46:58.768096582
5054.25,1,09:46:58.768426829
5054.25,2,09:46:58.768636362
5054.25,3,09:46:58.768714309
5054.25,1,09:46:59.454002184
5054.0,6,09:46:59.800740205
5054.0,1,09:46:59.801033575
5054.0,1,09:46:59.801241182
5054.0,2,09:46:59.801284062
5054.0,1,09:46:59.801320351
5054.0,3,09:46:59.801440158
5054.0,1,09:46:59.809085974
5052.5,1,09:47:58.882336848
5052.5,2,09:47:58.990655272
5052.5,5,09:47:58.990752656
5052.5,4,09:47:59.000374374
5052.5,1,09:47:59.017410927
5052.5,2,09:47:59.093011120
5052.5,1,09:47:59.100115552
5052.5,1,09:47:59.100154532
5052.5,1,09:47:59.100331143
5052.5,3,09:47:59.107060749
5052.5,2,09:47:59.130812529
5052.5,1,09:47:59.220863942
5052.5,1,09:47:59.356578399
5052.5,1,09:47:59.373868250
5052.5,1,09:47:59.414381549
5052.5,1,09:47:59.414559822
5052.5,2,09:47:59.422785451
5052.5,1,09:47:59.422928647
5052.5,6,09:47:59.423028995
5052.25,1,09:47:59.506070264
5052.25,1,09:47:59.506083790
5052.5,2,09:47:59.507562246
5052.5,3,09:47:59.507765523
5052.75,1,09:47:59.517414669
5052.75,1,09:47:59.605069157
5052.5,3,09:47:59.638864737
5052.5,4,09:47:59.679011174
5052.5,1,09:47:59.679159258
5052.5,1,09:47:59.679184663
5052.5,1,09:48:00.037353097
5052.5,1,09:48:00.104165853
5052.5,1,09:48:00.104179508
5052.5,3,09:48:00.104217870
5052.5,6,09:48:00.104243838
5052.5,1,09:48:00.104338743
5052.5,3,09:48:00.104363409
5052.25,1,09:48:00.104363409
5052.5,1,09:48:00.104372909
5052.5,1,09:48:00.104503764
5052.5,1,09:48:00.104602926
5052.5,1,09:48:00.104670378
5052.5,2,09:48:00.105648864
5052.25,2,09:48:00.356627773
5052.25,2,09:48:00.432948477
5052.25,1,09:48:00.440429092
5052.25,1,09:48:00.440612101
5052.25,1,09:48:00.440811071
5052.25,1,09:48:00.440914731
5052.25,2,09:48:00.440914731
5052.25,4,09:48:00.440968453
5052.25,1,09:48:00.440992015
5052.25,1,09:48:00.441157952
5052.25,3,09:48:00.441222794
5052.25,1,09:48:00.450407704
5052.25,6,09:48:00.450586081
5052.25,2,09:48:00.450626027
5052.25,1,09:48:00.450691712
5052.25,1,09:48:00.450725217
5052.25,1,09:48:00.451165898
5052.25,5,09:48:00.451382849
5052.25,1,09:48:00.451417333
5052.25,2,09:48:00.451727490
5052.25,1,09:48:00.454166039
5052.25,5,09:48:00.467044058
5052.25,2,09:48:00.467346318
5052.25,3,09:48:00.467539647
5052.25,2,09:48:00.467562361
5052.25,1,09:48:00.467691096
5052.25,2,09:48:00.467743689
5052.25,4,09:48:00.540661326
5052.25,1,09:48:00.540848389
5052.25,2,09:48:00.540931716
5052.25,1,09:48:00.541215293
5052.25,5,09:48:00.542267769
5052.25,2,09:48:00.552960247
5052.25,1,09:48:00.677495577
5052.25,1,09:48:00.831222613
5052.5,1,09:48:00.961840324
5052.25,24,09:48:00.971079090
5052.25,3,09:48:00.971418506
5052.25,2,09:48:00.971482750
5052.25,1,09:48:00.971611095
5052.25,2,09:48:00.971672123
5052.25,1,09:48:00.971807246
5052.5,1,09:48:01.138632381
5052.5,10,09:48:01.428728425
5052.5,1,09:48:01.519015140
5052.5,1,09:48:01.531095641
5052.75,7,09:48:01.853202129
5052.75,3,09:48:01.853419138
5052.75,3,09:48:01.853477942
5052.75,1,09:48:01.853553073
5052.75,2,09:48:02.812525627
5052.75,1,09:48:03.106436630
5052.75,1,09:48:03.404347666
5052.75,1,09:48:03.404503013
5052.75,2,09:48:03.404547003
5052.75,5,09:48:03.404630874
5052.75,13,09:48:03.404827835
5052.75,2,09:48:03.405192429
5052.75,6,09:48:03.405431249
5052.75,1,09:48:03.405521641
5052.75,2,09:48:03.405521641
5052.75,1,09:48:03.411927595
5052.75,2,09:48:03.411991388
5052.75,1,09:48:03.412025853
5052.75,2,09:48:03.412071236
5052.75,2,09:48:03.413560969
5052.75,1,09:48:03.413765223
5052.75,1,09:48:03.413942923
5052.75,1,09:48:03.414183228
5052.75,1,09:48:03.414366095
5052.75,1,09:48:03.415466624
5052.75,1,09:48:03.426081264
5052.75,5,09:48:03.442871745
5052.75,5,09:48:03.471481361
5052.75,1,09:48:03.471647902
5052.75,2,09:48:03.472010984
5052.75,1,09:48:03.517185966
5052.75,4,09:48:03.517386427
5052.5,1,09:48:03.548196930
5052.75,3,09:48:03.869579783
5053.0,1,09:48:03.869589985
5052.75,2,09:48:04.170299285
5053.0,32,09:48:04.467356570
5053.0,1,09:48:04.467433443
5053.0,7,09:48:04.467500397
5053.25,5,09:48:04.559569895
5053.0,2,09:48:04.646089707
5053.0,7,09:48:04.646141583
5053.0,1,09:48:04.646234032
5053.0,2,09:48:04.646313093
5053.0,1,09:48:04.646313093
5053.0,1,09:48:04.646981545
5053.0,2,09:48:04.647210645
5053.0,1,09:48:04.647256642
5053.0,2,09:48:04.654889926
5053.0,1,09:48:04.655071466
5053.25,2,09:48:04.912785922
5053.25,7,09:48:04.914491041
5053.5,3,09:48:04.949743277
5053.5,1,09:48:04.949758643
5053.5,19,09:48:04.950078599
5053.5,3,09:48:04.950184598
5053.5,1,09:48:04.950304850
5053.5,1,09:48:04.950428827
5053.5,1,09:48:04.950492198
5053.5,1,09:48:04.950545344
5053.5,2,09:48:04.950674707
5053.5,5,09:48:04.950817276
5053.5,1,09:48:04.951154730
5053.5,1,09:48:04.958639579
5053.5,5,09:48:05.006255179
5053.5,2,09:48:05.471313628
5053.25,1,09:48:05.672356180
5053.5,18,09:48:05.849151857
5053.5,1,09:48:05.849246632
5053.5,4,09:48:05.849286788
5053.75,4,09:48:05.941888591
5053.75,1,09:48:05.941898851
5053.5,8,09:48:06.153324579
5053.75,2,09:48:06.336383853
5053.75,1,09:48:06.927536281
5053.5,1,09:48:07.253003960
5053.5,13,09:48:07.317870720
5053.25,1,09:48:07.846542880
5053.25,1,09:48:07.846718711
5053.25,1,09:48:07.846756344
5053.25,1,09:48:07.846809474
5053.25,1,09:48:07.847269495
5053.25,1,09:48:07.998644084
5053.25,7,09:48:07.999037800
5053.25,2,09:48:07.999222982
5053.25,23,09:48:08.541769519
5053.25,1,09:48:08.544462889
5053.25,2,09:48:08.544505267
5053.25,2,09:48:08.544562466
5053.25,3,09:48:08.544608549
5053.25,4,09:48:08.544712167
5053.25,1,09:48:08.544712167
5053.25,2,09:48:08.544785158
5053.25,1,09:48:08.544785158
5053.25,3,09:48:08.544827274
5053.5,8,09:48:08.624743843
5053.5,1,09:48:08.624797649
5053.5,10,09:48:08.624902287
5053.5,3,09:48:08.625254378
5053.5,3,09:48:08.625303713
5053.5,3,09:48:08.625376214
5053.5,4,09:48:08.625493791
5053.5,8,09:48:08.625561075
5053.5,1,09:48:08.625833433
5053.5,2,09:48:08.625991478
5053.5,4,09:48:08.641792805
5053.5,2,09:48:08.648002076
5053.5,2,09:48:08.648206410
5053.5,1,09:48:08.648375920
5053.25,3,09:48:08.840449323
5053.25,3,09:48:08.840591297
5053.25,1,09:48:08.840679705
5053.5,9,09:48:08.849726593
5053.5,15,09:48:09.317253371
5053.5,2,09:48:09.317510739
5053.5,6,09:48:09.317634354
5053.5,3,09:48:09.317634354
5053.5,1,09:48:09.317809878
5053.5,2,09:48:09.317900494
5053.5,1,09:48:09.317971251
5053.5,4,09:48:09.696521857
5053.5,6,09:48:10.330637337
5053.5,1,09:48:10.330697701
5053.5,3,09:48:10.330697701
5053.5,1,09:48:10.330822081
5053.5,5,09:48:10.331010117
5053.5,1,09:48:10.331047951
5053.75,1,09:48:11.208548471
5053.75,16,09:48:11.211554912
5053.75,4,09:48:11.211610174
5053.75,6,09:48:11.211666879
5053.75,1,09:48:11.211689497
5053.75,9,09:48:11.211761678
5053.75,1,09:48:11.452048791
5054.0,25,09:48:11.465414165
5054.0,1,09:48:11.619142829
5054.0,1,09:48:11.819668379
5054.0,10,09:48:11.935627009
5054.0,12,09:48:11.935986923
5054.25,1,09:48:11.975038538
5054.25,1,09:48:12.086153499
5054.25,4,09:48:12.372304146
5054.25,12,09:48:12.372443813
5054.25,1,09:48:12.372513646
5054.25,6,09:48:12.372559056
5054.25,2,09:48:12.372594237
5054.25,2,09:48:12.372629833
5054.25,13,09:48:12.372727057
5054.25,2,09:48:12.372753058
5054.25,2,09:48:12.372801986
5054.25,6,09:48:12.372832736
5054.25,1,09:48:12.373060959
5054.25,1,09:48:12.373145222
5054.25,2,09:48:12.373221521
5054.25,1,09:48:12.373300410
5054.25,1,09:48:12.373422771
5054.25,1,09:48:12.373552101
5054.25,1,09:48:12.394638748
5054.25,1,09:48:12.398948291
5054.25,1,09:48:13.083787775
5054.0,2,09:48:13.232661110
5054.0,9,09:48:13.233007596
5054.0,1,09:48:13.464646862
5053.75,1,09:48:13.498303930
5053.75,5,09:48:13.498409008
5053.75,9,09:48:13.622637812
5053.75,11,09:48:13.681480573
5053.75,6,09:48:13.681607667
5053.75,1,09:48:13.681744684
5053.75,1,09:48:13.681857509
5053.75,4,09:48:13.682283937
5053.75,1,09:48:13.682316171
5053.5,11,09:48:14.257771112
5053.5,3,09:48:14.258176500
5053.5,9,09:48:14.258511451
5053.5,4,09:48:14.573341972
5053.5,3,09:48:14.573535156
5053.5,1,09:48:14.573564018
5053.25,1,09:48:15.430749491
5053.25,32,09:48:15.431022044
5053.25,15,09:48:15.431093252
5053.25,1,09:48:15.431160296
5053.25,2,09:48:15.431181794
5053.25,1,09:48:15.431277617
5053.25,2,09:48:15.431359485
5053.25,1,09:48:15.431359485
5053.25,3,09:48:15.431449595
5053.25,1,09:48:15.431449595
5053.25,1,09:48:15.431571402
5053.25,9,09:48:15.431571402
5053.25,3,09:48:15.431571402
5053.5,11,09:48:15.431725040
5053.25,4,09:48:15.431772587
5053.5,1,09:48:15.432075972
5053.5,3,09:48:15.432192000
5053.5,8,09:48:15.432192000
5053.5,1,09:48:15.432256715
5053.5,2,09:48:15.432404961
5053.5,3,09:48:15.432404961
5053.5,4,09:48:15.432470825
5053.5,4,09:48:15.432714248
5053.5,1,09:48:15.432846558
5053.75,1,09:48:15.491210798
5053.75,11,09:48:15.562128431
5053.75,3,09:48:16.179115331
5053.75,3,09:48:16.179200649
5053.75,1,09:48:16.179200649
5053.75,1,09:48:16.179222470
5053.75,1,09:48:16.179260704
5053.75,1,09:48:16.179291063
5053.75,1,09:48:16.314377408
5053.75,1,09:48:17.337533552
5053.75,9,09:48:17.337591604
5053.75,5,09:48:17.337667321
5053.75,1,09:48:17.337991734
5053.75,5,09:48:17.338094222
5053.75,1,09:48:17.338227246
5054.0,1,09:48:17.532501012
5054.0,3,09:48:17.773836631
5054.0,1,09:48:17.774039365
5054.0,6,09:48:17.774080902
5054.0,4,09:48:17.774173789
5054.0,2,09:48:17.774173789
5054.0,10,09:48:17.901094456
5054.0,4,09:48:18.092579712
5054.0,2,09:48:18.092618436
5054.0,4,09:48:18.092768158
5054.0,8,09:48:18.093134418
5054.0,6,09:48:18.093319925
5054.0,1,09:48:18.093362240
5054.0,26,09:48:18.387890114
5054.0,6,09:48:18.699256875
5054.0,1,09:48:18.716228408
5054.25,1,09:48:18.733474869
5054.25,4,09:48:19.157954656
5054.25,2,09:48:19.158102861
5054.25,4,09:48:19.158171098
5054.25,7,09:48:19.158296990
5054.0,4,09:48:19.521557715
5054.0,1,09:48:19.521594483
5054.0,2,09:48:19.521685285
5054.0,3,09:48:19.631102269
5054.0,6,09:48:19.637624657
5054.0,1,09:48:19.763877708
5054.0,3,09:48:19.944648913
5054.0,6,09:48:19.944696498
5054.0,9,09:48:19.944898921
5054.0,3,09:48:19.947063876
5054.25,1,09:48:20.250990307
5054.25,10,09:48:20.304272002
5054.0,5,09:48:20.476742095
5054.25,3,09:48:20.476742095
5054.25,1,09:48:20.477147922
5054.25,5,09:48:20.477236681
5054.25,1,09:48:20.477297128
5054.25,1,09:48:20.509412478
5054.25,3,09:48:20.592429655
5054.25,1,09:48:20.592451281
5054.25,2,09:48:20.592569466
5054.25,1,09:48:20.592620091
5054.25,3,09:48:20.604165742
5054.25,1,09:48:20.793544673
5054.25,1,09:48:21.036254112
5054.25,3,09:48:21.781000179
5054.0,1,09:48:21.787275109
5054.25,1,09:48:22.081568050
5054.25,7,09:48:22.106226939
5054.25,1,09:48:22.326734864
5054.25,1,09:48:22.326774589
5054.25,5,09:48:22.326931089
5054.5,4,09:48:22.883984657
5054.5,9,09:48:23.071121478
5054.5,1,09:48:23.071201746
5054.5,4,09:48:23.071274269
5054.5,1,09:48:23.071299988
5054.5,2,09:48:23.071337160
5054.5,7,09:48:23.071420607
5054.5,7,09:48:23.071450009
5054.5,1,09:48:23.072907003
5054.5,1,09:48:23.073010704
5054.5,1,09:48:23.073310329
5054.5,1,09:48:23.077333441
5054.5,3,09:48:23.079605045
5054.5,1,09:48:23.112283441
5054.5,1,09:48:23.158343284
5054.5,2,09:48:23.158376760
5054.5,5,09:48:23.159137858
5054.5,2,09:48:23.160186925
5054.5,1,09:48:23.160207011
5054.5,1,09:48:23.160344416
5054.5,1,09:48:23.172143666
5054.25,11,09:48:23.638811601
5054.25,1,09:48:23.653002902
5054.25,2,09:48:23.685012894
5054.25,2,09:48:23.758239532
5054.25,2,09:48:23.758279599
5054.25,1,09:48:23.758350820
5054.25,3,09:48:23.758389038
5054.25,1,09:48:23.807467731
5054.25,2,09:48:23.807512653
5054.25,1,09:48:23.807544468
5054.25,14,09:48:23.919297911
5054.25,1,09:48:24.043224246
5054.25,17,09:48:24.076878642
5054.25,1,09:48:24.365982848
5054.25,1,09:48:24.426457743
5054.0,1,09:48:24.486737055
5054.0,1,09:48:24.695769292
5054.25,6,09:48:24.961084505
5054.25,1,09:48:25.150391044
5054.25,1,09:48:25.150775759
5054.25,3,09:48:25.172338031
5054.25,3,09:48:25.212553785
5054.25,2,09:48:25.284530384
5054.25,5,09:48:25.513686465
5054.25,1,09:48:25.513707626
5054.25,2,09:48:25.719764424
5054.25,7,09:48:25.720010314
5054.25,2,09:48:25.720492605
5054.25,6,09:48:25.720707367
5054.25,3,09:48:25.759619099
5054.25,1,09:48:25.759814568
5054.25,1,09:48:25.760112911
5054.25,1,09:48:26.018007240
5054.25,3,09:48:26.151091509
5054.25,1,09:48:26.164005009
5054.25,2,09:48:26.164054146
5054.0,8,09:48:26.359806000
5054.0,14,09:48:26.781578105
5054.0,3,09:48:26.781653389
5054.0,1,09:48:26.781693719
5054.0,2,09:48:26.785643023
5054.0,2,09:48:26.785921966
5054.0,6,09:48:26.786486899
5054.0,3,09:48:26.874422971
5054.0,1,09:48:27.227513766
5054.0,3,09:48:27.262264715
5054.0,2,09:48:27.262310924
5054.0,1,09:48:27.263139974
5054.0,2,09:48:27.263196878
5054.0,1,09:48:27.263571221
5054.25,3,09:48:27.606966091
5054.0,1,09:48:28.123352116
5054.0,1,09:48:28.123588524
5054.0,9,09:48:28.123706402
5053.75,1,09:48:28.143246343
5054.0,9,09:48:28.236652472
5054.0,1,09:48:28.236674879
5054.0,2,09:48:28.612745369
5054.0,1,09:48:28.612936700
5054.0,3,09:48:28.763375770
5054.25,1,09:48:29.139704366
5054.0,1,09:48:30.047896002
5054.0,1,09:48:30.048074489
5054.0,12,09:48:30.324668635
5054.0,3,09:48:30.324955402
5054.0,3,09:48:30.325172501
5054.0,1,09:48:30.793946789
5054.25,1,09:48:30.821144231
5054.25,1,09:48:30.915638673
5054.25,6,09:48:30.915743478
5054.25,2,09:48:30.915793696
5054.25,2,09:48:30.915876114
5054.25,10,09:48:30.915981665
5054.25,2,09:48:30.928148353
5054.25,7,09:48:30.928325802
5054.25,2,09:48:30.938803192
5054.25,1,09:48:30.938949390
5054.25,2,09:48:30.938994808
5054.25,2,09:48:30.939423978
5054.25,1,09:48:30.939668598
5054.5,2,09:48:31.287639852
5054.5,4,09:48:31.287764904
5054.5,12,09:48:31.287948309
5054.5,4,09:48:31.297720599
5054.5,2,09:48:31.541681061
5054.5,4,09:48:31.542372095
5054.5,1,09:48:31.542436951
5054.5,3,09:48:31.542436951
5054.5,2,09:48:31.543841037
5054.5,2,09:48:31.555424129
5054.5,4,09:48:31.726901300
5054.5,1,09:48:31.727354171
5054.5,1,09:48:32.287306249
5054.5,1,09:48:32.458200804
5054.5,1,09:48:32.532629741
5054.25,4,09:48:32.965061379
5054.25,11,09:48:32.965225459
5054.25,6,09:48:32.965567785
5054.25,3,09:48:32.965769408
5054.25,11,09:48:32.965896816
5054.25,7,09:48:32.970303971
5054.25,5,09:48:32.983562654
5054.25,1,09:48:33.019055578
5054.25,1,09:48:33.019200040
5054.25,1,09:48:33.019239442
5054.25,1,09:48:33.019494328
5054.25,4,09:48:33.340305268
5054.25,1,09:48:33.340327982
5054.25,6,09:48:33.500700152
5054.25,2,09:48:33.500854373
5054.25,2,09:48:33.500907235
5054.25,1,09:48:33.500968951
5054.25,1,09:48:33.544342658
5054.25,1,09:48:33.673818994
5054.25,1,09:48:33.836061651
5054.25,4,09:48:34.096489090
5054.0,2,09:48:34.163612086
5054.0,2,09:48:34.163702740
5054.0,6,09:48:34.163779989
5054.0,2,09:48:34.163811159
5054.0,1,09:48:34.164114995
5054.0,3,09:48:34.164177524
5054.0,2,09:48:34.164390028
5054.0,1,09:48:34.209370422
5054.0,3,09:48:34.222728704
5053.75,2,09:48:34.291236065
5053.75,1,09:48:34.291252170
5053.75,1,09:48:34.291472665
5053.75,5,09:48:34.291561972
5053.75,1,09:48:34.291931845
5053.75,7,09:48:34.433472919
5053.75,11,09:48:34.540652766
5053.75,2,09:48:34.540755286
5053.75,2,09:48:34.987501560
5053.75,1,09:48:34.994267540
5053.5,1,09:48:35.154180965
5053.5,1,09:48:35.476666112
5053.5,1,09:48:35.476703146
5053.5,4,09:48:35.476772018
5053.5,1,09:48:35.476811920
5053.5,2,09:48:35.476861914
5053.5,10,09:48:35.476925846
5053.5,1,09:48:35.476994365
5053.5,1,09:48:35.477320372
5053.5,1,09:48:35.477383551
5053.5,2,09:48:35.477422540
5053.5,2,09:48:35.477480493
5053.75,1,09:48:35.478925540
5053.5,3,09:48:35.485283604
5053.5,1,09:48:35.485513562
5053.5,1,09:48:35.980615331
5053.5,6,09:48:35.981178430
5053.5,1,09:48:35.981424218
5053.5,2,09:48:35.981482443
5053.5,1,09:48:35.981535877
5053.5,2,09:48:35.981626715
5053.5,3,09:48:35.981858382
5053.5,1,09:48:35.981942590
5053.5,2,09:48:35.982007621
5053.25,1,09:48:36.296698223
5053.25,1,09:48:36.426493741
5053.5,1,09:48:36.667283086
5053.5,5,09:48:36.675259170
5053.5,2,09:48:36.675308079
5053.5,2,09:48:36.675486662
5053.5,1,09:48:36.675486662
5053.5,1,09:48:36.675545845
5053.5,3,09:48:36.675936870
5053.5,1,09:48:36.676010910
5053.5,2,09:48:36.676123181
5053.25,29,09:48:36.930028207
5053.25,8,09:48:36.941641741
5053.25,3,09:48:36.941767817
5053.25,1,09:48:36.941832862
5053.25,1,09:48:36.941956999
5053.25,5,09:48:36.942321656
5053.25,1,09:48:36.942523477
5053.25,1,09:48:36.942764365
5053.25,1,09:48:36.942820998
5053.0,1,09:48:37.225680083
5053.0,6,09:48:37.225967443
5053.0,1,09:48:37.226011994
5053.0,4,09:48:37.226072402
5053.0,2,09:48:37.226121791
5053.0,1,09:48:37.226121791
5053.0,6,09:48:37.226208420
5053.0,1,09:48:37.226625296
5053.0,5,09:48:37.228152696
5053.0,1,09:48:37.240223024
5053.25,3,09:48:37.738927027
5053.25,2,09:48:37.738962926
5053.25,1,09:48:37.739136661
5053.0,1,09:48:38.039954739
5053.25,1,09:48:38.540897615
5053.0,1,09:48:38.693664841
5053.25,7,09:48:38.706769573
5053.0,1,09:48:39.013638251
5053.25,1,09:48:39.140249317
5053.25,1,09:48:39.192409318
5053.25,2,09:48:39.192583296
5053.25,2,09:48:39.192632391
5053.25,1,09:48:39.192733187
5053.25,2,09:48:39.193020713
5053.25,1,09:48:39.193068774
5053.25,1,09:48:39.193172105
5053.25,2,09:48:39.193203625
5053.25,2,09:48:39.193290787
5053.25,2,09:48:39.200989187
5053.25,1,09:48:39.201157162
5053.25,6,09:48:39.201538529
5053.25,2,09:48:39.208769194
5053.25,5,09:48:39.208850523
5053.25,1,09:48:39.208931840
5053.25,6,09:48:39.209500828
5053.25,1,09:48:39.215085997
5053.0,1,09:48:39.225835871
5053.25,1,09:48:39.259123158
5053.25,3,09:48:39.259357178
5053.25,1,09:48:39.259704290
5053.25,1,09:48:39.259733513
5053.5,1,09:48:39.462533068
5053.5,15,09:48:39.681174246
5053.5,2,09:48:39.681516628
5053.5,3,09:48:39.681575915
5053.5,3,09:48:39.681614335
5053.5,3,09:48:39.681707482
5053.5,1,09:48:39.681855406
5053.5,5,09:48:39.901141672
5053.5,3,09:48:40.248992955
5053.5,2,09:48:40.249171238
5053.5,1,09:48:40.251104816
5053.5,7,09:48:40.251356097
5053.25,1,09:48:40.338674255
5053.5,7,09:48:40.717821244
5053.5,4,09:48:41.051374183
5053.5,7,09:48:41.323269013
5053.5,8,09:48:41.323625595
5053.5,1,09:48:41.323801168
5053.5,1,09:48:41.324067224
5053.25,10,09:48:41.632871553
5053.25,1,09:48:41.633255081
5053.25,1,09:48:41.642040164
5053.25,2,09:48:41.642069733
5053.25,1,09:48:41.642179118
5053.25,1,09:48:41.642401913
5053.25,2,09:48:41.642752403
5053.25,2,09:48:41.649955435
5053.25,2,09:48:41.751395937
5053.25,1,09:48:41.751432638
5053.25,2,09:48:41.751534823
5053.25,5,09:48:41.801454734
5053.25,1,09:48:41.801488248
5053.25,4,09:48:41.812731481
5053.25,2,09:48:41.812772134
5053.25,1,09:48:41.850883938
5053.25,2,09:48:41.851154792
5053.25,2,09:48:41.858999175
5053.25,6,09:48:41.887480349
5053.25,2,09:48:41.887650579
5053.25,4,09:48:41.888493162
5053.25,2,09:48:42.132308661
5053.25,1,09:48:42.132339897
5053.25,1,09:48:42.132847910
5053.25,1,09:48:42.133250040
5053.25,2,09:48:42.327752410
5053.25,6,09:48:42.327930292
5053.25,1,09:48:42.327977243
5053.25,1,09:48:42.328196512
5053.25,1,09:48:42.328271076
5053.0,1,09:48:42.345136016
5053.0,7,09:48:42.671695724
5053.0,1,09:48:42.671855817
5053.0,6,09:48:42.672020342
5053.0,1,09:48:42.672198815
5053.0,1,09:48:42.672285764
5053.0,1,09:48:42.672318281
5053.0,1,09:48:42.672463810
5053.0,1,09:48:42.672687680
5053.0,2,09:48:42.687155228
5053.0,1,09:48:42.733931665
5053.0,2,09:48:42.734120139
5052.75,1,09:48:43.069022896
5052.75,15,09:48:43.166858123
5052.75,6,09:48:43.171507530
5052.75,1,09:48:43.171763423
5052.75,6,09:48:43.171861979
5052.75,1,09:48:43.171906885
5052.75,1,09:48:43.171979100
5052.75,1,09:48:43.172019860
5052.75,4,09:48:43.172234892
5052.5,1,09:48:43.616240900
5052.5,1,09:48:43.616250195
5052.75,1,09:48:43.739196843
5052.5,1,09:48:43.752319531
5052.5,1,09:48:44.002215783
5052.5,1,09:48:44.158214618
5052.5,1,09:48:44.158388605
5052.5,1,09:48:44.158419054
5052.5,2,09:48:44.158473887
5052.5,2,09:48:44.158524294
5052.5,4,09:48:44.158591919
5052.5,1,09:48:44.158623451
5052.5,14,09:48:44.158726148
5052.5,4,09:48:44.158814226
5052.5,2,09:48:44.159907420
5052.5,2,09:48:44.162314605
5052.5,6,09:48:44.162516276
5052.5,6,09:48:44.173276077
5052.5,2,09:48:44.173420711
5052.5,2,09:48:44.173599864
5052.5,3,09:48:44.173653666
5052.5,1,09:48:44.173683622
5052.5,1,09:48:44.173962680
5052.5,3,09:48:44.256475028
5052.5,1,09:48:44.256641268
5052.5,3,09:48:44.267777022
5052.5,2,09:48:44.306772266
5052.5,1,09:48:44.306921523
5052.5,1,09:48:44.306970532
5052.5,6,09:48:44.307602728
5052.5,2,09:48:44.307767525
5052.5,1,09:48:44.307891258
5052.5,5,09:48:44.308105038
5052.5,1,09:48:44.308159347
5052.25,1,09:48:44.308244645
5052.5,2,09:48:44.308315762
5052.5,3,09:48:44.308592033
5052.5,1,09:48:44.308618419
5052.5,3,09:48:44.311564833
5052.5,3,09:48:44.318442952
5052.5,1,09:48:44.318655284
5052.5,3,09:48:44.322657470
5052.5,1,09:48:44.322976283
5052.5,2,09:48:44.323440981
5052.25,5,09:48:44.406203789
5052.25,1,09:48:44.406292317
5052.25,1,09:48:44.406384363
5052.25,2,09:48:44.406540652
5052.5,1,09:48:44.784873289
5052.25,2,09:48:44.812084889
5052.25,1,09:48:44.812240223
5052.25,1,09:48:44.812271821
5052.25,11,09:48:44.874990468
5052.25,1,09:48:44.875460530
5052.25,1,09:48:44.875616222
5052.25,2,09:48:44.883332321
5052.25,1,09:48:44.883497623
5052.25,1,09:48:44.883545163
5052.25,3,09:48:44.883600073
5052.25,1,09:48:44.887754046
5052.25,3,09:48:44.891574381
5052.25,1,09:48:44.891917967
5052.25,9,09:48:44.892124044
5052.25,2,09:48:44.892163943
5052.25,12,09:48:44.956069953
5052.25,4,09:48:44.990667072
5052.25,13,09:48:45.276569269
5052.25,2,09:48:45.276664526
5052.25,3,09:48:45.276701608
5052.25,1,09:48:45.276745865
5052.25,5,09:48:45.279942685
5052.25,10,09:48:45.280446375
5052.25,5,09:48:45.365410391
5052.25,1,09:48:45.365431346
5052.25,1,09:48:45.365544446
5052.25,13,09:48:45.365677252
5052.25,1,09:48:45.366734627
5052.25,2,09:48:45.366896156
5052.25,3,09:48:45.391141495
5052.25,3,09:48:45.394351688
5052.25,2,09:48:45.513013827
5052.25,5,09:48:45.535544184
5052.25,1,09:48:45.535834174
5052.25,1,09:48:45.535916096
5052.25,2,09:48:45.536043756
5052.25,15,09:48:45.733132116
5052.5,1,09:48:45.828599227
5052.25,9,09:48:45.887690475
5052.0,3,09:48:46.077619695
5052.0,2,09:48:46.077631439
5052.0,1,09:48:46.077631439
5052.25,2,09:48:46.168582693
5052.25,1,09:48:46.168750837
5052.25,6,09:48:46.169021881
5052.25,1,09:48:46.175322106
5052.25,2,09:48:46.175356724
5052.25,3,09:48:46.180858161
5052.25,1,09:48:46.181037553
5052.25,2,09:48:46.186607560
5052.25,1,09:48:46.190127219
5052.25,2,09:48:46.190352859
5052.25,1,09:48:46.190671742
5052.25,1,09:48:46.190935968
5052.25,1,09:48:46.190988077
5052.0,4,09:48:46.302996779
5052.25,1,09:48:46.396436383
5052.0,2,09:48:46.466766790
5052.25,4,09:48:46.775368841
5052.25,6,09:48:46.775642367
5052.25,1,09:48:46.776601148
5052.5,2,09:48:46.836420230
5052.5,7,09:48:46.836686581
5052.5,2,09:48:46.840619112
5052.5,1,09:48:47.123759077
5052.75,1,09:48:47.410303659
5052.75,1,09:48:47.429044646
5052.75,1,09:48:47.448421058
5052.75,5,09:48:47.448506077
5052.75,2,09:48:47.448592501
5052.75,1,09:48:47.448592501
5052.75,1,09:48:47.449068194
5052.75,3,09:48:47.449133760
5052.5,6,09:48:47.476043940
5052.75,4,09:48:47.614965285
5052.75,1,09:48:47.615289922
5052.5,2,09:48:47.656210436
5052.75,1,09:48:47.881618275
5052.75,4,09:48:47.881682015
5052.75,1,09:48:47.881723600
5052.75,5,09:48:47.881941934
5052.75,1,09:48:47.881993135
5052.75,1,09:48:47.882037914
5052.5,1,09:48:48.035619498
5052.75,12,09:48:48.041702475
5052.75,2,09:48:48.045696376
5052.75,3,09:48:48.045882242
5052.75,4,09:48:48.045950580
5052.75,1,09:48:48.055435044
5052.75,1,09:48:48.056116357
5053.0,2,09:48:48.088068671
5053.0,1,09:48:48.088076619
5052.75,7,09:48:48.212206027
5052.75,3,09:48:48.212402763
5052.75,1,09:48:48.212430982
5052.75,1,09:48:48.395858360
5052.75,1,09:48:48.524128299
5052.5,6,09:48:48.718036894
5052.5,15,09:48:48.718262691
5052.5,1,09:48:48.718290925
5052.5,1,09:48:48.718417510
5052.5,1,09:48:48.718445440
5052.5,1,09:48:48.718483102
5052.5,2,09:48:48.900509883
5052.5,2,09:48:48.957222412
5052.5,1,09:48:48.957252026
5052.5,6,09:48:49.141533124
5052.5,2,09:48:49.141705694
5052.5,1,09:48:49.141756006
5052.5,4,09:48:49.141808545
5052.5,1,09:48:49.141923577
5052.5,1,09:48:49.363327535
5052.5,1,09:48:49.410823798
5052.5,3,09:48:49.549340341
5052.5,20,09:48:49.604398992
5052.5,2,09:48:49.604522572
5052.5,2,09:48:49.604557421
5052.5,3,09:48:49.604866326
5052.5,1,09:48:49.605040362
5052.5,6,09:48:49.734683305
5052.5,1,09:48:49.734713661
5052.5,2,09:48:49.734754184
5052.5,1,09:48:49.736596909
5052.5,1,09:48:49.736771968
5052.5,1,09:48:49.736807518
5052.5,2,09:48:49.828342826
5052.5,7,09:48:49.828584994
5052.5,1,09:48:49.828856360
5052.5,2,09:48:49.829042207
5052.5,2,09:48:49.829087363
5052.75,1,09:48:49.969434625
5052.5,1,09:48:50.003251748
5052.5,8,09:48:50.281399392
5052.75,7,09:48:51.419966487
5052.75,6,09:48:51.633465419
5052.75,1,09:48:51.863743998
5052.75,1,09:48:51.976346566
5052.75,6,09:48:51.976447892
5052.75,7,09:48:51.976842325
5052.75,1,09:48:51.976998582
5052.75,1,09:48:51.977028848
5052.75,1,09:48:51.977076056
5052.75,2,09:48:51.977317286
5052.75,5,09:48:51.977590779
5052.75,1,09:48:51.977628684
5052.75,2,09:48:52.015937008
5052.75,1,09:48:52.176478442
5052.75,3,09:48:52.291660507
5052.75,1,09:48:52.291707648
5052.75,1,09:48:52.291805055
5052.75,2,09:48:52.292145158
5052.75,1,09:48:52.292346954
5052.75,7,09:48:52.336086392
5052.75,1,09:48:52.336591874
5052.75,1,09:48:52.488790772
5052.75,7,09:48:52.489028508
5053.0,2,09:48:52.866965761
5053.0,1,09:48:52.866976199
5053.0,5,09:48:52.867171511
5053.0,1,09:48:52.867209816
5053.0,1,09:48:52.868554606
5053.0,2,09:48:52.868744373
5053.0,2,09:48:52.870971099
5053.0,2,09:48:52.871144098
5053.0,1,09:48:52.871182301
5053.0,1,09:48:52.871234710
5053.25,1,09:48:53.017988261
5053.0,1,09:48:53.154030845
5053.0,6,09:48:53.333453672
5053.0,2,09:48:53.333491548
5053.0,1,09:48:53.333601458
5053.0,1,09:48:53.333661872
5053.25,1,09:48:53.772646002
5053.25,1,09:48:54.005434181
5053.25,2,09:48:54.444698411
5053.25,6,09:48:54.444898418
5053.25,1,09:48:54.445004990
5053.25,2,09:48:54.445004990
5053.25,6,09:48:54.445152839
5053.25,4,09:48:54.445152839
5053.25,1,09:48:54.447734594
5053.25,2,09:48:54.447935380
5053.25,2,09:48:54.453758134
5053.25,6,09:48:54.453818097
5053.25,2,09:48:54.454437060
5053.25,4,09:48:54.454672552
5053.25,2,09:48:54.454748000
5053.25,1,09:48:54.469678657
5053.25,2,09:48:54.470001090
5053.25,3,09:48:54.495358043
5053.25,2,09:48:54.504465492
5053.25,1,09:48:54.504891411
5053.25,1,09:48:54.505184345
5053.5,3,09:48:54.631814799
5053.5,1,09:48:54.631829970
5053.5,11,09:48:54.632075140
5053.5,1,09:48:54.632106337
5053.5,13,09:48:54.635443224
5053.5,2,09:48:54.648301640
5053.5,2,09:48:54.648464064
5053.5,1,09:48:54.677123177
5053.5,4,09:48:54.677333883
5053.5,1,09:48:54.870790420
5053.5,2,09:48:54.870976372
5053.5,2,09:48:54.871001448
5053.5,3,09:48:55.773653704
5053.5,1,09:48:55.773851904
5053.5,1,09:48:55.875257097
5053.75,1,09:48:56.125775222
5053.75,1,09:48:56.271395948
5053.75,15,09:48:57.312670148
5053.75,1,09:48:57.312721900
5053.75,1,09:48:57.312817482
5053.75,4,09:48:57.312915702
5053.75,6,09:48:57.312954416
5053.75,2,09:48:57.313017880
5053.75,1,09:48:57.313017880
5053.75,6,09:48:57.395472030
5053.75,3,09:48:57.395543448
5053.5,1,09:48:57.429799331
5053.75,1,09:48:57.782037164
5053.5,2,09:48:57.919712383
5053.5,2,09:48:58.050109156
5053.5,1,09:48:58.050135081
5053.5,1,09:48:58.050170788
5053.5,14,09:48:58.050314489
5053.5,1,09:48:58.050668813
5053.5,10,09:48:58.050918108
5053.5,4,09:48:58.089997362
5053.75,15,09:48:58.447261625
5053.75,1,09:48:58.447358808
5053.75,2,09:48:58.447393544
5053.75,1,09:48:58.447703084
5053.75,1,09:48:58.447896688
5053.75,2,09:48:58.450116640
5053.75,1,09:48:58.450263113
5053.75,2,09:48:58.456899020
5053.75,3,09:48:58.466262784
5053.75,1,09:48:58.472824603
5053.75,1,09:48:58.473012036
5053.75,10,09:48:58.486019308
5053.75,1,09:48:58.486349939
5053.5,1,09:48:58.506167604
5053.5,1,09:48:58.514766863
5053.75,4,09:48:58.586946832
5053.75,1,09:48:58.587110324
5053.75,1,09:48:58.587140763
5053.75,6,09:48:58.707194135
5053.75,1,09:48:58.707455824
5053.75,1,09:48:58.707629760
5053.75,2,09:48:58.707669758
5053.75,1,09:48:58.723761092
5053.75,3,09:48:58.724007707
5053.75,3,09:48:59.183874404
5053.75,1,09:48:59.596436205
5053.75,8,09:48:59.596627520
5053.75,1,09:48:59.596673137
5053.75,1,09:48:59.596798714
5053.75,1,09:48:59.597006030
5053.75,1,09:48:59.604890683
5053.75,2,09:48:59.604957885
5053.75,1,09:48:59.604957885
5053.75,1,09:48:59.604988896
5053.75,4,09:48:59.703810145
5053.75,2,09:48:59.703874498
5053.75,1,09:48:59.703908998
5053.75,1,09:48:59.867483597
5053.5,2,09:49:59.084689339
5053.5,1,09:49:59.209391947
5053.5,1,09:49:59.209556830
5053.75,1,09:49:59.426900672
5053.75,1,09:50:00.018127430
5053.75,2,09:50:00.018768714
5053.75,2,09:50:00.018840785
5053.75,1,09:50:00.018840785
5053.75,4,09:50:00.018888072
5053.75,1,09:50:00.018943498
5053.75,1,09:50:00.019373510
5053.75,1,09:50:00.019406877
5053.75,3,09:50:00.019669324
5053.75,1,09:50:00.019751085
5053.75,1,09:50:00.025220994
5053.75,1,09:50:00.053907888
5053.75,1,09:50:00.085658739
5053.75,4,09:50:00.086821939
5054.0,1,09:50:00.105939325
5054.0,1,09:50:00.311554307
5054.0,5,09:50:00.430363497
5054.0,3,09:50:00.501639827
5054.0,22,09:50:00.502017177
5054.0,1,09:50:00.545842900
5054.0,4,09:50:00.546152982
5054.0,1,09:50:00.610393009
5054.0,1,09:50:00.887632481
5054.0,2,09:50:00.887658376
5054.0,3,09:50:00.887793216
5054.0,4,09:50:00.887850609
5054.0,5,09:50:00.888228198
5054.0,1,09:50:00.888274500
5054.0,3,09:50:00.888315186
5054.0,5,09:50:00.901765051
5054.0,2,09:50:00.901826985
5054.0,1,09:50:00.901903220
5054.0,1,09:50:00.916858508
5054.0,1,09:50:00.916892800
5054.0,1,09:50:00.916933275
5053.75,1,09:50:00.947626007
5054.0,6,09:50:01.025498335
5054.25,1,09:50:01.111221108
5054.0,1,09:50:01.131890076
5054.0,30,09:50:01.239987306
5054.0,2,09:50:01.240342446
5054.0,7,09:50:01.240434410
5054.0,1,09:50:01.240655147
5054.25,1,09:50:01.708729698
5054.25,1,09:50:01.776205119
5054.0,27,09:50:02.034261064
5054.25,1,09:50:02.257097214
5054.0,2,09:50:02.319678792
5054.0,2,09:50:02.319716598
5054.0,1,09:50:02.319798948
5054.0,5,09:50:02.319899803
5054.0,3,09:50:02.319960369
5054.0,2,09:50:02.319960369
5054.0,1,09:50:02.320074617
5054.0,2,09:50:02.320074617
5054.0,13,09:50:02.320165925
5054.0,1,09:50:02.320609006
5054.0,7,09:50:02.320724167
5054.0,3,09:50:02.320805273
5054.0,1,09:50:02.320805273
5054.0,1,09:50:02.320833942
5054.0,1,09:50:02.320892394
5054.0,1,09:50:02.321121138
5054.0,6,09:50:02.321361408
5054.0,1,09:50:02.321393150
5054.0,2,09:50:02.592268629
5054.0,1,09:50:02.592606690
5054.0,1,09:50:02.592959452
5054.0,1,09:50:02.891789228
5054.0,2,09:50:03.075226283
5054.0,1,09:50:03.075412537
5054.0,2,09:50:03.075458838
5054.0,1,09:50:03.076139441
5054.0,1,09:50:03.076173596
5054.0,6,09:50:03.076273220
5054.0,2,09:50:03.076340520
5054.0,1,09:50:03.076340520
5054.0,1,09:50:03.081503783
5054.0,2,09:50:03.097986100
5054.25,1,09:50:03.179553949
5054.25,1,09:50:03.203071243
5054.0,6,09:50:03.566835369
5054.0,2,09:50:03.566908749
5054.0,3,09:50:03.566908749
5054.0,1,09:50:03.784453500
5054.0,1,09:50:03.882524348
5054.0,5,09:50:04.109932061
5054.0,1,09:50:04.109962606
5054.0,2,09:50:04.110060877
5054.0,1,09:50:04.110105587
5054.0,4,09:50:04.113500392
5054.0,2,09:50:04.118261334
5054.0,2,09:50:04.118299050
5054.0,1,09:50:04.118371806
5054.0,2,09:50:04.118407634
5054.0,1,09:50:04.118456317
5054.0,1,09:50:04.118802650
5054.0,2,09:50:04.311588482
5054.0,2,09:50:04.708609175
5054.0,7,09:50:04.708816766
5054.0,2,09:50:04.708855752
5054.0,1,09:50:04.708921290
5054.0,4,09:50:04.708953259
5054.0,1,09:50:04.708992881
5054.0,1,09:50:04.709030485
5054.0,1,09:50:04.811900160
5054.0,11,09:50:04.812000114
5054.25,1,09:50:04.852392790
5054.25,2,09:50:04.913495338
5054.25,15,09:50:04.913701650
5054.25,1,09:50:04.913785015
5054.25,12,09:50:04.913919264
5054.25,6,09:50:04.914581908
5054.25,2,09:50:04.914850275
5054.25,2,09:50:04.914885918
5054.25,9,09:50:04.914989846
5054.25,2,09:50:04.917859229
5054.25,4,09:50:04.917895377
5054.25,3,09:50:04.918005110
5054.25,8,09:50:04.918088344
5054.25,1,09:50:04.918088344
5054.25,3,09:50:04.918144367
5054.5,1,09:50:04.979562123
5054.5,1,09:50:05.000915723
5054.5,9,09:50:05.323102672
5054.5,4,09:50:05.323256915
5054.5,3,09:50:05.323321127
5054.5,1,09:50:05.323343045
5054.5,1,09:50:05.323592193
5054.5,1,09:50:05.323900544
5054.5,1,09:50:05.323948935
5054.5,1,09:50:05.324004684
5054.5,2,09:50:05.324052803
5054.25,2,09:50:05.407671280
5054.5,3,09:50:05.407919906
5054.25,2,09:50:05.426169247
5054.5,1,09:50:05.682286920
5054.5,2,09:50:05.889299418
5054.5,1,09:50:05.889336737
5054.5,5,09:50:05.889454838
5054.75,26,09:50:05.914659418
5054.75,2,09:50:05.914667850
5054.75,1,09:50:05.914675828
5055.0,1,09:50:05.914675828
5055.0,1,09:50:05.914742415
5055.0,1,09:50:05.914751097
5055.0,1,09:50:05.914759583
5054.75,7,09:50:05.920894146
5055.0,1,09:50:05.941606964
5055.0,1,09:50:05.955676506
5055.0,1,09:50:06.019651199
5055.0,1,09:50:06.328240399
5055.0,1,09:50:06.377878736
5054.75,5,09:50:06.726044085
5054.75,1,09:50:06.727287874
5054.75,5,09:50:06.728534257
5055.0,1,09:50:06.917356692
5055.0,1,09:50:07.034976056
5055.0,1,09:50:07.188248054
5055.0,3,09:50:07.514451648
5054.75,1,09:50:07.942071207
5054.75,5,09:50:08.063317414
5054.75,1,09:50:08.063336973
5054.75,10,09:50:08.063580584
5054.75,1,09:50:08.064075593
5054.75,1,09:50:08.067628561
5054.5,1,09:50:08.202469411
5054.5,1,09:50:08.249304706
5054.5,18,09:50:08.249629862
5054.5,2,09:50:08.249758139
5054.5,4,09:50:08.249809904
5054.5,2,09:50:08.250098572
5054.5,2,09:50:08.250151447
5054.5,1,09:50:08.250208456
5054.5,12,09:50:08.250575621
5054.5,5,09:50:08.250675153
5054.5,2,09:50:08.250675153
5054.5,1,09:50:08.250792967
5054.5,1,09:50:08.386334356
5054.5,6,09:50:08.412853484
5054.5,1,09:50:08.419863818
5054.5,13,09:50:08.420172755
5054.5,1,09:50:08.420528314
5054.5,3,09:50:08.420705828
5054.5,4,09:50:08.421754467
5054.5,1,09:50:08.421942711
5054.5,4,09:50:08.422724858
5054.25,1,09:50:08.466009675
5054.5,2,09:50:08.524269081
5054.5,3,09:50:08.561008786
5054.5,4,09:50:08.627790667
5054.5,2,09:50:08.627826178
5054.75,1,09:50:08.731645321
5054.75,2,09:50:08.788509994
5054.75,1,09:50:08.870950768
5054.5,3,09:50:09.028615590
5054.5,2,09:50:09.028695382
5054.5,1,09:50:09.028695382
5054.5,1,09:50:09.028819301
5054.5,1,09:50:09.028855838
5054.5,1,09:50:09.028927754
5054.5,1,09:50:09.037154756
5054.75,1,09:50:09.373692747
5054.5,1,09:50:09.474698234
5054.5,2,09:50:09.805103293
5054.5,2,09:50:09.805145072
5054.5,6,09:50:09.805245869
5054.5,2,09:50:09.805334082
5054.5,1,09:50:09.805334082
5054.5,1,09:50:09.805413878
5054.5,5,09:50:09.805413878
5054.5,1,09:50:09.828539693
5054.5,3,09:50:09.873297888
5054.25,1,09:50:10.081821291
5054.25,3,09:50:10.374913022
5054.25,2,09:50:10.377325830
5054.25,2,09:50:10.377491990
5054.25,6,09:50:10.377561466
5054.25,1,09:50:10.377965654
5054.25,1,09:50:10.501911068
5054.25,5,09:50:10.536959828
5054.25,3,09:50:10.537143765
5054.25,3,09:50:10.537210604
5054.25,2,09:50:10.537251648
5054.25,1,09:50:10.537541085
5054.25,2,09:50:10.537637931
5054.25,3,09:50:10.537689612
5054.25,4,09:50:10.537962222
5054.25,1,09:50:10.538040368
5054.25,2,09:50:10.551392651
5054.25,6,09:50:10.656158281
5054.0,1,09:50:10.713327137
5054.0,1,09:50:10.723315511
5054.0,5,09:50:10.723586682
5054.0,1,09:50:10.723715007
5054.0,1,09:50:10.731769190
5054.0,8,09:50:10.751171713
5054.0,4,09:50:10.752434644
5054.0,1,09:50:10.752887943
5054.0,1,09:50:10.753070779
5054.0,3,09:50:10.766531973
5054.0,2,09:50:10.766725903
5054.0,1,09:50:10.766977678
5054.0,1,09:50:10.772821777
5054.0,1,09:50:10.991796218
5053.75,1,09:50:11.382459040
5053.75,39,09:50:11.872419960
5053.75,2,09:50:11.874218413
5053.75,5,09:50:11.900574635
5053.75,17,09:50:11.900909416
5053.75,9,09:50:11.901238392
5053.75,3,09:50:11.901435257
5053.75,1,09:50:11.901470253
5053.5,1,09:50:11.972363486
5053.5,1,09:50:11.972376609
5053.75,10,09:50:12.035467379
5054.0,1,09:50:12.054257657
5054.0,1,09:50:12.075946733
5053.75,3,09:50:12.220369052
5053.75,3,09:50:12.356244889
5053.75,12,09:50:12.356712833
5053.75,7,09:50:12.356927229
5053.5,3,09:50:12.357238547
5053.5,12,09:50:12.357825106
5053.5,3,09:50:12.372409259
5053.5,1,09:50:12.372552281
5053.5,3,09:50:12.372717167
5053.5,1,09:50:12.373035743
5053.5,4,09:50:12.373161896
5053.5,1,09:50:12.373259012
5053.75,7,09:50:12.532101958
5053.75,2,09:50:12.532298676
5053.75,3,09:50:12.532373124
5053.75,3,09:50:12.532439817
5053.75,2,09:50:12.532492801
5053.75,1,09:50:12.532514555
5053.75,1,09:50:12.561763114
5053.75,1,09:50:12.681658100
5053.75,1,09:50:12.681834120
5054.0,1,09:50:12.718411757
5053.75,1,09:50:12.720173436
5053.75,2,09:50:12.720343548
5053.75,1,09:50:12.720573633
5053.75,1,09:50:12.720746953
5053.75,1,09:50:12.758905377
5053.75,11,09:50:12.832731633
5053.75,1,09:50:12.875819094
5053.5,1,09:50:13.774001917
5053.5,4,09:50:13.774196016
5053.5,2,09:50:13.774238184
5053.5,1,09:50:13.774270293
5053.5,13,09:50:13.774546616
5053.5,1,09:50:13.774802304
5053.5,5,09:50:13.775041045
5053.5,11,09:50:14.091352287
5053.5,2,09:50:14.091471240
5053.5,4,09:50:14.091751562
5053.5,1,09:50:14.091790842
5053.5,6,09:50:14.091837102
5053.5,2,09:50:14.091885692
5053.5,8,09:50:14.091925674
5053.5,3,09:50:14.091988219
5053.5,2,09:50:14.092078625
5053.75,10,09:50:14.151690799
5053.75,2,09:50:14.151721068
5053.75,2,09:50:14.151779191
5053.75,1,09:50:14.151862511
5053.75,1,09:50:14.151906628
5053.75,6,09:50:14.151982261
5053.75,1,09:50:14.152012517
5053.75,4,09:50:14.152352812
5053.75,2,09:50:14.152798367
5053.75,5,09:50:14.432514488
5053.75,1,09:50:14.432564208
5054.0,10,09:50:15.085834337
5054.0,1,09:50:15.301017722
5054.0,1,09:50:15.301211704
5054.0,2,09:50:15.302876956
5054.0,4,09:50:15.303058287
5054.0,2,09:50:15.303102546
5054.0,1,09:50:15.303128816
5054.0,4,09:50:15.319112513
5053.75,1,09:50:16.248309770
5053.75,6,09:50:16.248550767
5053.75,1,09:50:16.248724655
5053.75,3,09:50:16.248776381
5053.75,1,09:50:16.249092698
5053.75,1,09:50:16.249140218
5053.75,2,09:50:16.249383875
5053.75,1,09:50:16.249597796
5053.75,1,09:50:16.415097342
5053.75,1,09:50:16.432084067
5053.75,3,09:50:16.432121616
5053.75,5,09:50:16.432300432
5053.75,2,09:50:16.432885946
5053.75,2,09:50:16.463188565
5053.75,1,09:50:16.463215368
5053.75,2,09:50:16.924598451
5053.75,1,09:50:16.924773571
5053.75,1,09:50:16.924805795
5054.0,2,09:50:17.042381157
5053.75,3,09:50:17.126224152
5054.0,1,09:50:17.909141372
5053.75,1,09:50:17.921794076
5053.75,2,09:50:18.739833238
5053.75,8,09:50:18.740101019
5053.75,2,09:50:18.740387026
5053.75,1,09:50:18.740438210
5053.75,2,09:50:18.751458750
5053.75,1,09:50:18.824988491
5053.75,1,09:50:18.825024265
5053.75,1,09:50:18.825049840
5053.75,2,09:50:18.825363034
5053.75,1,09:50:18.833373522
5053.75,3,09:50:18.916513729
5053.75,4,09:50:18.918067178
5053.75,1,09:50:18.924655561
5053.75,1,09:50:19.380786789
5053.75,10,09:50:19.480232766
5054.0,2,09:50:19.690874672
5054.0,2,09:50:19.690923476
5054.0,3,09:50:19.690923476
5054.0,1,09:50:19.690962175
5054.0,6,09:50:19.691053373
5054.0,1,09:50:19.691083496
5054.0,2,09:50:19.691162432
5054.0,2,09:50:19.695771114
5054.0,6,09:50:19.695837121
5054.0,1,09:50:19.696164664
5054.0,2,09:50:19.700767053
5054.0,1,09:50:19.700942943
5054.0,2,09:50:19.700994211
5054.0,1,09:50:19.701353940
5054.0,2,09:50:19.701561295
5054.0,1,09:50:19.732370838
5054.0,1,09:50:19.732403901
5054.0,1,09:50:19.810522852
5054.0,1,09:50:19.810586834
5054.0,1,09:50:19.810655504
5054.0,1,09:50:19.810676836
5054.0,3,09:50:19.810737007
5054.0,1,09:50:19.810766495
5054.0,1,09:50:19.811022779
5054.0,1,09:50:19.811096541
5054.0,2,09:50:19.812154376
5054.0,5,09:50:19.814110440
5054.0,2,09:50:19.814345422
5054.0,4,09:50:19.814543330
5054.0,4,09:50:20.186507861
5054.0,3,09:50:20.186810684
5054.0,1,09:50:20.186977871
5054.0,4,09:50:20.205206942
5054.0,2,09:50:20.205240757
5054.0,1,09:50:20.205317460
5054.0,1,09:50:20.205358619
5054.0,4,09:50:20.206017220
5054.0,1,09:50:20.210621763
5054.0,1,09:50:20.221255360
5053.75,1,09:50:20.806794111
5053.75,9,09:50:20.807094357
5053.75,1,09:50:20.807260239
5053.75,1,09:50:20.807309763
5053.75,1,09:50:20.807478422
5053.75,2,09:50:20.807545111
5053.75,1,09:50:20.807687959
5053.75,1,09:50:20.807727717
5053.75,1,09:50:20.825220309
5053.75,6,09:50:21.013980781
5053.75,2,09:50:21.014080152
5053.75,1,09:50:21.014080152
5053.75,2,09:50:21.014113055
5053.75,2,09:50:21.014405660
5053.75,1,09:50:21.014551615
5053.75,1,09:50:21.014860536
5053.75,1,09:50:21.496344274
5053.75,6,09:50:21.496455368
5053.75,22,09:50:21.553554958
5053.75,3,09:50:21.553881717
5053.75,1,09:50:21.554171112
5053.75,2,09:50:21.554218575
5053.75,2,09:50:21.554421869
5053.75,1,09:50:21.554467969
5053.75,1,09:50:21.554541148
5053.75,2,09:50:21.554608356
5054.0,3,09:50:21.587876394
5054.0,3,09:50:21.666576111
5054.0,2,09:50:21.666624272
5054.0,1,09:50:21.973125048
5054.0,6,09:50:21.973319378
5053.75,8,09:50:22.343505859
5053.75,1,09:50:22.343785413
5053.75,5,09:50:22.344086813
5053.75,2,09:50:22.346125758
5053.75,6,09:50:22.346337832
5053.75,3,09:50:22.353800838
5053.75,1,09:50:22.361202837
5053.75,3,09:50:22.371222523
5053.75,1,09:50:22.371261293
5053.75,2,09:50:22.381087363
5053.75,4,09:50:22.381265010
5053.75,1,09:50:22.418960694
5053.75,1,09:50:22.418985251
5053.75,1,09:50:22.419731199
5053.75,4,09:50:22.512506280
5053.75,3,09:50:22.522205122
5053.75,1,09:50:22.567757694
5053.75,1,09:50:23.142543302
5053.5,1,09:50:23.144277641
5053.5,1,09:50:23.149974860
5053.5,2,09:50:23.239365031
5053.5,2,09:50:23.239400481
5053.5,8,09:50:23.239499093
5053.5,1,09:50:23.239526508
5053.5,26,09:50:23.239661917
5053.5,11,09:50:23.342925189
5053.5,3,09:50:23.343056459
5053.5,2,09:50:23.343095696
5053.5,1,09:50:23.359698511
5053.5,7,09:50:23.360083067
5053.5,1,09:50:23.360247815
5053.5,1,09:50:23.360276427
5053.5,1,09:50:23.360349516
5053.5,1,09:50:23.360426318
5053.25,1,09:50:23.683936903
5053.25,1,09:50:23.683965240
5053.25,2,09:50:23.684021174
5053.25,1,09:50:23.684074557
5053.25,1,09:50:23.684158825
5053.25,7,09:50:23.684266907
5053.25,1,09:50:23.684314975
5053.25,1,09:50:23.684507801
5053.25,6,09:50:23.684994026
5053.25,1,09:50:23.685034699
5053.25,1,09:50:23.685071739
5053.25,1,09:50:23.685277631
5053.0,1,09:50:23.759623689
5053.0,1,09:50:23.759634946
5053.0,1,09:50:23.949922039
5053.0,1,09:50:24.001688742
5053.0,1,09:50:24.001837513
5053.0,2,09:50:24.006778074
5053.0,2,09:50:24.006828100
5053.0,1,09:50:24.006868920
5053.0,1,09:50:24.006908463
5053.0,1,09:50:24.006951030
5053.0,1,09:50:24.007012001
5053.0,1,09:50:24.007047679
5053.0,1,09:50:24.007105245
5053.0,3,09:50:24.007128202
5053.0,1,09:50:24.007159185
5053.0,2,09:50:24.007185537
5053.0,13,09:50:24.007266300
5053.0,2,09:50:24.013254684
5053.0,1,09:50:24.013306845
5053.0,4,09:50:24.013385339
5053.0,1,09:50:24.013624989
5053.0,1,09:50:24.013812923
5053.0,1,09:50:24.013851726
5053.0,1,09:50:24.152449958
5053.0,6,09:50:24.152549179
5053.0,2,09:50:24.152589618
5053.0,1,09:50:24.152680929
5053.0,1,09:50:24.168279263
5053.0,4,09:50:24.263201189
5053.0,2,09:50:24.263233302
5053.0,2,09:50:24.263361257
5053.0,1,09:50:24.263395711
5053.0,4,09:50:24.263706444
5053.0,3,09:50:24.263908921
5053.0,1,09:50:24.265333831
5053.0,14,09:50:24.351505948
5053.0,2,09:50:24.566609995
5053.25,10,09:50:24.685451097
5053.25,1,09:50:24.685462246
5053.0,1,09:50:24.839767728
5053.25,6,09:50:25.020801337
5053.25,2,09:50:25.020832221
5053.25,3,09:50:25.020908136
5053.25,4,09:50:25.020955401
5053.25,2,09:50:25.021024692
5053.25,1,09:50:25.021067742
5053.25,2,09:50:25.045190061
5053.25,4,09:50:25.261521242
5053.25,2,09:50:25.375215954
5053.25,2,09:50:25.375235180
5053.25,1,09:50:25.375374128
5053.25,3,09:50:25.415090968
5053.25,1,09:50:25.451757227
5053.25,1,09:50:25.725743361
5053.25,1,09:50:25.725934667
5053.25,6,09:50:25.726277032
5053.0,3,09:50:26.245045629
5053.0,1,09:50:26.291313924
5053.0,1,09:50:26.508097982
5053.0,1,09:50:26.645740062
5053.25,6,09:50:27.042567523
5053.25,1,09:50:27.042602195
5053.25,3,09:50:27.042699179
5053.25,1,09:50:27.043434916
5053.25,2,09:50:27.188326714
5053.25,6,09:50:27.188485777
5053.25,1,09:50:27.188510167
5053.0,2,09:50:27.217194396
5053.25,1,09:50:27.546451468
5053.0,1,09:50:27.941766674
5053.25,3,09:50:28.074482255
5053.25,1,09:50:28.074712722
5053.25,1,09:50:28.074744595
5053.25,1,09:50:28.074954928
5053.25,1,09:50:28.121903935
5053.25,3,09:50:28.122071660
5053.25,2,09:50:28.122344382
5053.25,3,09:50:28.122405395
5053.25,1,09:50:28.122480168
5053.25,2,09:50:28.122535376
5053.25,4,09:50:28.139281003
5053.25,6,09:50:28.176174831
5053.25,2,09:50:28.176220925
5053.25,3,09:50:28.176544339
5053.25,1,09:50:28.258480873
5053.25,3,09:50:28.258668531
5053.25,3,09:50:28.556102908
5053.0,3,09:50:28.939932617
5052.75,20,09:50:29.459764089
5053.0,22,09:50:29.459764089
5052.75,1,09:50:29.459842709
5052.75,2,09:50:29.459851766
5053.0,5,09:50:29.518077479
5053.0,2,09:50:29.518268040
5053.0,2,09:50:29.518309788
5053.0,1,09:50:29.518339196
5053.0,6,09:50:29.518622588
5053.0,1,09:50:29.518742654
5052.75,8,09:50:29.791671796
5052.75,1,09:50:29.791843662
5052.75,1,09:50:29.791924508
5052.75,7,09:50:29.792025865
5052.75,1,09:50:29.792198550
5052.75,2,09:50:29.792419084
5053.0,5,09:50:30.017423679
5053.0,4,09:50:30.037797424
5053.0,3,09:50:30.037838999
5053.0,1,09:50:30.037918547
5053.0,2,09:50:30.037987219
5053.0,1,09:50:30.038054668
5053.0,2,09:50:30.038102582
5053.0,1,09:50:30.038373548
5053.0,1,09:50:30.038557955
5053.0,1,09:50:30.038880605
5053.0,2,09:50:30.045757761
5053.0,3,09:50:30.045969637
5053.0,1,09:50:30.054775543
5053.0,1,09:50:30.060874015
5053.0,2,09:50:30.540476836
5053.0,1,09:50:30.540506738
5053.0,11,09:50:30.540775120
5053.0,1,09:50:30.542024925
5053.0,5,09:50:30.542247057
5053.0,1,09:50:30.542520839
5053.0,1,09:50:30.542565700
5053.0,2,09:50:30.545297404
5053.0,4,09:50:30.545338304
5053.0,1,09:50:30.683260146
5052.75,1,09:50:30.747314884
5053.0,1,09:50:31.439293185
5053.0,4,09:50:31.439362707
5053.0,22,09:50:31.439616612
5053.25,1,09:50:31.441985729
5053.25,4,09:50:31.458567421
5053.25,1,09:50:31.458739924
5053.25,6,09:50:31.458869386
5053.25,2,09:50:31.458956188
5053.25,1,09:50:31.459050592
5053.25,3,09:50:31.473433312
5053.25,3,09:50:31.485689455
5053.25,1,09:50:31.485849858
5053.25,1,09:50:31.536142251
5053.25,3,09:50:31.540340972
5053.25,3,09:50:31.597196999
5053.25,3,09:50:31.597434818
5053.25,1,09:50:31.597516576
5053.25,1,09:50:31.597851899
5053.25,1,09:50:31.597928956
5053.25,2,09:50:31.700830244
5053.25,2,09:50:31.700912959
5053.25,1,09:50:31.701290163
5053.25,1,09:50:31.701499793
5053.25,2,09:50:32.981722578
5053.25,1,09:50:32.981871947
5053.25,10,09:50:32.981990707
5053.25,1,09:50:32.982500792
5053.25,5,09:50:32.982752659
5053.25,1,09:50:32.982796864
5053.25,1,09:50:32.983008465
5053.25,1,09:50:32.983084849
5053.5,1,09:50:32.996675504
5053.5,5,09:50:32.997328237
5053.5,4,09:50:32.997392648
5053.5,2,09:50:32.997461689
5053.5,1,09:50:32.997461689
5053.5,2,09:50:32.997505838
5053.5,1,09:50:32.997531307
5053.5,2,09:50:32.997596384
5053.5,13,09:50:32.999340329
5053.25,6,09:50:33.041050478
5053.25,1,09:50:33.041525009
5053.25,1,09:50:33.124348831
5053.25,2,09:50:33.135932253
5053.25,1,09:50:33.135978720
5053.25,3,09:50:33.136253427
5053.25,3,09:50:33.136476788
5053.25,3,09:50:33.237707504
5053.25,2,09:50:33.305478944
5053.25,1,09:50:33.305503683
5053.5,1,09:50:33.309036152
5053.25,1,09:50:33.557478836
5053.25,2,09:50:33.768780187
5053.25,4,09:50:34.063172005
5053.25,1,09:50:34.254802543
5053.25,2,09:50:34.255036679
5053.25,1,09:50:34.255174886
5053.25,1,09:50:34.255419944
5053.25,1,09:50:34.255498487
5053.25,3,09:50:34.491551835
5053.25,1,09:50:34.491580681
5053.25,6,09:50:34.513838657
5053.25,2,09:50:34.513891800
5053.25,2,09:50:34.514081190
5053.25,1,09:50:34.514122701
5053.0,22,09:50:34.736018442
5052.75,1,09:50:35.587021829
5052.75,7,09:50:35.681861083
5052.75,2,09:50:36.333635980
5052.75,1,09:50:36.720951874
5052.75,1,09:50:36.720985007
5052.75,1,09:50:37.152841620
5052.75,1,09:50:37.152898815
5052.75,7,09:50:37.152988746
5052.75,3,09:50:37.153039118
5052.75,6,09:50:37.624100644
5052.75,2,09:50:37.624138397
5052.75,2,09:50:37.624426462
5052.75,1,09:50:37.624529507
5052.75,14,09:50:37.624529507
5052.75,3,09:50:37.634922648
5052.5,6,09:50:37.823585857
5052.5,1,09:50:37.823597646
5052.5,6,09:50:37.823738177
5052.5,2,09:50:37.823778488
5052.5,3,09:50:37.823861066
5052.5,2,09:50:37.823929986
5052.5,5,09:50:37.823929986
5052.5,2,09:50:37.823944002
5052.5,1,09:50:37.823995116
5052.5,1,09:50:37.824047611
5052.5,1,09:50:37.824168000
5052.5,2,09:50:37.824201047
5052.5,1,09:50:37.824241877
5052.5,1,09:50:37.824376081
5052.5,3,09:50:37.836985622
5052.5,1,09:50:37.837032696
5052.5,1,09:50:37.837140285
5052.5,2,09:50:37.837181902
5052.25,1,09:50:37.852852231
5052.5,6,09:50:37.870061285
5052.5,3,09:50:37.870283639
5052.25,1,09:50:37.961717056
5052.5,1,09:50:38.032644806
5052.5,2,09:50:38.063079188
5052.5,1,09:50:38.063264491
5052.5,2,09:50:38.067207457
5052.5,4,09:50:38.082519936
5052.5,1,09:50:38.155029155
5052.5,1,09:50:38.159350395
5052.5,7,09:50:38.242000155
5052.5,2,09:50:38.253524110
5052.5,1,09:50:38.253677047
5052.5,1,09:50:39.822186457
5052.5,2,09:50:40.044082577
5052.5,2,09:50:40.282129081
5052.5,2,09:50:40.282310768
5052.5,1,09:50:40.282365056
5052.5,2,09:50:40.282443832
5052.5,1,09:50:40.283181015
5052.75,1,09:50:40.313204134
5052.5,1,09:50:40.444884918
5052.5,1,09:50:40.496158955
5052.75,2,09:50:40.646825889
5052.75,2,09:50:40.657751921
5052.75,12,09:50:40.723070987
5052.75,1,09:50:41.357189716
5052.75,1,09:50:41.519159411
5053.0,5,09:50:41.871458987
5053.0,1,09:50:41.871789438
5053.0,1,09:50:41.899935095
5053.0,3,09:50:41.900216354
5053.0,6,09:50:41.900480180
5053.0,2,09:50:41.900508313
5053.0,2,09:50:41.900576372
5053.0,1,09:50:41.900576372
5053.0,6,09:50:41.976452406
5053.0,1,09:50:41.976649732
5053.0,2,09:50:41.976693428
5053.0,1,09:50:41.976932343
5053.0,1,09:50:41.977003374
5053.0,1,09:50:42.387583412
5053.0,3,09:50:42.507756199
5053.0,1,09:50:42.539576664
5053.0,1,09:50:42.540188318
5053.0,1,09:50:42.540366469
5053.0,2,09:50:42.540415190
5053.0,2,09:50:42.574200658
5053.0,1,09:50:42.574757293
5053.0,5,09:50:42.619783982
5053.0,1,09:50:42.619822802
5053.0,1,09:50:42.619863638
5053.0,4,09:50:42.721507426
5053.0,1,09:50:42.721912633
5053.0,1,09:50:42.722049434
5053.0,2,09:50:42.743183010
5053.0,1,09:50:42.743364505
5053.0,1,09:50:42.743401978
5053.0,1,09:50:42.788325030
5053.0,1,09:50:42.820369688
5053.0,1,09:50:43.016726353
5053.0,1,09:50:43.311786014
5053.0,4,09:50:43.489974465
5053.0,3,09:50:43.490128350
5053.0,4,09:50:43.554907224
5053.0,1,09:50:43.831120102
5053.0,1,09:50:43.873255411
5052.75,1,09:50:45.076858503
5052.75,12,09:50:45.077135158
5052.75,2,09:50:45.077197223
5052.75,1,09:50:45.077229121
5052.75,1,09:50:45.077247743
5052.75,5,09:50:45.077436924
5052.75,4,09:50:45.078362809
5052.75,1,09:50:45.078540883
5052.75,2,09:50:45.078566698
5052.75,3,09:50:45.078614967
5052.75,1,09:50:45.078673685
5052.75,2,09:50:45.078673685
5052.75,1,09:50:45.078756042
5052.75,1,09:50:45.297880457
5052.75,1,09:50:45.362160430
5052.75,1,09:50:45.439909589
5052.75,1,09:50:45.582315082
5052.75,1,09:50:45.707585152
5052.5,6,09:50:45.825237632
5052.5,1,09:50:45.941533416
5052.5,2,09:50:45.951389459
5052.5,6,09:50:45.951960590
5052.5,1,09:50:45.952074279
5052.5,1,09:50:45.952108720
5052.5,2,09:50:45.952707149
5052.5,2,09:50:45.953782960
5052.5,2,09:50:45.953895691
5052.5,1,09:50:45.953895691
5052.5,1,09:50:45.958477826
5052.75,20,09:50:46.071379680
5052.75,1,09:50:46.399381228
5052.75,6,09:50:46.542187535
5052.75,3,09:50:46.542348904
5052.75,1,09:50:46.542621835
5052.75,2,09:50:46.542676364
5052.75,1,09:50:46.542708982
5052.75,1,09:50:46.542837663
5052.75,3,09:50:46.542883114
5052.75,2,09:50:46.542995251
5052.5,1,09:50:46.550476849
5052.5,1,09:50:46.778499164
5052.5,7,09:50:46.778589380
5052.5,7,09:50:46.778904837
5052.5,1,09:50:47.329104133
5052.5,1,09:50:47.371265568
5052.5,1,09:50:47.547648129
5052.25,5,09:50:47.662617999
5052.5,1,09:50:47.779019203
5052.25,1,09:50:47.803305333
5052.5,1,09:50:47.895730683
5052.25,1,09:50:48.033809257
5052.25,1,09:50:48.311831472
5052.25,5,09:50:48.311951769
5052.25,2,09:50:48.312026778
5052.25,3,09:50:48.312026778
5052.25,1,09:50:48.312074081
5052.25,11,09:50:48.312143608
5052.25,1,09:50:48.312143608
5052.25,1,09:50:48.312231701
5052.25,1,09:50:48.312268691
5052.25,1,09:50:48.312488657
5052.25,1,09:50:48.312658071
5052.25,1,09:50:48.312836478
5052.25,1,09:50:48.312990308
5052.25,1,09:50:48.315055185
5052.5,1,09:50:49.434897426
5052.5,1,09:50:49.480749169
5052.25,1,09:50:49.583931059
5052.25,1,09:50:49.675960353
5052.25,1,09:50:49.676173458
5052.25,1,09:50:49.676558381
5052.25,1,09:50:49.684985477
5052.25,1,09:50:49.685157541
5052.25,1,09:50:49.777617068
5052.25,1,09:50:49.794635760
5052.25,9,09:50:49.794729985
5052.25,8,09:50:49.800649904
5052.25,1,09:50:49.848248768
5052.0,1,09:50:49.914498113
5052.25,2,09:50:49.977228790
5052.0,2,09:50:50.075327038
5052.0,2,09:50:50.075464043
5052.0,2,09:50:50.075496351
5052.0,1,09:50:50.075559228
5052.0,6,09:50:50.075666609
5052.0,1,09:50:50.075817966
5052.0,1,09:50:50.075936922
5052.0,6,09:50:50.075936922
5052.0,2,09:50:50.076033660
5052.0,5,09:50:50.076033660
5052.0,1,09:50:50.076096676
5052.0,2,09:50:50.076096676
5052.0,1,09:50:50.076193465
5052.0,5,09:50:50.076193465
5052.0,2,09:50:50.076212253
5052.0,1,09:50:50.076720778
5052.0,6,09:50:50.082622501
5052.0,4,09:50:50.082671161
5052.0,1,09:50:50.082671161
5052.0,6,09:50:50.082876119
5052.0,1,09:50:50.082907220
5052.0,5,09:50:50.083203466
5052.0,2,09:50:50.083389662
5052.0,3,09:50:50.083458797
5051.75,1,09:50:50.100118487
5051.75,1,09:50:50.100128518
5052.0,1,09:50:50.391946038
5052.0,2,09:50:50.473291916
5052.0,2,09:50:50.473328729
5052.0,10,09:50:50.473526612
5052.0,6,09:50:50.506818128
5052.0,2,09:50:50.506853573
5051.75,1,09:50:50.563385673
5051.75,1,09:50:50.645673004
5052.0,1,09:50:50.832248612
5051.75,1,09:50:50.935457308
5051.75,1,09:50:51.083880867
5052.0,1,09:50:51.785341960
5052.0,1,09:50:51.801168747
5051.75,1,09:50:51.826583405
5052.0,1,09:50:51.974431209
5051.75,3,09:50:52.111440816
5051.75,1,09:50:52.199109837
5052.0,1,09:50:52.399704769
5051.75,1,09:50:52.943937649
5051.75,1,09:50:53.308379510
5051.75,1,09:50:53.458987532
5052.0,1,09:50:53.688905090
5051.75,1,09:50:53.993749131
5051.75,1,09:50:54.060546484
5051.75,7,09:50:54.060776968
5051.75,1,09:50:54.060941362
5051.75,3,09:50:54.061384018
5051.75,1,09:50:54.061579951
5051.75,5,09:50:54.061699847
5051.75,1,09:50:54.061762191
5051.75,1,09:50:54.061970026
5051.75,1,09:50:54.069156952
5051.75,2,09:50:54.104725178
5052.0,1,09:50:54.336611434
5052.0,1,09:50:54.347172048
5052.0,2,09:50:54.350734913
5052.0,1,09:50:54.350849133
5052.0,2,09:50:54.350917915
5052.0,2,09:50:54.350962754
5052.0,1,09:50:54.351094663
5052.0,3,09:50:54.351094663
5052.0,12,09:50:54.351216129
5052.0,5,09:50:54.351275052
5052.0,2,09:50:54.351275052
5052.0,1,09:50:54.351320007
5052.25,1,09:50:54.531092918
5052.25,1,09:50:54.661517044
5052.0,6,09:50:54.830971451
5052.25,1,09:50:54.845494772
5052.0,1,09:50:54.851967101
5052.25,1,09:50:55.036773992
5052.25,10,09:50:55.037058390
5052.25,3,09:50:55.074745560
5052.25,6,09:50:55.074951768
5052.25,2,09:50:55.074988237
5052.25,1,09:50:55.075266287
5052.25,1,09:50:55.075438143
5052.25,1,09:50:55.075722184
5052.25,1,09:50:55.091784093
5052.0,1,09:50:55.250856735
5052.25,1,09:50:55.325908179
5052.25,11,09:50:56.219015955
5052.5,1,09:50:56.245489802
5052.5,1,09:50:56.245511976
5052.5,1,09:50:56.544940752
5052.5,1,09:50:56.545021119
5052.5,3,09:50:56.545084461
5052.5,2,09:50:56.545175723
5052.5,2,09:50:56.545264522
5052.5,1,09:50:56.545264522
5052.5,5,09:50:56.545335119
5052.5,2,09:50:56.545374284
5052.5,1,09:50:56.595666857
5052.75,2,09:50:57.055518752
5052.5,5,09:50:57.177891010
5052.5,1,09:50:57.332162125
5052.5,2,09:50:57.390414744
5052.5,1,09:50:57.390594047
5052.5,1,09:50:57.390642870
5052.5,3,09:50:57.390760705
5052.5,24,09:50:57.391068844
5052.5,4,09:50:57.391261199
5052.5,1,09:50:57.493889071
5052.75,3,09:50:57.572524172
5052.5,4,09:50:58.654676186
5052.5,16,09:50:58.654903628
5052.5,1,09:50:58.655731734
5052.5,10,09:50:58.919400081
5052.5,1,09:50:59.093276665
5052.75,2,09:50:59.281766829
5052.75,6,09:50:59.547687815
5052.75,13,09:50:59.917092678
5053.25,1,09:52:05.435597458
5053.25,1,09:52:06.293745097
5053.25,6,09:52:06.630651712
5053.25,1,09:52:06.630720340
5053.25,1,09:52:06.630779647
5053.25,5,09:52:06.640419461
5053.25,2,09:52:06.640620672
5053.25,1,09:52:06.640651585
5053.25,1,09:52:06.640686913
5053.25,5,09:52:06.648997426
5053.25,1,09:52:06.656144774
5053.5,6,09:52:07.028576505
5053.5,2,09:52:07.028628700
5053.5,6,09:52:07.028721131
5053.5,3,09:52:07.028779341
5053.5,2,09:52:07.028824381
5053.5,3,09:52:07.383815619
5053.5,1,09:52:07.383925202
5053.5,6,09:52:07.383925202
5053.5,1,09:52:07.384230207
5053.5,2,09:52:07.384287427
5053.5,1,09:52:07.384316650
5053.5,3,09:52:07.384426165
5053.5,1,09:52:07.384455373
5053.5,1,09:52:07.394120899
5053.75,12,09:52:07.424149587
5053.75,2,09:52:07.424324983
5053.75,6,09:52:07.424406260
5053.75,1,09:52:07.424535761
5053.75,2,09:52:07.424719173
5053.75,2,09:52:07.461675920
5053.75,6,09:52:07.461791781
5053.75,2,09:52:07.461881025
5053.75,1,09:52:07.461992426
5053.75,1,09:52:07.462116259
5053.75,1,09:52:07.531961703
5053.75,1,09:52:07.532287204
5053.75,1,09:52:07.532442833
5053.75,2,09:52:07.532480216
5053.75,1,09:52:07.940844570
5053.75,2,09:52:07.940886826
5053.75,1,09:52:07.940966748
5053.75,1,09:52:07.941023098
5053.75,3,09:52:07.941172707
5054.0,1,09:52:08.076109462
5053.75,2,09:52:08.487872215
5053.75,4,09:52:08.488050810
5053.75,1,09:52:08.489452589
5053.75,1,09:52:08.505644398
5053.75,1,09:52:08.505680037
5053.75,1,09:52:08.537739502
5053.75,2,09:52:08.634707594
5053.75,1,09:52:08.723037515
5053.75,1,09:52:08.736061311
5053.75,4,09:52:08.736262371
5053.75,1,09:52:08.736505259
5053.75,1,09:52:08.736695625
5053.75,1,09:52:08.737328094
5053.75,1,09:52:08.743624981
5054.0,1,09:52:08.919609888
5054.0,1,09:52:09.491487538
5054.0,6,09:52:09.491699558
5054.0,4,09:52:09.491855350
5054.0,1,09:52:09.491917715
5054.0,4,09:52:09.491968280
5054.0,1,09:52:09.492043219
5054.0,1,09:52:09.492089991
5054.0,1,09:52:09.492295132
5054.0,9,09:52:09.611595193
5054.25,1,09:52:10.627989523
5054.25,3,09:52:10.628054269
5054.25,1,09:52:10.628604159
5054.25,1,09:52:10.628813111
5054.25,3,09:52:10.782871032
5054.25,3,09:52:10.783041375
5054.25,1,09:52:10.783080385
5054.25,1,09:52:10.783428625
5054.25,2,09:52:10.783482546
5054.25,2,09:52:10.783674429
5054.25,2,09:52:10.853647931
5054.25,1,09:52:10.853800638
5054.25,2,09:52:10.853872374
5054.25,3,09:52:10.853937157
5054.25,1,09:52:10.854198176
5054.25,2,09:52:10.854394481
5054.25,1,09:52:10.854569518
5054.25,2,09:52:10.855667728
5054.25,3,09:52:10.855984909
5054.25,2,09:52:10.856034636
5054.25,4,09:52:10.856209791
5054.25,7,09:52:12.008609833
5054.5,2,09:52:12.034405252
5054.25,1,09:52:12.083144197
5054.25,6,09:52:12.636845997
5054.25,2,09:52:12.636883034
5054.25,2,09:52:12.636948262
5054.25,2,09:52:12.637020932
5054.25,1,09:52:12.637020932
5054.25,1,09:52:12.637052530
5054.25,1,09:52:12.637109807
5054.25,1,09:52:12.637150247
5054.25,1,09:52:12.637423756
5054.25,1,09:52:12.637452125
5054.25,1,09:52:12.637648753
5054.25,2,09:52:12.637693643
5054.25,2,09:52:12.637759095
5054.25,1,09:52:12.637844702
5054.25,1,09:52:12.637878092
5054.25,4,09:52:12.638102339
5054.25,1,09:52:12.638178082
5054.25,3,09:52:12.882495186
5054.25,6,09:52:12.882843158
5054.25,2,09:52:12.883041118
5054.0,1,09:52:13.179624404
5054.0,6,09:52:13.179741843
5054.0,3,09:52:13.179793971
5054.0,1,09:52:13.179905747
5054.0,2,09:52:13.179905747
5054.0,2,09:52:13.179945011
5054.0,3,09:52:13.180522834
5054.0,3,09:52:13.180759162
5054.0,1,09:52:13.180920859
5054.0,1,09:52:13.181023917
5054.0,1,09:52:13.181577739
5054.0,3,09:52:13.193430743
5054.0,3,09:52:13.208025670
5054.0,2,09:52:13.208051114
5054.0,1,09:52:13.208202352
5054.0,1,09:52:13.208545636
5054.0,1,09:52:13.208701744
5053.75,2,09:52:13.803900441
5053.75,1,09:52:13.803914255
5053.75,2,09:52:13.803998552
5053.75,4,09:52:13.805107329
5053.75,1,09:52:13.805156562
5053.75,6,09:52:13.805834998
5053.75,2,09:52:13.806009888
5053.75,1,09:52:13.806121308
5053.75,3,09:52:13.861336928
5053.75,2,09:52:13.861655136
5053.75,1,09:52:13.861820445
5053.75,1,09:52:13.861845172
5053.75,1,09:52:14.032745871
5053.5,10,09:52:14.165959452
5053.5,2,09:52:14.166058085
5053.5,6,09:52:14.166128880
5053.5,1,09:52:14.168159500
5053.5,13,09:52:14.176457722
5053.75,2,09:52:14.506972912
5053.5,6,09:52:14.511185045
5053.5,1,09:52:14.511332444
5053.5,1,09:52:14.511362015
5053.5,2,09:52:14.512879547
5053.5,1,09:52:14.549674625
5053.5,1,09:52:14.610322029
5053.5,5,09:52:15.418517959
5053.5,30,09:52:16.129803776
5053.5,4,09:52:16.329775498
5053.5,3,09:52:16.329838863
5053.5,2,09:52:16.330243271
5053.5,1,09:52:16.330280811
5053.5,1,09:52:16.330313682
5053.5,1,09:52:16.332132314
5053.5,6,09:52:16.338329083
5053.5,1,09:52:16.338362830
5053.5,1,09:52:16.338439302
5053.25,1,09:52:16.792206505
5053.25,1,09:52:17.007531125
5053.25,9,09:52:17.007658743
5053.25,6,09:52:17.009889170
5053.25,2,09:52:17.010114640
5053.25,2,09:52:17.010159732
5053.25,1,09:52:17.010435731
5053.25,1,09:52:17.010482356
5053.25,1,09:52:17.010583804
5053.25,1,09:52:17.010621194
5053.25,5,09:52:17.010905146
5053.25,6,09:52:17.011138081
5053.25,1,09:52:17.016639790
5053.25,1,09:52:17.138575312
5053.5,5,09:52:17.263615222
5053.5,2,09:52:17.741129404
5053.25,6,09:52:18.284691990
5053.25,1,09:52:18.284730970
5053.25,2,09:52:18.285028534
5053.25,2,09:52:18.285067342
5053.25,2,09:52:18.285124889
5053.25,1,09:52:18.285158288
5053.25,1,09:52:18.285202407
5053.25,1,09:52:18.285260277
5053.25,2,09:52:18.285302185
5053.25,1,09:52:18.285344084
5053.5,15,09:52:18.397414147
5053.5,1,09:52:18.496890174
5053.25,5,09:52:18.847226541
5053.25,1,09:52:18.847524629
5053.25,1,09:52:18.847708943
5053.25,6,09:52:18.847775127
5053.25,2,09:52:18.847835656
5053.25,2,09:52:18.991348191
5053.25,1,09:52:18.991421364
5053.25,1,09:52:19.195300664
5053.25,1,09:52:19.289090029
5053.0,5,09:52:19.626637751
5053.0,1,09:52:19.626650714
5053.0,2,09:52:19.626700158
5053.0,2,09:52:19.626737973
5053.0,5,09:52:19.626777773
5053.0,1,09:52:19.627202342
5053.0,2,09:52:19.627313486
5053.0,1,09:52:19.627507513
5053.0,1,09:52:19.627544645
5053.0,1,09:52:19.688577495
5053.25,1,09:52:20.171828743
5053.25,4,09:52:20.171932451
5053.25,2,09:52:20.171991875
5053.25,2,09:52:20.172062415
5053.25,8,09:52:20.172119705
5053.5,1,09:52:20.253127705
5053.5,1,09:52:20.253895221
5053.5,6,09:52:20.348630471
5053.5,1,09:52:20.348653562
5053.5,1,09:52:20.699638129
5053.5,1,09:52:20.699801310
5053.5,8,09:52:20.699917415
5053.5,1,09:52:20.699989800
5053.5,3,09:52:20.700322120
5053.5,2,09:52:20.700541501
5053.5,1,09:52:20.700580993
5053.5,3,09:52:20.724909652
5053.5,1,09:52:20.766076490
5053.5,3,09:52:20.862304007
5053.5,2,09:52:20.862436676
5053.5,1,09:52:20.978422971
5053.5,1,09:52:21.022205567
5053.5,6,09:52:21.669561097
5053.5,2,09:52:21.827214729
5053.5,1,09:52:21.827242393
5053.5,4,09:52:21.827303271
5053.5,1,09:52:21.951458455
5053.5,2,09:52:21.951641614
5053.5,1,09:52:21.951868585
5053.5,1,09:52:21.951938067
5053.25,1,09:52:23.047947545
5053.25,3,09:52:23.048008516
5053.25,2,09:52:23.048058430
5053.25,2,09:52:23.048102763
5053.25,1,09:52:23.048159538
5053.25,17,09:52:23.048725260
5053.25,2,09:52:23.048996664
5053.25,1,09:52:23.049032620
5053.25,1,09:52:23.049124132
5053.25,1,09:52:23.049220364
5053.25,6,09:52:23.049483831
5053.25,1,09:52:23.049670389
5053.25,4,09:52:23.049948324
5053.25,1,09:52:23.049970549
5053.25,1,09:52:23.050019456
5053.25,6,09:52:23.050217146
5053.25,1,09:52:23.050299122
5053.25,3,09:52:23.050427422
5053.25,2,09:52:23.050569781
5053.25,13,09:52:23.124639863
5053.25,3,09:52:23.124688975
5053.25,5,09:52:23.125216911
5053.25,1,09:52:24.034139279
5053.25,1,09:52:24.062789843
5053.25,5,09:52:24.222376938
5053.25,1,09:52:24.222567147
5053.25,1,09:52:24.222610713
5053.25,1,09:52:24.222697582
5053.25,1,09:52:24.250087688
5053.25,1,09:52:24.475055304
5053.25,2,09:52:24.486164040
5053.25,4,09:52:24.486363353
5053.25,2,09:52:24.486409485
5053.25,5,09:52:24.530141899
5053.25,2,09:52:24.551924293
5053.5,26,09:52:26.338106643
5053.5,6,09:52:26.338245810
5053.5,1,09:52:26.338289129
5053.5,2,09:52:26.338401388
5053.5,1,09:52:26.338843433
5053.5,2,09:52:26.544390134
5053.5,3,09:52:26.576722247
5053.5,6,09:52:26.663357204
5053.75,3,09:52:27.591776825
5053.75,3,09:52:27.591820387
5053.75,2,09:52:27.591843578
5053.75,1,09:52:27.591889176
5053.75,2,09:52:27.591994979
5053.75,1,09:52:27.592025414
5053.75,1,09:52:27.848128153
5053.75,4,09:52:27.865026181
5053.75,2,09:52:27.865203215
5053.75,2,09:52:27.865248477
5053.75,1,09:52:27.865273301
5053.75,1,09:52:27.865539962
5053.75,1,09:52:28.030052682
5053.75,1,09:52:28.030212554
5053.75,2,09:52:28.030415195
5053.75,1,09:52:28.524297061
5053.75,1,09:52:28.525257461
5053.75,1,09:52:28.528000899
5053.75,6,09:52:28.636126902
5053.75,1,09:52:28.636552997
5053.75,1,09:52:28.643093155
5053.75,1,09:52:28.858713325
5053.75,1,09:52:28.912574536
5053.5,1,09:52:29.183767930
5053.5,1,09:52:30.434958312
5053.5,1,09:52:30.434992047
5053.5,4,09:52:30.435056752
5053.5,2,09:52:30.435227015
5053.5,23,09:52:30.435521802
5053.5,1,09:52:30.435930491
5053.25,1,09:52:30.542805424
5053.25,6,09:52:30.545875188
5053.25,4,09:52:30.546062916
5053.25,2,09:52:30.546151600
5053.25,2,09:52:30.546461559
5053.25,1,09:52:30.546506138
5053.25,1,09:52:30.546707022
5053.5,1,09:52:30.722167961
5053.25,6,09:52:30.863987144
5053.25,2,09:52:30.864035935
5053.25,2,09:52:30.864101234
5053.25,5,09:52:30.864224087
5053.25,1,09:52:30.864513751
5053.25,1,09:52:30.864563150
5053.25,1,09:52:30.864609932
5053.25,2,09:52:30.864719013
5053.25,1,09:52:30.872574509
5053.25,5,09:52:30.872855900
5053.25,2,09:52:30.873296351
5053.25,2,09:52:30.875984436
5053.25,11,09:52:31.193311587
5053.25,4,09:52:31.193430966
5053.25,1,09:52:31.193460204
5053.25,1,09:52:31.193521415
5053.25,2,09:52:31.193547031
5053.25,2,09:52:31.193567787
5053.25,1,09:52:31.193614060
5053.25,3,09:52:31.193680669
5053.25,3,09:52:31.771148374
5053.25,8,09:52:31.771457938
5053.25,1,09:52:31.771817767
5053.25,1,09:52:31.772005611
5053.25,1,09:52:31.772210185
5053.25,3,09:52:31.783507494
5053.25,1,09:52:31.783857512
5053.25,2,09:52:31.784034421
5053.25,2,09:52:31.811424511
5053.25,1,09:52:31.811546930
5053.25,1,09:52:31.820728802
5053.25,2,09:52:31.833228585
5053.25,1,09:52:31.914997639
5053.25,1,09:52:31.915197883
5053.25,6,09:52:32.109804205
5053.25,1,09:52:32.109837918
5053.0,11,09:52:32.471546655
5053.0,1,09:52:32.472285841
5052.75,1,09:52:33.358057410
5053.0,1,09:52:33.833670283
5052.75,2,09:52:33.967501634
5052.75,1,09:52:33.967537363
5052.75,3,09:52:33.967603673
5052.75,2,09:52:33.967645221
5052.75,6,09:52:33.967718697
5052.75,1,09:52:33.967769668
5052.75,6,09:52:33.967811182
5052.75,1,09:52:33.967841352
5052.75,1,09:52:33.967877599
5052.75,5,09:52:33.968005288
5052.75,4,09:52:34.049565146
5052.75,1,09:52:34.049936674
5052.75,4,09:52:34.296841589
5052.75,2,09:52:34.296867881
5052.75,1,09:52:34.297008146
5052.75,1,09:52:34.297060282
5052.75,4,09:52:34.358274367
5052.75,2,09:52:34.358614029
5052.75,2,09:52:34.360352481
5052.75,2,09:52:34.360392024
5052.75,1,09:52:34.360520874
5052.75,1,09:52:34.360773148
5052.75,1,09:52:34.360956867
5052.75,2,09:52:34.707659667
5052.75,1,09:52:34.707853639
5052.75,7,09:52:34.708059342
5052.75,2,09:52:34.708361342
5052.75,2,09:52:34.708621478
5052.75,1,09:52:34.929912398
5052.75,1,09:52:34.930137894
5052.75,6,09:52:34.931125436
5052.75,1,09:52:34.931125436
5052.75,1,09:52:34.931304173
5052.75,6,09:52:34.931779907
5052.75,2,09:52:34.931860171
5052.75,1,09:52:34.931860171
5052.75,4,09:52:35.221942597
5052.75,5,09:52:35.221997585
5053.0,1,09:52:35.685542624
5053.0,5,09:52:35.686033433
5053.0,2,09:52:35.686157746
5053.0,1,09:52:35.686157746
5053.0,1,09:52:35.693454989
5053.0,2,09:52:35.693577753
5053.0,15,09:52:35.693671261
5053.0,5,09:52:35.693988388
5053.0,2,09:52:35.694194687
5053.0,2,09:52:35.694223823
5053.0,1,09:52:35.703807438
5052.75,9,09:52:37.045665888
5052.75,1,09:52:37.045788127
5052.75,6,09:52:37.045923515
5052.75,2,09:52:37.045967011
5052.75,6,09:52:38.029769852
5052.75,2,09:52:38.029822474
5052.75,1,09:52:38.029876730
5052.75,1,09:52:38.029926824
5052.75,1,09:52:38.121684669
5052.75,1,09:52:38.246508328
5052.75,1,09:52:38.246597841
5052.75,1,09:52:38.247725777
5052.75,6,09:52:38.363950631
5052.75,1,09:52:38.364083898
5052.75,3,09:52:38.962025645
5052.75,1,09:52:39.032799213
5052.75,4,09:52:39.033025764
5052.5,1,09:52:39.068340300
5052.5,1,09:52:39.257781743
5052.5,3,09:52:39.471691358
5052.5,2,09:52:39.471728738
5052.5,2,09:52:39.471779645
5052.5,3,09:52:39.471840136
5052.5,1,09:52:39.471884303
5052.5,6,09:52:39.471940782
5052.5,1,09:52:39.471974520
5052.5,2,09:52:39.472011144
5052.5,1,09:52:39.472485647
5052.5,2,09:52:39.474004763
5052.5,3,09:52:39.474190993
5052.5,2,09:52:39.474526268
5052.5,2,09:52:39.474570575
5052.5,1,09:52:39.474603942
5052.5,2,09:52:39.487356460
5052.5,2,09:52:39.487413965
5052.5,2,09:52:39.487541696
5052.5,6,09:52:39.492383108
5052.5,2,09:52:39.492443600
5052.5,1,09:52:39.492443600
5052.5,4,09:52:39.492625344
5052.5,1,09:52:39.492905881
5052.5,5,09:52:39.493102243
5052.5,3,09:52:39.493358741
5052.5,1,09:52:39.493412755
5052.5,1,09:52:39.493511935
5052.5,1,09:52:39.493634219
5052.5,1,09:52:39.493665704
5052.5,5,09:52:39.502598073
5052.5,3,09:52:39.519572283
5052.5,3,09:52:39.567310737
5052.5,1,09:52:39.567407098
5052.5,1,09:52:39.567441012
5052.5,1,09:52:39.567719325
5052.25,1,09:52:39.787853294
