bidVolume,bidPrice,askVolume,askPrice,timestamp
72,118.6,31,118.61,10:00:00.006938892
72,118.6,30,118.61,10:00:00.007165388
72,118.6,31,118.61,10:00:00.062952624
72,118.6,41,118.61,10:00:00.081440852
72,118.6,48,118.61,10:00:00.081685387
72,118.6,54,118.61,10:00:00.081986630
72,118.6,44,118.61,10:00:00.187390280
72,118.6,46,118.61,10:00:00.234212943
68,118.6,46,118.61,10:00:00.761298871
68,118.6,47,118.61,10:00:00.883579365
68,118.6,48,118.61,10:00:00.902804380
63,118.6,48,118.61,10:00:00.913347023
63,118.6,58,118.61,10:00:00.942023602
63,118.6,59,118.61,10:00:00.942203250
63,118.6,58,118.61,10:00:00.942358690
63,118.6,48,118.61,10:00:00.979218157
63,118.6,49,118.61,10:00:01.068829168
63,118.6,50,118.61,10:00:01.120754680
63,118.6,52,118.61,10:00:01.121314183
61,118.6,52,118.61,10:00:01.128950303
61,118.6,53,118.61,10:00:01.128997657
60,118.6,53,118.61,10:00:01.128997657
60,118.6,63,118.61,10:00:01.129210412
59,118.6,63,118.61,10:00:01.129477212
60,118.6,63,118.61,10:00:01.175708388
62,118.6,63,118.61,10:00:01.175923310
63,118.6,63,118.61,10:00:01.175998474
63,118.6,53,118.61,10:00:01.176231665
63,118.6,52,118.61,10:00:01.176290935
63,118.6,51,118.61,10:00:01.176506461
63,118.6,50,118.61,10:00:01.318700820
64,118.6,50,118.61,10:00:01.539714160
65,118.6,50,118.61,10:00:01.539960793
64,118.6,50,118.61,10:00:01.540181260
64,118.6,54,118.61,10:00:02.063468435
65,118.6,54,118.61,10:00:02.063653826
65,118.6,55,118.61,10:00:02.063723574
64,118.6,55,118.61,10:00:02.175332473
64,118.6,54,118.61,10:00:02.218117846
63,118.6,54,118.61,10:00:02.218227971
64,118.6,54,118.61,10:00:02.218291743
64,118.6,55,118.61,10:00:02.296404146
64,118.6,56,118.61,10:00:02.296649996
63,118.6,56,118.61,10:00:02.296825871
64,118.6,56,118.61,10:00:02.525862158
67,118.6,56,118.61,10:00:03.899216944
67,118.6,55,118.61,10:00:03.899405469
67,118.6,54,118.61,10:00:04.097747834
67,118.6,53,118.61,10:00:05.295811068
66,118.6,53,118.61,10:00:05.579322821
66,118.6,54,118.61,10:00:05.584502526
66,118.6,55,118.61,10:00:05.606499123
66,118.6,56,118.61,10:00:05.607129906
66,118.6,55,118.61,10:00:06.051849594
66,118.6,65,118.61,10:00:06.058569833
66,118.6,64,118.61,10:00:06.058632633
66,118.6,65,118.61,10:00:06.058850356
64,118.6,65,118.61,10:00:06.058925048
64,118.6,66,118.61,10:00:06.058925048
63,118.6,66,118.61,10:00:06.062671142
62,118.6,66,118.61,10:00:06.062671142
64,118.6,66,118.61,10:00:06.062862934
65,118.6,66,118.61,10:00:06.063090262
67,118.6,66,118.61,10:00:06.063156159
67,118.6,65,118.61,10:00:06.063224415
67,118.6,64,118.61,10:00:06.063376585
67,118.6,54,118.61,10:00:06.374551765
67,118.6,53,118.61,10:00:06.374766485
65,118.6,53,118.61,10:00:06.416399910
65,118.6,54,118.61,10:00:06.416714012
65,118.6,53,118.61,10:00:06.441530437
65,118.6,48,118.61,10:00:06.441616818
65,118.6,44,118.61,10:00:06.441632508
65,118.6,43,118.61,10:00:06.441632508
65,118.6,42,118.61,10:00:06.441984078
70,118.6,42,118.61,10:00:06.442064396
71,118.6,42,118.61,10:00:06.442064396
80,118.6,42,118.61,10:00:06.442080106
81,118.6,42,118.61,10:00:06.442080106
85,118.6,42,118.61,10:00:06.442080106
91,118.6,42,118.61,10:00:06.442165793
97,118.6,42,118.61,10:00:06.442207685
97,118.6,40,118.61,10:00:06.442351125
99,118.6,40,118.61,10:00:06.442653202
101,118.6,40,118.61,10:00:07.011421442
95,118.6,40,118.61,10:00:07.598806253
91,118.6,40,118.61,10:00:07.598869527
91,118.6,42,118.61,10:00:07.598978471
90,118.6,42,118.61,10:00:07.599047335
90,118.6,43,118.61,10:00:07.599127533
90,118.6,45,118.61,10:00:07.599356002
90,118.6,46,118.61,10:00:07.599418044
85,118.6,46,118.61,10:00:07.599418044
85,118.6,49,118.61,10:00:07.599543981
85,118.6,50,118.61,10:00:07.599676755
84,118.6,50,118.61,10:00:07.599676755
84,118.6,55,118.61,10:00:07.599694729
82,118.6,55,118.61,10:00:07.599773385
76,118.6,55,118.61,10:00:07.599860931
67,118.6,55,118.61,10:00:07.599860931
67,118.6,65,118.61,10:00:07.600031930
66,118.6,65,118.61,10:00:07.600144492
64,118.6,65,118.61,10:00:07.600250315
64,118.6,67,118.61,10:00:07.600267566
64,118.6,65,118.61,10:00:07.600348355
65,118.6,65,118.61,10:00:07.600363187
63,118.6,65,118.61,10:00:07.600825973
62,118.6,65,118.61,10:00:07.600854230
63,118.6,65,118.61,10:00:07.600854230
59,118.6,65,118.61,10:00:07.600854230
57,118.6,65,118.61,10:00:07.600854230
44,118.6,65,118.61,10:00:07.600854230
43,118.6,65,118.61,10:00:07.600935820
44,118.6,65,118.61,10:00:07.600935820
45,118.6,65,118.61,10:00:07.601012690
44,118.6,65,118.61,10:00:07.601012690
43,118.6,65,118.61,10:00:07.601118081
42,118.6,65,118.61,10:00:07.601118081
42,118.6,76,118.61,10:00:07.601118081
45,118.6,76,118.61,10:00:07.601206876
45,118.6,81,118.61,10:00:07.601222153
46,118.6,81,118.61,10:00:07.601300847
46,118.6,88,118.61,10:00:07.601401522
45,118.6,88,118.61,10:00:07.601401522
44,118.6,88,118.61,10:00:07.601501407
44,118.6,91,118.61,10:00:07.601501407
45,118.6,91,118.61,10:00:07.601518565
45,118.6,93,118.61,10:00:07.601518565
45,118.6,95,118.61,10:00:07.601620101
45,118.6,94,118.61,10:00:07.601769039
46,118.6,94,118.61,10:00:07.601912591
45,118.6,94,118.61,10:00:07.602165291
44,118.6,94,118.61,10:00:07.602165291
41,118.6,94,118.61,10:00:07.602979016
42,118.6,94,118.61,10:00:07.603089585
41,118.6,94,118.61,10:00:07.603273393
42,118.6,94,118.61,10:00:07.603382321
43,118.6,94,118.61,10:00:07.603527127
44,118.6,94,118.61,10:00:07.603631012
45,118.6,94,118.61,10:00:07.603703210
44,118.6,94,118.61,10:00:07.603785222
43,118.6,94,118.61,10:00:07.603785222
42,118.6,94,118.61,10:00:07.603921706
43,118.6,94,118.61,10:00:07.604026951
44,118.6,94,118.61,10:00:07.604103700
45,118.6,94,118.61,10:00:07.604172791
44,118.6,94,118.61,10:00:07.605454118
43,118.6,94,118.61,10:00:07.605530792
42,118.6,94,118.61,10:00:07.605530792
42,118.6,95,118.61,10:00:07.605703033
42,118.6,97,118.61,10:00:07.605976278
43,118.6,97,118.61,10:00:07.606376921
44,118.6,97,118.61,10:00:07.606554239
47,118.6,97,118.61,10:00:07.606622533
48,118.6,97,118.61,10:00:07.606762427
48,118.6,96,118.61,10:00:07.607110539
48,118.6,94,118.61,10:00:07.607251304
48,118.6,95,118.61,10:00:07.607437809
48,118.6,94,118.61,10:00:07.607508929
49,118.6,94,118.61,10:00:07.611742903
49,118.6,93,118.61,10:00:07.611742903
48,118.6,93,118.61,10:00:07.614079091
48,118.6,94,118.61,10:00:07.614640803
47,118.6,94,118.61,10:00:07.615184006
47,118.6,93,118.61,10:00:07.615328406
46,118.6,93,118.61,10:00:07.666892417
45,118.6,93,118.61,10:00:07.666960663
44,118.6,93,118.61,10:00:07.667037533
43,118.6,93,118.61,10:00:07.667037533
44,118.6,93,118.61,10:00:07.669887550
46,118.6,93,118.61,10:00:07.670039381
44,118.6,93,118.61,10:00:07.671054561
43,118.6,93,118.61,10:00:07.671134420
43,118.6,94,118.61,10:00:07.671320391
40,118.6,94,118.61,10:00:07.672117853
40,118.6,95,118.61,10:00:07.683310656
40,118.6,97,118.61,10:00:07.683424803
37,118.6,97,118.61,10:00:07.683594531
27,118.6,97,118.61,10:00:07.706525767
22,118.6,97,118.61,10:00:07.778342526
22,118.6,95,118.61,10:00:07.782458274
27,118.6,95,118.61,10:00:07.786664268
28,118.6,95,118.61,10:00:07.786739737
28,118.6,91,118.61,10:00:07.814561904
27,118.6,91,118.61,10:00:07.928527076
25,118.6,91,118.61,10:00:07.928527076
24,118.6,91,118.61,10:00:07.928527076
19,118.6,91,118.61,10:00:07.928665566
19,118.6,95,118.61,10:00:07.928770254
24,118.6,95,118.61,10:00:07.969672218
25,118.6,95,118.61,10:00:07.969835907
26,118.6,95,118.61,10:00:07.969903370
27,118.6,95,118.61,10:00:07.970007085
26,118.6,95,118.61,10:00:07.970195560
26,118.6,97,118.61,10:00:08.094174200
26,118.6,100,118.61,10:00:08.094535879
25,118.6,100,118.61,10:00:08.102763775
25,118.6,97,118.61,10:00:08.195225026
24,118.6,97,118.61,10:00:08.195731656
19,118.6,97,118.61,10:00:08.950818321
18,118.6,97,118.61,10:00:08.951783799
17,118.6,97,118.61,10:00:08.952071955
15,118.6,97,118.61,10:00:08.952193196
10,118.6,97,118.61,10:00:08.952193196
8,118.6,97,118.61,10:00:08.952385981
7,118.6,97,118.61,10:00:08.952385981
6,118.6,97,118.61,10:00:08.952385981
3,118.6,97,118.61,10:00:08.952385981
1,118.6,97,118.61,10:00:08.952385981
118,118.59,97,118.61,10:00:08.952385981
118,118.59,1,118.6,10:00:08.952402455
118,118.59,2,118.6,10:00:08.952469424
118,118.59,3,118.6,10:00:08.952769996
118,118.59,6,118.6,10:00:08.952785157
108,118.59,6,118.6,10:00:08.952785157
108,118.59,5,118.6,10:00:08.952856457
107,118.59,5,118.6,10:00:08.952870841
107,118.59,2,118.6,10:00:08.953296032
107,118.59,1,118.6,10:00:08.953773624
107,118.59,96,118.61,10:00:08.953773624
107,118.59,97,118.61,10:00:08.954010994
5,118.6,97,118.61,10:00:08.956311459
7,118.6,97,118.61,10:00:08.956538673
7,118.6,87,118.61,10:00:08.956622474
8,118.6,87,118.61,10:00:08.956622474
10,118.6,87,118.61,10:00:08.956699546
11,118.6,87,118.61,10:00:08.956781756
12,118.6,87,118.61,10:00:08.957053058
13,118.6,87,118.61,10:00:08.957141202
14,118.6,87,118.61,10:00:08.957427622
17,118.6,87,118.61,10:00:08.957427622
18,118.6,87,118.61,10:00:08.957693369
23,118.6,87,118.61,10:00:08.957861894
23,118.6,86,118.61,10:00:08.957861894
33,118.6,86,118.61,10:00:08.959075333
43,118.6,86,118.61,10:00:08.961832026
46,118.6,86,118.61,10:00:08.961933175
47,118.6,86,118.61,10:00:08.963148904
47,118.6,81,118.61,10:00:08.963148904
47,118.6,70,118.61,10:00:08.963148904
54,118.6,70,118.61,10:00:08.963505356
55,118.6,70,118.61,10:00:08.963505356
55,118.6,71,118.61,10:00:08.974468944
56,118.6,71,118.61,10:00:08.982071353
63,118.6,71,118.61,10:00:08.982247785
53,118.6,71,118.61,10:00:09.019534890
53,118.6,72,118.61,10:00:09.057229182
46,118.6,72,118.61,10:00:09.478115144
46,118.6,70,118.61,10:00:09.478362553
46,118.6,80,118.61,10:00:09.478541347
47,118.6,80,118.61,10:00:11.907074258
51,118.6,80,118.61,10:00:11.907482316
51,118.6,76,118.61,10:00:12.047855997
51,118.6,75,118.61,10:00:12.048082052
51,118.6,73,118.61,10:00:12.048263757
47,118.6,73,118.61,10:00:12.134430208
47,118.6,74,118.61,10:00:12.934941581
48,118.6,74,118.61,10:00:13.057467354
53,118.6,74,118.61,10:00:13.057644615
48,118.6,74,118.61,10:00:14.046462715
48,118.6,73,118.61,10:00:14.665856010
48,118.6,72,118.61,10:00:14.666148177
48,118.6,73,118.61,10:00:14.666595280
47,118.6,73,118.61,10:00:15.011484791
47,118.6,74,118.61,10:00:15.069178608
47,118.6,73,118.61,10:00:15.113359726
49,118.6,73,118.61,10:00:15.707289463
51,118.6,73,118.61,10:00:15.707499059
52,118.6,73,118.61,10:00:16.319123968
52,118.6,72,118.61,10:00:16.319272682
50,118.6,72,118.61,10:00:17.167154449
50,118.6,73,118.61,10:00:17.167389883
50,118.6,74,118.61,10:00:17.167543016
50,118.6,73,118.61,10:00:17.192972208
50,118.6,72,118.61,10:00:17.237616413
50,118.6,73,118.61,10:00:17.534939047
50,118.6,72,118.61,10:00:18.100715122
62,118.6,72,118.61,10:00:18.100914462
65,118.6,72,118.61,10:00:18.100982676
66,118.6,72,118.61,10:00:18.101101144
74,118.6,72,118.61,10:00:18.139891941
77,118.6,72,118.61,10:00:18.140112571
77,118.6,70,118.61,10:00:18.727619549
77,118.6,60,118.61,10:00:18.727907756
77,118.6,50,118.61,10:00:18.728042384
77,118.6,45,118.61,10:00:18.728210774
74,118.6,45,118.61,10:00:18.729240758
74,118.6,46,118.61,10:00:18.729393900
74,118.6,45,118.61,10:00:18.915999479
74,118.6,42,118.61,10:00:18.917400356
74,118.6,35,118.61,10:00:18.917585555
74,118.6,29,118.61,10:00:18.917654914
74,118.6,24,118.61,10:00:18.917800934
75,118.6,24,118.61,10:00:18.917800934
85,118.6,24,118.61,10:00:18.917979037
86,118.6,24,118.61,10:00:18.918209584
86,118.6,25,118.61,10:00:18.918342528
86,118.6,35,118.61,10:00:18.918513189
76,118.6,35,118.61,10:00:18.918577874
75,118.6,35,118.61,10:00:18.919387816
76,118.6,35,118.61,10:00:19.332439571
76,118.6,34,118.61,10:00:19.332730572
75,118.6,34,118.61,10:00:19.332929135
74,118.6,34,118.61,10:00:19.333651253
75,118.6,34,118.61,10:00:19.333755116
76,118.6,34,118.61,10:00:19.333927723
76,118.6,24,118.61,10:00:19.337903449
76,118.6,22,118.61,10:00:19.338169381
86,118.6,22,118.61,10:00:19.338299423
86,118.6,20,118.61,10:00:19.373686872
88,118.6,20,118.61,10:00:19.373986923
88,118.6,19,118.61,10:00:19.373986923
90,118.6,19,118.61,10:00:19.374342921
90,118.6,9,118.61,10:00:19.375367850
90,118.6,8,118.61,10:00:19.375691065
90,118.6,6,118.61,10:00:19.375691065
90,118.6,5,118.61,10:00:19.375813977
90,118.6,4,118.61,10:00:19.375843631
90,118.6,2,118.61,10:00:19.375843631
90,118.6,1,118.61,10:00:19.375843631
90,118.6,146,118.62,10:00:19.375843631
1,118.61,146,118.62,10:00:19.375843631
6,118.61,146,118.62,10:00:19.375866489
6,118.61,145,118.62,10:00:19.376079486
7,118.61,145,118.62,10:00:19.376079486
7,118.61,141,118.62,10:00:19.376079486
7,118.61,130,118.62,10:00:19.376079486
7,118.61,127,118.62,10:00:19.376347743
8,118.61,127,118.62,10:00:19.376372035
9,118.61,127,118.62,10:00:19.376372035
4,118.61,127,118.62,10:00:19.376372035
6,118.61,127,118.62,10:00:19.376504697
6,118.61,117,118.62,10:00:19.376546140
6,118.61,120,118.62,10:00:19.377039339
11,118.61,120,118.62,10:00:19.377080677
11,118.61,118,118.62,10:00:19.377080677
12,118.61,118,118.62,10:00:19.377080677
13,118.61,118,118.62,10:00:19.377080677
11,118.61,118,118.62,10:00:19.377125954
11,118.61,120,118.62,10:00:19.377498116
10,118.61,120,118.62,10:00:19.377661023
11,118.61,120,118.62,10:00:19.378239675
10,118.61,120,118.62,10:00:19.378643201
10,118.61,118,118.62,10:00:19.378981812
10,118.61,115,118.62,10:00:19.379049115
13,118.61,115,118.62,10:00:19.379412724
16,118.61,115,118.62,10:00:19.379640175
17,118.61,115,118.62,10:00:19.379708141
22,118.61,115,118.62,10:00:19.379784692
19,118.61,115,118.62,10:00:19.379860960
14,118.61,115,118.62,10:00:19.381514988
13,118.61,115,118.62,10:00:19.382278651
12,118.61,115,118.62,10:00:19.382278651
17,118.61,115,118.62,10:00:19.382992872
19,118.61,115,118.62,10:00:19.383284056
20,118.61,115,118.62,10:00:19.384096553
21,118.61,115,118.62,10:00:19.387281179
20,118.61,115,118.62,10:00:19.388232164
21,118.61,115,118.62,10:00:19.389018861
28,118.61,115,118.62,10:00:19.389340951
29,118.61,115,118.62,10:00:19.389340951
41,118.61,115,118.62,10:00:19.389524109
40,118.61,115,118.62,10:00:19.389599204
41,118.61,115,118.62,10:00:19.392954979
42,118.61,115,118.62,10:00:19.393407982
43,118.61,115,118.62,10:00:19.393588234
43,118.61,112,118.62,10:00:19.393752212
42,118.61,112,118.62,10:00:19.396463935
41,118.61,112,118.62,10:00:19.396645137
40,118.61,112,118.62,10:00:19.396660405
35,118.61,112,118.62,10:00:19.396660405
32,118.61,112,118.62,10:00:19.396674632
31,118.61,112,118.62,10:00:19.396689912
26,118.61,112,118.62,10:00:19.396689912
24,118.61,112,118.62,10:00:19.396705653
23,118.61,112,118.62,10:00:19.396705653
22,118.61,112,118.62,10:00:19.396724028
15,118.61,112,118.62,10:00:19.396724028
3,118.61,112,118.62,10:00:19.396738417
2,118.61,112,118.62,10:00:19.396768849
1,118.61,112,118.62,10:00:19.396768849
109,118.6,112,118.62,10:00:19.396768849
3,118.61,112,118.62,10:00:19.396808316
109,118.6,112,118.62,10:00:19.397213054
109,118.6,122,118.62,10:00:19.397213054
109,118.6,124,118.62,10:00:19.397213054
2,118.61,124,118.62,10:00:19.397237879
109,118.6,124,118.62,10:00:19.397385120
109,118.6,125,118.62,10:00:19.397398551
109,118.6,131,118.62,10:00:19.397398551
107,118.6,131,118.62,10:00:19.397417015
106,118.6,131,118.62,10:00:19.397417015
106,118.6,141,118.62,10:00:19.397432507
1,118.61,141,118.62,10:00:19.397432507
1,118.61,131,118.62,10:00:19.397695409
1,118.61,141,118.62,10:00:19.397695409
2,118.61,141,118.62,10:00:19.397821668
1,118.61,141,118.62,10:00:19.399580365
96,118.6,141,118.62,10:00:19.401113922
97,118.6,141,118.62,10:00:19.402070260
97,118.6,9,118.61,10:00:19.416779035
97,118.6,10,118.61,10:00:19.416979825
97,118.6,15,118.61,10:00:19.423027399
98,118.6,15,118.61,10:00:19.431145379
98,118.6,10,118.61,10:00:19.447634874
98,118.6,9,118.61,10:00:19.512114533
108,118.6,9,118.61,10:00:19.512481723
108,118.6,10,118.61,10:00:19.644564199
108,118.6,12,118.61,10:00:19.644704461
108,118.6,10,118.61,10:00:19.729340004
108,118.6,11,118.61,10:00:19.831097556
108,118.6,12,118.61,10:00:20.139468438
108,118.6,17,118.61,10:00:20.755419037
108,118.6,12,118.61,10:00:20.756102966
108,118.6,11,118.61,10:00:20.776591022
108,118.6,10,118.61,10:00:20.784947895
108,118.6,4,118.61,10:00:20.785107517
108,118.6,3,118.61,10:00:20.785204640
108,118.6,2,118.61,10:00:20.785221478
108,118.6,1,118.61,10:00:20.785221478
108,118.6,131,118.62,10:00:20.785221478
3,118.61,131,118.62,10:00:20.785378329
3,118.61,130,118.62,10:00:20.785651538
4,118.61,130,118.62,10:00:20.785778880
4,118.61,120,118.62,10:00:20.785778880
5,118.61,120,118.62,10:00:20.785778880
7,118.61,120,118.62,10:00:20.786043788
10,118.61,120,118.62,10:00:20.815791941
13,118.61,120,118.62,10:00:20.815967206
10,118.61,120,118.62,10:00:20.826758472
9,118.61,120,118.62,10:00:20.826758472
8,118.61,120,118.62,10:00:20.826758472
6,118.61,120,118.62,10:00:20.826758472
3,118.61,120,118.62,10:00:20.826758472
98,118.6,120,118.62,10:00:20.826855525
98,118.6,130,118.62,10:00:20.827243310
98,118.6,137,118.62,10:00:20.827243310
98,118.6,127,118.62,10:00:20.827342369
101,118.6,127,118.62,10:00:21.123206358
101,118.6,120,118.62,10:00:21.746271249
100,118.6,120,118.62,10:00:21.756869911
100,118.6,130,118.62,10:00:22.378359053
100,118.6,134,118.62,10:00:22.378540471
100,118.6,5,118.61,10:00:22.471094288
100,118.6,8,118.61,10:00:22.471345529
100,118.6,9,118.61,10:00:22.471563126
100,118.6,10,118.61,10:00:22.471771491
100,118.6,11,118.61,10:00:22.472056825
100,118.6,21,118.61,10:00:22.472217362
100,118.6,20,118.61,10:00:22.477949637
98,118.6,20,118.61,10:00:22.507665249
98,118.6,21,118.61,10:00:22.571317885
98,118.6,22,118.61,10:00:22.775538264
98,118.6,23,118.61,10:00:22.775825156
88,118.6,23,118.61,10:00:22.840282884
88,118.6,25,118.61,10:00:22.840458493
87,118.6,25,118.61,10:00:22.840533610
86,118.6,25,118.61,10:00:23.179132107
85,118.6,25,118.61,10:00:23.179299079
84,118.6,25,118.61,10:00:23.253803016
84,118.6,26,118.61,10:00:23.384490469
84,118.6,39,118.61,10:00:23.384689371
84,118.6,42,118.61,10:00:23.384766785
84,118.6,39,118.61,10:00:23.384873716
84,118.6,40,118.61,10:00:23.778003591
84,118.6,41,118.61,10:00:23.778164804
84,118.6,40,118.61,10:00:24.076945446
84,118.6,27,118.61,10:00:24.077102385
84,118.6,26,118.61,10:00:24.077338328
84,118.6,24,118.61,10:00:24.174737613
84,118.6,26,118.61,10:00:24.216967016
84,118.6,27,118.61,10:00:24.217144500
84,118.6,28,118.61,10:00:24.228198711
84,118.6,27,118.61,10:00:24.376680535
84,118.6,25,118.61,10:00:24.465816093
84,118.6,24,118.61,10:00:24.473897429
84,118.6,19,118.61,10:00:24.477715404
85,118.6,19,118.61,10:00:24.477906803
85,118.6,18,118.61,10:00:24.477988057
85,118.6,17,118.61,10:00:24.477988057
95,118.6,17,118.61,10:00:24.488999266
95,118.6,7,118.61,10:00:24.502271625
95,118.6,4,118.61,10:00:24.502522012
95,118.6,3,118.61,10:00:24.502593794
105,118.6,3,118.61,10:00:24.502593794
105,118.6,2,118.61,10:00:24.502679585
105,118.6,1,118.61,10:00:24.587284142
105,118.6,134,118.62,10:00:24.587521399
109,118.6,134,118.62,10:00:24.587604256
109,118.6,130,118.62,10:00:24.587875035
108,118.6,130,118.62,10:00:25.060091324
108,118.6,129,118.62,10:00:25.060091324
104,118.6,129,118.62,10:00:25.060281734
110,118.6,129,118.62,10:00:25.173054771
113,118.6,129,118.62,10:00:25.173230937
114,118.6,129,118.62,10:00:25.194770648
1,118.61,129,118.62,10:00:25.504382029
1,118.61,125,118.62,10:00:25.504382029
6,118.61,125,118.62,10:00:25.504475258
10,118.61,125,118.62,10:00:25.504475258
15,118.61,125,118.62,10:00:25.504496195
15,118.61,124,118.62,10:00:25.504496195
15,118.61,122,118.62,10:00:25.504496195
15,118.61,132,118.62,10:00:25.504781030
15,118.61,122,118.62,10:00:25.504781030
18,118.61,122,118.62,10:00:25.504875222
19,118.61,122,118.62,10:00:25.505148790
19,118.61,123,118.62,10:00:25.505148790
19,118.61,125,118.62,10:00:25.505148790
20,118.61,125,118.62,10:00:25.505148790
20,118.61,132,118.62,10:00:25.505216387
15,118.61,132,118.62,10:00:25.505532684
15,118.61,126,118.62,10:00:25.505654027
14,118.61,126,118.62,10:00:25.505749506
11,118.61,126,118.62,10:00:25.505749506
11,118.61,119,118.62,10:00:25.505767977
14,118.61,119,118.62,10:00:25.506060975
11,118.61,119,118.62,10:00:25.506117702
12,118.61,119,118.62,10:00:25.506373209
11,118.61,119,118.62,10:00:25.506735587
16,118.61,119,118.62,10:00:25.507412702
11,118.61,119,118.62,10:00:25.508238192
14,118.61,119,118.62,10:00:25.508635965
9,118.61,119,118.62,10:00:25.508635965
12,118.61,119,118.62,10:00:25.509328307
9,118.61,119,118.62,10:00:25.509569735
6,118.61,119,118.62,10:00:25.509949104
2,118.61,119,118.62,10:00:25.510260339
5,118.61,119,118.62,10:00:25.510436819
6,118.61,119,118.62,10:00:25.511441749
9,118.61,119,118.62,10:00:25.511621147
19,118.61,119,118.62,10:00:25.511621147
9,118.61,119,118.62,10:00:25.514070778
6,118.61,119,118.62,10:00:25.514252663
5,118.61,119,118.62,10:00:25.514252663
2,118.61,119,118.62,10:00:25.514327795
1,118.61,119,118.62,10:00:25.514839759
2,118.61,119,118.62,10:00:25.515416227
3,118.61,119,118.62,10:00:25.515518347
4,118.61,119,118.62,10:00:25.515600642
7,118.61,119,118.62,10:00:25.515600642
10,118.61,119,118.62,10:00:25.515743033
7,118.61,119,118.62,10:00:25.515812252
8,118.61,119,118.62,10:00:25.515963618
5,118.61,119,118.62,10:00:25.516121042
6,118.61,119,118.62,10:00:25.516202645
5,118.61,119,118.62,10:00:25.519214253
4,118.61,119,118.62,10:00:25.519714032
3,118.61,119,118.62,10:00:25.519769005
2,118.61,119,118.62,10:00:25.519929376
3,118.61,119,118.62,10:00:25.520145472
4,118.61,119,118.62,10:00:25.520515577
5,118.61,119,118.62,10:00:25.524944083
6,118.61,119,118.62,10:00:25.525625433
5,118.61,119,118.62,10:00:25.530444876
4,118.61,119,118.62,10:00:25.530444876
3,118.61,119,118.62,10:00:25.530444876
2,118.61,119,118.62,10:00:25.530444876
1,118.61,119,118.62,10:00:25.530461545
101,118.6,119,118.62,10:00:25.530461545
101,118.6,126,118.62,10:00:25.530966300
101,118.6,116,118.62,10:00:25.564369350
2,118.61,116,118.62,10:00:25.564565126
4,118.61,116,118.62,10:00:25.564815048
9,118.61,116,118.62,10:00:25.565006027
10,118.61,116,118.62,10:00:25.565023122
11,118.61,116,118.62,10:00:25.567049901
13,118.61,116,118.62,10:00:25.567119565
11,118.61,116,118.62,10:00:25.567360170
10,118.61,116,118.62,10:00:25.567797107
11,118.61,116,118.62,10:00:25.568131817
12,118.61,116,118.62,10:00:25.568754316
13,118.61,116,118.62,10:00:25.569094214
12,118.61,116,118.62,10:00:25.569374098
11,118.61,116,118.62,10:00:25.570174111
12,118.61,116,118.62,10:00:25.571278820
13,118.61,116,118.62,10:00:25.571484433
23,118.61,116,118.62,10:00:25.571757975
21,118.61,116,118.62,10:00:25.600732758
19,118.61,116,118.62,10:00:25.600732758
14,118.61,116,118.62,10:00:25.600828509
13,118.61,116,118.62,10:00:25.600849575
12,118.61,116,118.62,10:00:25.600849575
11,118.61,116,118.62,10:00:25.600849575
10,118.61,116,118.62,10:00:25.600849575
111,118.6,116,118.62,10:00:25.600849575
97,118.6,116,118.62,10:00:25.601199661
97,118.6,120,118.62,10:00:25.601337801
107,118.6,120,118.62,10:00:25.701499259
112,118.6,120,118.62,10:00:25.701804574
1,118.61,120,118.62,10:00:25.773081276
6,118.61,120,118.62,10:00:25.773420344
6,118.61,130,118.62,10:00:25.773420344
7,118.61,130,118.62,10:00:25.773501892
12,118.61,130,118.62,10:00:25.791516710
11,118.61,130,118.62,10:00:25.795110601
6,118.61,130,118.62,10:00:25.795110601
5,118.61,130,118.62,10:00:25.795203849
102,118.6,130,118.62,10:00:25.795219328
98,118.6,130,118.62,10:00:25.796895238
102,118.6,130,118.62,10:00:25.865951272
102,118.6,5,118.61,10:00:26.090595952
102,118.6,6,118.61,10:00:26.090949607
102,118.6,9,118.61,10:00:26.091055177
102,118.6,12,118.61,10:00:26.091055177
112,118.6,12,118.61,10:00:26.091055177
112,118.6,13,118.61,10:00:26.091055177
107,118.6,13,118.61,10:00:26.091281200
107,118.6,14,118.61,10:00:26.094912326
107,118.6,15,118.61,10:00:26.095126285
107,118.6,16,118.61,10:00:26.095294055
107,118.6,17,118.61,10:00:26.114770919
107,118.6,22,118.61,10:00:26.114959821
107,118.6,23,118.61,10:00:26.117821498
104,118.6,23,118.61,10:00:26.117893527
104,118.6,30,118.61,10:00:26.119189486
104,118.6,27,118.61,10:00:26.119348394
104,118.6,33,118.61,10:00:26.119348394
103,118.6,33,118.61,10:00:26.119927607
103,118.6,26,118.61,10:00:26.123192404
103,118.6,20,118.61,10:00:26.123260792
103,118.6,21,118.61,10:00:26.125879286
103,118.6,23,118.61,10:00:26.126339238
103,118.6,22,118.61,10:00:26.131548069
103,118.6,23,118.61,10:00:26.134506253
103,118.6,24,118.61,10:00:26.134965699
103,118.6,23,118.61,10:00:26.136170972
103,118.6,22,118.61,10:00:26.136585445
111,118.6,22,118.61,10:00:26.144861648
111,118.6,21,118.61,10:00:26.146326722
111,118.6,22,118.61,10:00:26.194320409
111,118.6,23,118.61,10:00:26.194546469
111,118.6,24,118.61,10:00:26.194677432
111,118.6,23,118.61,10:00:26.199836725
111,118.6,22,118.61,10:00:26.200161982
111,118.6,21,118.61,10:00:26.200307624
111,118.6,23,118.61,10:00:26.230399975
111,118.6,24,118.61,10:00:26.275829145
111,118.6,25,118.61,10:00:26.276050342
111,118.6,24,118.61,10:00:26.719168644
111,118.6,22,118.61,10:00:26.719168644
111,118.6,23,118.61,10:00:26.719387495
111,118.6,25,118.61,10:00:26.719556951
111,118.6,26,118.61,10:00:26.719627148
111,118.6,34,118.61,10:00:26.719768362
111,118.6,39,118.61,10:00:26.719916842
111,118.6,38,118.61,10:00:26.720047437
111,118.6,36,118.61,10:00:26.733783613
111,118.6,31,118.61,10:00:26.733965912
111,118.6,23,118.61,10:00:26.734028910
111,118.6,22,118.61,10:00:26.734177675
111,118.6,21,118.61,10:00:26.734243751
111,118.6,19,118.61,10:00:26.845154778
111,118.6,20,118.61,10:00:26.907084997
111,118.6,22,118.61,10:00:26.907252873
111,118.6,24,118.61,10:00:26.907410738
111,118.6,22,118.61,10:00:26.932613415
111,118.6,21,118.61,10:00:26.947117957
111,118.6,22,118.61,10:00:26.992005675
111,118.6,23,118.61,10:00:27.004992643
111,118.6,22,118.61,10:00:27.037432161
111,118.6,21,118.61,10:00:27.037614990
111,118.6,22,118.61,10:00:27.163422388
111,118.6,21,118.61,10:00:27.305996815
111,118.6,19,118.61,10:00:27.734321090
111,118.6,14,118.61,10:00:27.734668137
112,118.6,14,118.61,10:00:28.057412964
112,118.6,13,118.61,10:00:28.080369749
112,118.6,12,118.61,10:00:28.080439541
112,118.6,11,118.61,10:00:28.080606965
112,118.6,19,118.61,10:00:28.080606965
112,118.6,20,118.61,10:00:28.080786781
112,118.6,23,118.61,10:00:28.080856472
112,118.6,22,118.61,10:00:28.080997726
112,118.6,23,118.61,10:00:29.111581419
112,118.6,24,118.61,10:00:29.165981774
112,118.6,25,118.61,10:00:29.271409243
102,118.6,25,118.61,10:00:29.271580741
102,118.6,26,118.61,10:00:29.271778689
102,118.6,36,118.61,10:00:29.271846232
101,118.6,36,118.61,10:00:29.271846232
101,118.6,35,118.61,10:00:29.964720903
101,118.6,34,118.61,10:00:29.964847118
101,118.6,33,118.61,10:00:29.965017767
101,118.6,23,118.61,10:00:29.974902780
101,118.6,20,118.61,10:00:29.975113824
101,118.6,21,118.61,10:00:30.005309240
101,118.6,23,118.61,10:00:30.005642995
101,118.6,24,118.61,10:00:30.005790665
101,118.6,23,118.61,10:00:30.017073729
101,118.6,28,118.61,10:00:30.085797024
101,118.6,32,118.61,10:00:30.086040851
101,118.6,33,118.61,10:00:30.086210914
101,118.6,32,118.61,10:00:30.408335489
101,118.6,28,118.61,10:00:30.441289315
101,118.6,29,118.61,10:00:30.848123818
101,118.6,30,118.61,10:00:30.848302292
101,118.6,34,118.61,10:00:30.848372157
101,118.6,35,118.61,10:00:30.848496838
94,118.6,35,118.61,10:00:30.868371235
94,118.6,44,118.61,10:00:30.868608499
94,118.6,54,118.61,10:00:30.868686189
94,118.6,58,118.61,10:00:30.868686189
94,118.6,60,118.61,10:00:30.868922665
84,118.6,60,118.61,10:00:30.869219584
86,118.6,60,118.61,10:00:30.893883273
86,118.6,58,118.61,10:00:30.985436292
86,118.6,48,118.61,10:00:30.985607713
86,118.6,49,118.61,10:00:31.538277813
86,118.6,51,118.61,10:00:31.538471040
86,118.6,56,118.61,10:00:31.538578060
85,118.6,56,118.61,10:00:31.539596808
85,118.6,57,118.61,10:00:31.540452549
84,118.6,57,118.61,10:00:31.541845629
79,118.6,57,118.61,10:00:31.541845629
76,118.6,57,118.61,10:00:31.541845629
75,118.6,57,118.61,10:00:31.541933613
75,118.6,68,118.61,10:00:31.541949504
74,118.6,68,118.61,10:00:31.541949504
74,118.6,73,118.61,10:00:31.542205975
62,118.6,73,118.61,10:00:31.542225011
62,118.6,74,118.61,10:00:31.542225011
61,118.6,74,118.61,10:00:31.542454886
56,118.6,74,118.61,10:00:31.542454886
46,118.6,74,118.61,10:00:31.542469452
42,118.6,74,118.61,10:00:31.542469452
39,118.6,74,118.61,10:00:31.542469452
37,118.6,74,118.61,10:00:31.542490121
35,118.6,74,118.61,10:00:31.542502553
34,118.6,74,118.61,10:00:31.542517357
33,118.6,74,118.61,10:00:31.542517357
32,118.6,74,118.61,10:00:31.542531859
31,118.6,74,118.61,10:00:31.542531859
29,118.6,74,118.61,10:00:31.542545801
27,118.6,74,118.61,10:00:31.542559401
25,118.6,74,118.61,10:00:31.542573702
24,118.6,74,118.61,10:00:31.542588546
23,118.6,74,118.61,10:00:31.542603390
20,118.6,74,118.61,10:00:31.542618930
18,118.6,74,118.61,10:00:31.542637883
15,118.6,74,118.61,10:00:31.542637883
12,118.6,74,118.61,10:00:31.542653272
12,118.6,77,118.61,10:00:31.542726483
12,118.6,84,118.61,10:00:31.542741625
12,118.6,94,118.61,10:00:31.542741625
11,118.6,94,118.61,10:00:31.542788998
3,118.6,94,118.61,10:00:31.542803321
2,118.6,94,118.61,10:00:31.542820239
124,118.59,94,118.61,10:00:31.542841942
124,118.59,96,118.61,10:00:31.543083113
124,118.59,98,118.61,10:00:31.543083113
124,118.59,100,118.61,10:00:31.543219699
124,118.59,5,118.6,10:00:31.543219699
126,118.59,5,118.6,10:00:31.543240783
119,118.59,5,118.6,10:00:31.543240783
118,118.59,5,118.6,10:00:31.543456936
118,118.59,2,118.6,10:00:31.543591141
108,118.59,2,118.6,10:00:31.543607465
115,118.59,2,118.6,10:00:31.543607465
115,118.59,5,118.6,10:00:31.543674588
115,118.59,3,118.6,10:00:31.543909378
115,118.59,100,118.61,10:00:31.543925781
1,118.6,100,118.61,10:00:31.544011912
115,118.59,100,118.61,10:00:31.544131464
115,118.59,90,118.61,10:00:31.544447122
5,118.6,90,118.61,10:00:31.544465832
5,118.6,97,118.61,10:00:31.544465832
5,118.6,104,118.61,10:00:31.544748942
7,118.6,104,118.61,10:00:31.544748942
4,118.6,104,118.61,10:00:31.544851720
4,118.6,107,118.61,10:00:31.544851720
7,118.6,107,118.61,10:00:31.544964276
4,118.6,107,118.61,10:00:31.545958270
4,118.6,106,118.61,10:00:31.546959852
5,118.6,106,118.61,10:00:31.547522458
8,118.6,106,118.61,10:00:31.552996421
11,118.6,106,118.61,10:00:31.559562321
16,118.6,106,118.61,10:00:31.560034445
17,118.6,106,118.61,10:00:31.560327585
18,118.6,106,118.61,10:00:31.560508666
19,118.6,106,118.61,10:00:31.561111972
27,118.6,106,118.61,10:00:31.561308864
32,118.6,106,118.61,10:00:31.561308864
27,118.6,106,118.61,10:00:31.567376259
19,118.6,106,118.61,10:00:31.567453353
18,118.6,106,118.61,10:00:31.567522716
23,118.6,106,118.61,10:00:31.571087002
29,118.6,106,118.61,10:00:31.571258495
24,118.6,106,118.61,10:00:31.586242736
18,118.6,106,118.61,10:00:31.587122965
13,118.6,106,118.61,10:00:31.587513106
10,118.6,106,118.61,10:00:31.594350487
8,118.6,106,118.61,10:00:31.598754183
6,118.6,106,118.61,10:00:31.599237050
5,118.6,106,118.61,10:00:31.786483818
8,118.6,106,118.61,10:00:31.979458562
8,118.6,108,118.61,10:00:32.100984427
7,118.6,108,118.61,10:00:32.308409969
6,118.6,108,118.61,10:00:32.387651676
5,118.6,108,118.61,10:00:32.387730444
4,118.6,108,118.61,10:00:32.387869753
3,118.6,108,118.61,10:00:32.387949401
3,118.6,118,118.61,10:00:32.493279892
6,118.6,118,118.61,10:00:32.731220578
6,118.6,108,118.61,10:00:32.839416889
6,118.6,110,118.61,10:00:34.083672676
7,118.6,110,118.61,10:00:34.861674473
9,118.6,110,118.61,10:00:34.861674473
12,118.6,110,118.61,10:00:34.861756608
17,118.6,110,118.61,10:00:34.861756608
22,118.6,110,118.61,10:00:34.861829331
31,118.6,110,118.61,10:00:34.861845785
34,118.6,110,118.61,10:00:34.861845785
33,118.6,110,118.61,10:00:34.861981488
34,118.6,110,118.61,10:00:34.862063293
38,118.6,110,118.61,10:00:34.862166470
38,118.6,105,118.61,10:00:34.862166470
38,118.6,94,118.61,10:00:34.862182470
39,118.6,94,118.61,10:00:34.862261632
39,118.6,87,118.61,10:00:34.862736898
40,118.6,87,118.61,10:00:34.866326599
39,118.6,87,118.61,10:00:34.866518467
40,118.6,87,118.61,10:00:34.866518467
39,118.6,87,118.61,10:00:34.866803075
40,118.6,87,118.61,10:00:34.907865151
40,118.6,88,118.61,10:00:35.111904705
40,118.6,93,118.61,10:00:35.112115137
41,118.6,93,118.61,10:00:35.139214600
41,118.6,88,118.61,10:00:35.241871070
42,118.6,88,118.61,10:00:35.266098061
42,118.6,78,118.61,10:00:35.330986025
52,118.6,78,118.61,10:00:35.331162288
52,118.6,79,118.61,10:00:35.366399880
52,118.6,83,118.61,10:00:35.366602040
42,118.6,83,118.61,10:00:35.366766024
43,118.6,83,118.61,10:00:35.374951337
41,118.6,83,118.61,10:00:35.707034294
41,118.6,79,118.61,10:00:35.806486193
41,118.6,80,118.61,10:00:36.004990177
41,118.6,84,118.61,10:00:36.005228091
41,118.6,86,118.61,10:00:36.096208740
37,118.6,86,118.61,10:00:36.135738387
28,118.6,86,118.61,10:00:36.135808582
28,118.6,91,118.61,10:00:36.178813190
37,118.6,91,118.61,10:00:36.331723583
41,118.6,91,118.61,10:00:36.331910187
32,118.6,91,118.61,10:00:36.365805300
28,118.6,91,118.61,10:00:36.365875138
28,118.6,92,118.61,10:00:38.086957110
28,118.6,91,118.61,10:00:39.031101062
28,118.6,88,118.61,10:00:39.031371612
23,118.6,88,118.61,10:00:39.031371612
23,118.6,81,118.61,10:00:39.031460847
23,118.6,82,118.61,10:00:39.031460847
20,118.6,82,118.61,10:00:39.031798197
21,118.6,82,118.61,10:00:39.031798197
21,118.6,92,118.61,10:00:39.031812984
20,118.6,92,118.61,10:00:39.031980060
17,118.6,92,118.61,10:00:39.123620334
12,118.6,92,118.61,10:00:39.123764366
12,118.6,100,118.61,10:00:39.136823564
12,118.6,102,118.61,10:00:39.136891257
11,118.6,102,118.61,10:00:39.176058744
9,118.6,102,118.61,10:00:39.184503404
8,118.6,102,118.61,10:00:39.184517999
12,118.6,102,118.61,10:00:40.706369226
17,118.6,102,118.61,10:00:40.798080114
20,118.6,102,118.61,10:00:40.985353121
20,118.6,92,118.61,10:00:40.985587630
30,118.6,92,118.61,10:00:40.985823297
31,118.6,92,118.61,10:00:40.985912676
34,118.6,92,118.61,10:00:40.985912676
35,118.6,92,118.61,10:00:40.986033158
37,118.6,92,118.61,10:00:40.986285760
38,118.6,92,118.61,10:00:40.986377424
38,118.6,84,118.61,10:00:40.986377424
38,118.6,82,118.61,10:00:40.986439562
39,118.6,82,118.61,10:00:40.987337996
39,118.6,78,118.61,10:00:40.987337996
40,118.6,78,118.61,10:00:40.987627036
42,118.6,78,118.61,10:00:40.987871989
40,118.6,78,118.61,10:00:40.988214303
39,118.6,78,118.61,10:00:40.988359036
37,118.6,78,118.61,10:00:40.989840376
38,118.6,78,118.61,10:00:40.990472086
39,118.6,78,118.61,10:00:40.990867287
38,118.6,78,118.61,10:00:40.990867287
37,118.6,78,118.61,10:00:40.991086458
36,118.6,78,118.61,10:00:40.991160724
35,118.6,78,118.61,10:00:40.991242666
36,118.6,78,118.61,10:00:40.995032992
37,118.6,78,118.61,10:00:40.995061943
38,118.6,78,118.61,10:00:40.995300942
39,118.6,78,118.61,10:00:40.995378423
38,118.6,78,118.61,10:00:41.119657751
39,118.6,78,118.61,10:00:41.145142911
44,118.6,78,118.61,10:00:41.145237327
46,118.6,78,118.61,10:00:41.145340559
45,118.6,78,118.61,10:00:41.388271863
43,118.6,78,118.61,10:00:41.389682622
48,118.6,78,118.61,10:00:41.413955421
49,118.6,78,118.61,10:00:41.414195085
48,118.6,78,118.61,10:00:41.456915738
49,118.6,78,118.61,10:00:42.084780322
48,118.6,78,118.61,10:00:42.725135638
47,118.6,78,118.61,10:00:42.725202268
46,118.6,78,118.61,10:00:42.726737832
46,118.6,88,118.61,10:00:42.726909160
45,118.6,88,118.61,10:00:42.727106901
45,118.6,91,118.61,10:00:42.727184885
44,118.6,91,118.61,10:00:42.730089765
41,118.6,91,118.61,10:00:42.734062947
31,118.6,91,118.61,10:00:42.734129280
32,118.6,91,118.61,10:00:43.057487385
32,118.6,88,118.61,10:00:43.072717490
32,118.6,78,118.61,10:00:43.334496994
33,118.6,78,118.61,10:00:43.334720405
34,118.6,78,118.61,10:00:43.458972439
43,118.6,78,118.61,10:00:43.459142413
47,118.6,78,118.61,10:00:43.459239674
48,118.6,78,118.61,10:00:43.459310307
49,118.6,78,118.61,10:00:43.505819784
49,118.6,74,118.61,10:00:43.988285552
64,118.6,74,118.61,10:00:43.988382080
64,118.6,65,118.61,10:00:43.988382080
74,118.6,65,118.61,10:00:43.988671750
74,118.6,62,118.61,10:00:43.988781199
84,118.6,62,118.61,10:00:43.988781199
85,118.6,62,118.61,10:00:43.988781199
95,118.6,62,118.61,10:00:43.988781199
95,118.6,61,118.61,10:00:43.988945461
95,118.6,60,118.61,10:00:43.989210127
95,118.6,55,118.61,10:00:43.989312870
95,118.6,54,118.61,10:00:43.989505423
95,118.6,53,118.61,10:00:43.989505423
85,118.6,53,118.61,10:00:44.476344466
85,118.6,54,118.61,10:00:44.476555648
84,118.6,54,118.61,10:00:44.476633443
84,118.6,57,118.61,10:00:44.476777433
84,118.6,59,118.61,10:00:44.476848166
84,118.6,57,118.61,10:00:44.873785369
84,118.6,56,118.61,10:00:44.873853677
84,118.6,53,118.61,10:00:44.874769369
84,118.6,55,118.61,10:00:44.882244513
84,118.6,53,118.61,10:00:44.882385469
84,118.6,55,118.61,10:00:44.882385469
84,118.6,53,118.61,10:00:45.058360020
94,118.6,53,118.61,10:00:45.081767473
94,118.6,52,118.61,10:00:45.081811662
94,118.6,49,118.61,10:00:45.081969543
94,118.6,48,118.61,10:00:45.081984208
94,118.6,47,118.61,10:00:45.081998055
94,118.6,39,118.61,10:00:45.082012295
94,118.6,38,118.61,10:00:45.082039137
94,118.6,37,118.61,10:00:45.082051732
94,118.6,36,118.61,10:00:45.082066974
94,118.6,34,118.61,10:00:45.082086576
94,118.6,31,118.61,10:00:45.082104060
94,118.6,29,118.61,10:00:45.082124509
94,118.6,27,118.61,10:00:45.082144774
94,118.6,25,118.61,10:00:45.082468717
94,118.6,23,118.61,10:00:45.082487376
94,118.6,22,118.61,10:00:45.082500362
94,118.6,20,118.61,10:00:45.082514931
94,118.6,18,118.61,10:00:45.082528400
94,118.6,16,118.61,10:00:45.082546257
94,118.6,14,118.61,10:00:45.082546257
94,118.6,13,118.61,10:00:45.082560135
94,118.6,12,118.61,10:00:45.082606560
94,118.6,11,118.61,10:00:45.082654321
94,118.6,9,118.61,10:00:45.082678323
94,118.6,6,118.61,10:00:45.082697101
94,118.6,4,118.61,10:00:45.082717757
94,118.6,3,118.61,10:00:45.082735053
94,118.6,2,118.61,10:00:45.082760429
94,118.6,135,118.62,10:00:45.082781456
96,118.6,135,118.62,10:00:45.083009897
97,118.6,135,118.62,10:00:45.083070230
7,118.61,135,118.62,10:00:45.083096184
17,118.61,135,118.62,10:00:45.083594601
19,118.61,135,118.62,10:00:45.083615337
27,118.61,135,118.62,10:00:45.084012691
27,118.61,120,118.62,10:00:45.084012691
28,118.61,120,118.62,10:00:45.084028885
38,118.61,120,118.62,10:00:45.084083158
38,118.61,119,118.62,10:00:45.084083158
38,118.61,109,118.62,10:00:45.084098271
39,118.61,109,118.62,10:00:45.084115215
29,118.61,109,118.62,10:00:45.084484428
21,118.61,109,118.62,10:00:45.084484428
26,118.61,109,118.62,10:00:45.084537576
19,118.61,109,118.62,10:00:45.084838894
17,118.61,109,118.62,10:00:45.092739981
25,118.61,109,118.62,10:00:45.104669418
24,118.61,109,118.62,10:00:45.115495649
22,118.61,109,118.62,10:00:45.115580378
23,118.61,109,118.62,10:00:45.133526283
25,118.61,109,118.62,10:00:45.133713199
29,118.61,109,118.62,10:00:45.706538340
33,118.61,109,118.62,10:00:45.706759878
33,118.61,105,118.62,10:00:45.706933412
36,118.61,105,118.62,10:00:45.978401821
46,118.61,105,118.62,10:00:45.978846601
49,118.61,105,118.62,10:00:45.978998172
50,118.61,105,118.62,10:00:46.058329092
50,118.61,111,118.62,10:00:46.093055268
47,118.61,111,118.62,10:00:46.093280070
37,118.61,111,118.62,10:00:46.093280070
37,118.61,114,118.62,10:00:46.093344745
33,118.61,114,118.62,10:00:46.252574603
33,118.61,111,118.62,10:00:46.252775687
30,118.61,111,118.62,10:00:46.261766276
25,118.61,111,118.62,10:00:46.262624100
23,118.61,111,118.62,10:00:46.328585832
24,118.61,111,118.62,10:00:47.254541207
29,118.61,111,118.62,10:00:47.256636080
32,118.61,111,118.62,10:00:47.318847450
33,118.61,111,118.62,10:00:47.351943030
33,118.61,104,118.62,10:00:47.403698975
42,118.61,104,118.62,10:00:47.403948395
46,118.61,104,118.62,10:00:47.404019726
46,118.61,114,118.62,10:00:47.404607672
46,118.61,121,118.62,10:00:47.404756779
37,118.61,121,118.62,10:00:47.404981879
33,118.61,121,118.62,10:00:47.404981879
30,118.61,121,118.62,10:00:47.405538961
30,118.61,114,118.62,10:00:47.677429400
32,118.61,114,118.62,10:00:47.905282785
41,118.61,114,118.62,10:00:47.905554352
42,118.61,114,118.62,10:00:47.905623472
46,118.61,114,118.62,10:00:47.905681668
46,118.61,108,118.62,10:00:48.092819076
45,118.61,108,118.62,10:00:48.115939150
45,118.61,98,118.62,10:00:48.600066034
46,118.61,98,118.62,10:00:48.659143093
49,118.61,98,118.62,10:00:48.659327035
50,118.61,98,118.62,10:00:49.145466027
47,118.61,98,118.62,10:00:49.145738369
48,118.61,98,118.62,10:00:49.145911403
59,118.61,98,118.62,10:00:49.145992360
59,118.61,96,118.62,10:00:49.145992360
64,118.61,96,118.62,10:00:49.146080302
64,118.61,95,118.62,10:00:49.146080302
64,118.61,94,118.62,10:00:49.146080302
63,118.61,94,118.62,10:00:49.146200468
67,118.61,94,118.62,10:00:49.146200468
67,118.61,93,118.62,10:00:49.146244449
68,118.61,93,118.62,10:00:49.146318609
68,118.61,88,118.62,10:00:49.155723358
68,118.61,89,118.62,10:00:49.173732028
68,118.61,93,118.62,10:00:49.173896223
68,118.61,94,118.62,10:00:49.174137791
67,118.61,94,118.62,10:00:49.174137791
66,118.61,94,118.62,10:00:49.341268218
62,118.61,94,118.62,10:00:49.342288560
62,118.61,90,118.62,10:00:49.342288560
51,118.61,90,118.62,10:00:49.903367536
46,118.61,90,118.62,10:00:49.903439021
46,118.61,91,118.62,10:00:50.107129205
46,118.61,95,118.62,10:00:50.107346787
46,118.61,96,118.62,10:00:50.913845761
46,118.61,92,118.62,10:00:51.520802639
47,118.61,92,118.62,10:00:51.524384084
49,118.61,92,118.62,10:00:51.524589661
48,118.61,92,118.62,10:00:52.343855232
47,118.61,92,118.62,10:00:52.466240795
45,118.61,92,118.62,10:00:52.533490499
44,118.61,92,118.62,10:00:56.299232117
44,118.61,91,118.62,10:00:56.316132403
45,118.61,91,118.62,10:00:56.316527351
48,118.61,91,118.62,10:00:57.701529622
48,118.61,92,118.62,10:00:57.771987548
48,118.61,97,118.62,10:00:57.772168326
47,118.61,97,118.62,10:00:58.146675098
47,118.61,92,118.62,10:00:58.382627698
47,118.61,93,118.62,10:01:01.347447771
47,118.61,98,118.62,10:01:01.347678491
48,118.61,98,118.62,10:01:01.593115585
48,118.61,93,118.62,10:01:01.692569976
48,118.61,94,118.62,10:01:01.718502928
48,118.61,99,118.62,10:01:01.718709882
48,118.61,107,118.62,10:01:01.852276020
53,118.61,107,118.62,10:01:02.335147000
54,118.61,107,118.62,10:01:03.507856753
54,118.61,102,118.62,10:01:03.558263978
55,118.61,102,118.62,10:01:03.777657076
55,118.61,98,118.62,10:01:03.777831880
55,118.61,85,118.62,10:01:03.777831880
56,118.61,85,118.62,10:01:03.777910485
61,118.61,85,118.62,10:01:03.777978415
71,118.61,85,118.62,10:01:03.778051432
71,118.61,84,118.62,10:01:03.778135041
72,118.61,84,118.62,10:01:03.778135041
73,118.61,84,118.62,10:01:03.778135041
73,118.61,82,118.62,10:01:03.778205307
68,118.61,82,118.62,10:01:03.778276795
68,118.61,80,118.62,10:01:03.778348373
68,118.61,77,118.62,10:01:03.778428498
68,118.61,78,118.62,10:01:03.778508117
68,118.61,74,118.62,10:01:03.778600451
68,118.61,76,118.62,10:01:03.778749857
68,118.61,75,118.62,10:01:03.778749857
69,118.61,75,118.62,10:01:03.780000554
69,118.61,77,118.62,10:01:03.782217974
68,118.61,77,118.62,10:01:03.782590281
68,118.61,78,118.62,10:01:03.782681442
69,118.61,78,118.62,10:01:03.789421665
70,118.61,78,118.62,10:01:03.789491738
76,118.61,78,118.62,10:01:03.789633799
76,118.61,77,118.62,10:01:03.789713662
76,118.61,75,118.62,10:01:03.789907840
77,118.61,75,118.62,10:01:03.789907840
71,118.61,75,118.62,10:01:04.097026205
71,118.61,73,118.62,10:01:04.097026205
72,118.61,73,118.62,10:01:04.365675410
79,118.61,73,118.62,10:01:04.365856239
72,118.61,73,118.62,10:01:04.983637477
62,118.61,73,118.62,10:01:04.983801708
62,118.61,76,118.62,10:01:04.983966719
61,118.61,76,118.62,10:01:04.984119699
62,118.61,76,118.62,10:01:05.014990085
69,118.61,76,118.62,10:01:05.015275502
69,118.61,73,118.62,10:01:05.015369335
69,118.61,74,118.62,10:01:05.036779782
69,118.61,75,118.62,10:01:05.036934012
69,118.61,78,118.62,10:01:05.037000003
69,118.61,79,118.62,10:01:05.037102403
68,118.61,79,118.62,10:01:05.037264405
68,118.61,78,118.62,10:01:05.087516585
69,118.61,78,118.62,10:01:05.087516585
69,118.61,77,118.62,10:01:05.087591281
69,118.61,78,118.62,10:01:05.106993812
69,118.61,79,118.62,10:01:05.123031772
69,118.61,80,118.62,10:01:05.123184480
68,118.61,80,118.62,10:01:05.123333443
69,118.61,80,118.62,10:01:05.448757975
69,118.61,79,118.62,10:01:05.448901908
69,118.61,78,118.62,10:01:05.449049159
69,118.61,77,118.62,10:01:05.449184583
62,118.61,77,118.62,10:01:05.575933407
62,118.61,80,118.62,10:01:05.576152590
61,118.61,80,118.62,10:01:05.576354597
60,118.61,80,118.62,10:01:05.576595669
61,118.61,80,118.62,10:01:05.675081417
67,118.61,80,118.62,10:01:05.675254915
68,118.61,80,118.62,10:01:05.675411535
68,118.61,77,118.62,10:01:05.675554700
62,118.61,77,118.62,10:01:06.030829061
62,118.61,74,118.62,10:01:06.030888703
62,118.61,75,118.62,10:01:06.030989492
62,118.61,76,118.62,10:01:06.031159399
62,118.61,77,118.62,10:01:06.039118060
62,118.61,78,118.62,10:01:06.679786144
61,118.61,78,118.62,10:01:06.884436470
62,118.61,78,118.62,10:01:07.075579315
62,118.61,77,118.62,10:01:07.075735318
68,118.61,77,118.62,10:01:07.075807468
68,118.61,76,118.62,10:01:07.075883266
68,118.61,75,118.62,10:01:07.075947590
68,118.61,74,118.62,10:01:07.076628479
62,118.61,74,118.62,10:01:07.239699892
62,118.61,75,118.62,10:01:07.292690743
62,118.61,76,118.62,10:01:07.671458710
62,118.61,78,118.62,10:01:07.671608193
63,118.61,78,118.62,10:01:08.289896242
69,118.61,78,118.62,10:01:08.290165538
69,118.61,76,118.62,10:01:08.290321820
69,118.61,75,118.62,10:01:08.290387212
65,118.61,75,118.62,10:01:09.494352469
57,118.61,75,118.62,10:01:09.494417371
57,118.61,78,118.62,10:01:09.494553041
51,118.61,78,118.62,10:01:09.525520512
50,118.61,78,118.62,10:01:09.632323481
49,118.61,78,118.62,10:01:10.211305540
50,118.61,78,118.62,10:01:11.113418045
56,118.61,78,118.62,10:01:11.113658086
57,118.61,78,118.62,10:01:11.113720080
56,118.61,78,118.62,10:01:11.509782554
56,118.61,77,118.62,10:01:11.509782554
56,118.61,74,118.62,10:01:11.510189204
66,118.61,74,118.62,10:01:11.510189204
67,118.61,74,118.62,10:01:11.510834215
61,118.61,74,118.62,10:01:11.510834215
61,118.61,75,118.62,10:01:11.511059178
61,118.61,76,118.62,10:01:11.511363798
61,118.61,77,118.62,10:01:11.511563005
61,118.61,78,118.62,10:01:11.622898749
72,118.61,78,118.62,10:01:11.762216734
77,118.61,78,118.62,10:01:11.762404847
77,118.61,77,118.62,10:01:11.762596968
77,118.61,76,118.62,10:01:11.762666893
77,118.61,75,118.62,10:01:11.762666893
77,118.61,76,118.62,10:01:12.017592737
77,118.61,77,118.62,10:01:12.017783399
77,118.61,78,118.62,10:01:12.017845921
77,118.61,79,118.62,10:01:12.018082236
72,118.61,79,118.62,10:01:12.018538090
72,118.61,78,118.62,10:01:12.095967949
72,118.61,79,118.62,10:01:12.268132890
72,118.61,80,118.62,10:01:12.268314883
72,118.61,79,118.62,10:01:12.423439691
72,118.61,78,118.62,10:01:12.449351248
72,118.61,77,118.62,10:01:12.449496217
72,118.61,76,118.62,10:01:12.493379587
72,118.61,75,118.62,10:01:12.563622371
72,118.61,74,118.62,10:01:12.614219764
72,118.61,75,118.62,10:01:12.624313387
72,118.61,74,118.62,10:01:12.671364774
78,118.61,74,118.62,10:01:13.122210123
83,118.61,74,118.62,10:01:13.122414728
83,118.61,73,118.62,10:01:13.122616587
83,118.61,72,118.62,10:01:13.497626716
78,118.61,72,118.62,10:01:13.497987836
78,118.61,73,118.62,10:01:15.107361443
78,118.61,75,118.62,10:01:15.107593894
78,118.61,76,118.62,10:01:15.375342389
78,118.61,77,118.62,10:01:15.375534997
79,118.61,77,118.62,10:01:16.889131194
79,118.61,76,118.62,10:01:16.889351830
84,118.61,76,118.62,10:01:16.889430554
94,118.61,76,118.62,10:01:16.889535830
94,118.61,75,118.62,10:01:16.961991736
89,118.61,75,118.62,10:01:16.979624659
89,118.61,73,118.62,10:01:17.084578684
79,118.61,73,118.62,10:01:17.173908886
79,118.61,74,118.62,10:01:17.174172448
79,118.61,75,118.62,10:01:17.174364035
79,118.61,76,118.62,10:01:17.174426249
79,118.61,75,118.62,10:01:17.174501891
79,118.61,74,118.62,10:01:17.174674079
79,118.61,75,118.62,10:01:17.176640673
79,118.61,76,118.62,10:01:17.176768990
79,118.61,77,118.62,10:01:17.176918308
79,118.61,78,118.62,10:01:17.177410122
79,118.61,77,118.62,10:01:17.185958305
79,118.61,76,118.62,10:01:17.188533212
79,118.61,75,118.62,10:01:17.188633903
79,118.61,76,118.62,10:01:17.188812690
79,118.61,77,118.62,10:01:17.192812368
79,118.61,78,118.62,10:01:17.192881241
79,118.61,82,118.62,10:01:17.194334303
68,118.61,82,118.62,10:01:17.263321052
68,118.61,81,118.62,10:01:18.064827030
68,118.61,80,118.62,10:01:18.064892582
68,118.61,79,118.62,10:01:18.064962006
68,118.61,78,118.62,10:01:18.065028979
68,118.61,74,118.62,10:01:18.065107801
78,118.61,74,118.62,10:01:18.065389470
80,118.61,74,118.62,10:01:18.065570294
80,118.61,73,118.62,10:01:18.066478600
80,118.61,74,118.62,10:01:18.108602198
80,118.61,75,118.62,10:01:18.108784208
80,118.61,76,118.62,10:01:18.108855312
70,118.61,76,118.62,10:01:18.108994186
70,118.61,77,118.62,10:01:18.109209488
79,118.61,77,118.62,10:01:18.122386724
79,118.61,76,118.62,10:01:18.122603780
79,118.61,75,118.62,10:01:18.122678222
84,118.61,75,118.62,10:01:18.122678222
84,118.61,74,118.62,10:01:18.122756676
84,118.61,73,118.62,10:01:18.122832644
84,118.61,74,118.62,10:01:18.122937959
95,118.61,74,118.62,10:01:18.262948745
95,118.61,73,118.62,10:01:18.263171916
90,118.61,73,118.62,10:01:20.113290838
90,118.61,74,118.62,10:01:20.113471081
90,118.61,76,118.62,10:01:20.113660927
90,118.61,77,118.62,10:01:20.131984947
90,118.61,76,118.62,10:01:20.177649463
100,118.61,76,118.62,10:01:20.643104903
100,118.61,75,118.62,10:01:20.643295282
101,118.61,75,118.62,10:01:20.643363090
101,118.61,73,118.62,10:01:20.744513811
100,118.61,73,118.62,10:01:21.110367233
90,118.61,73,118.62,10:01:22.872323957
90,118.61,63,118.62,10:01:22.872323957
104,118.61,63,118.62,10:01:22.872635273
109,118.61,63,118.62,10:01:22.872714066
109,118.61,64,118.62,10:01:22.872777660
109,118.61,59,118.62,10:01:22.872941355
109,118.61,66,118.62,10:01:22.873013007
109,118.61,68,118.62,10:01:22.898787648
116,118.61,68,118.62,10:01:23.120577432
116,118.61,67,118.62,10:01:23.120789707
118,118.61,67,118.62,10:01:23.120865723
118,118.61,66,118.62,10:01:23.120967122
118,118.61,59,118.62,10:01:23.746708244
116,118.61,59,118.62,10:01:23.747098647
111,118.61,59,118.62,10:01:23.747513059
111,118.61,60,118.62,10:01:23.747849411
111,118.61,62,118.62,10:01:23.748080089
113,118.61,62,118.62,10:01:24.291693844
115,118.61,62,118.62,10:01:24.291878356
117,118.61,62,118.62,10:01:24.554175832
117,118.61,60,118.62,10:01:24.568192191
117,118.61,61,118.62,10:01:25.093493205
117,118.61,62,118.62,10:01:25.093674991
115,118.61,62,118.62,10:01:25.768146613
115,118.61,61,118.62,10:01:25.783356494
104,118.61,61,118.62,10:01:26.262521859
104,118.61,62,118.62,10:01:26.902458093
104,118.61,66,118.62,10:01:26.902674901
104,118.61,67,118.62,10:01:27.349122382
104,118.61,68,118.62,10:01:27.349301399
104,118.61,69,118.62,10:01:27.349451370
104,118.61,70,118.62,10:01:27.353222162
104,118.61,75,118.62,10:01:27.413715747
104,118.61,76,118.62,10:01:27.413933519
90,118.61,76,118.62,10:01:28.131959172
90,118.61,77,118.62,10:01:28.132209745
90,118.61,76,118.62,10:01:28.132278263
90,118.61,77,118.62,10:01:28.132385166
90,118.61,76,118.62,10:01:29.161936962
90,118.61,75,118.62,10:01:29.162308827
90,118.61,74,118.62,10:01:29.162712740
90,118.61,75,118.62,10:01:29.162911988
90,118.61,74,118.62,10:01:29.163018327
90,118.61,73,118.62,10:01:29.163018327
90,118.61,72,118.62,10:01:29.163583309
90,118.61,71,118.62,10:01:29.166813595
90,118.61,74,118.62,10:01:29.168451117
90,118.61,71,118.62,10:01:29.230791325
90,118.61,72,118.62,10:01:29.246347529
90,118.61,74,118.62,10:01:29.246499663
101,118.61,74,118.62,10:01:29.262573437
101,118.61,72,118.62,10:01:29.262754350
102,118.61,72,118.62,10:01:29.262820424
102,118.61,71,118.62,10:01:29.262890046
102,118.61,72,118.62,10:01:29.272102824
102,118.61,73,118.62,10:01:29.275899765
102,118.61,74,118.62,10:01:29.276185192
101,118.61,74,118.62,10:01:29.305788728
101,118.61,73,118.62,10:01:29.330714768
101,118.61,72,118.62,10:01:29.330783098
101,118.61,71,118.62,10:01:29.330896436
101,118.61,73,118.62,10:01:29.340621748
101,118.61,74,118.62,10:01:29.357803797
101,118.61,73,118.62,10:01:29.574589556
101,118.61,71,118.62,10:01:30.005907406
101,118.61,72,118.62,10:01:30.006165518
101,118.61,73,118.62,10:01:30.006380414
101,118.61,74,118.62,10:01:30.006439798
101,118.61,75,118.62,10:01:30.006576224
101,118.61,74,118.62,10:01:30.014026233
101,118.61,75,118.62,10:01:30.022231525
101,118.61,74,118.62,10:01:30.024822925
101,118.61,75,118.62,10:01:30.046030103
101,118.61,74,118.62,10:01:30.076198479
101,118.61,73,118.62,10:01:30.076344712
101,118.61,75,118.62,10:01:30.106993831
101,118.61,76,118.62,10:01:30.111427045
101,118.61,77,118.62,10:01:30.111722414
101,118.61,76,118.62,10:01:30.751973004
101,118.61,75,118.62,10:01:30.779843516
101,118.61,74,118.62,10:01:30.779984059
101,118.61,76,118.62,10:01:30.788132995
101,118.61,74,118.62,10:01:30.792116928
101,118.61,75,118.62,10:01:30.797453149
101,118.61,76,118.62,10:01:30.797598231
101,118.61,77,118.62,10:01:30.797784672
101,118.61,76,118.62,10:01:30.800445474
101,118.61,75,118.62,10:01:30.827260601
101,118.61,74,118.62,10:01:30.827408012
101,118.61,75,118.62,10:01:30.880009792
101,118.61,76,118.62,10:01:30.883525827
101,118.61,77,118.62,10:01:30.883641789
101,118.61,76,118.62,10:01:30.949208970
101,118.61,75,118.62,10:01:30.949368779
101,118.61,74,118.62,10:01:30.950181953
101,118.61,75,118.62,10:01:30.969362030
101,118.61,76,118.62,10:01:30.969465514
101,118.61,77,118.62,10:01:30.969778454
101,118.61,76,118.62,10:01:31.064501707
101,118.61,75,118.62,10:01:31.064651044
101,118.61,74,118.62,10:01:31.064799155
101,118.61,75,118.62,10:01:31.230608198
101,118.61,76,118.62,10:01:31.230787526
101,118.61,77,118.62,10:01:31.230864345
101,118.61,78,118.62,10:01:31.231012732
101,118.61,77,118.62,10:01:31.231175042
101,118.61,72,118.62,10:01:31.847340394
101,118.61,71,118.62,10:01:31.847568117
101,118.61,70,118.62,10:01:31.847647992
101,118.61,69,118.62,10:01:31.847647992
101,118.61,70,118.62,10:01:31.847761336
101,118.61,72,118.62,10:01:31.847945899
101,118.61,73,118.62,10:01:31.849293022
101,118.61,74,118.62,10:01:31.849437281
109,118.61,74,118.62,10:01:31.879605952
109,118.61,73,118.62,10:01:31.879805641
109,118.61,72,118.62,10:01:31.879885065
111,118.61,72,118.62,10:01:31.879885065
111,118.61,71,118.62,10:01:31.879977526
111,118.61,73,118.62,10:01:32.000709800
111,118.61,71,118.62,10:01:32.221580398
111,118.61,68,118.62,10:01:32.231981747
108,118.61,68,118.62,10:01:32.250593421
108,118.61,71,118.62,10:01:32.250992240
108,118.61,72,118.62,10:01:32.250992240
106,118.61,72,118.62,10:01:32.250992240
106,118.61,76,118.62,10:01:32.251177700
95,118.61,76,118.62,10:01:32.512014721
95,118.61,72,118.62,10:01:32.512188729
95,118.61,69,118.62,10:01:32.861474114
95,118.61,71,118.62,10:01:32.861640033
95,118.61,74,118.62,10:01:32.861818204
95,118.61,72,118.62,10:01:32.861919593
95,118.61,67,118.62,10:01:32.867686437
106,118.61,67,118.62,10:01:33.012914288
106,118.61,66,118.62,10:01:33.013094859
106,118.61,63,118.62,10:01:33.013165326
106,118.61,61,118.62,10:01:33.187116059
106,118.61,62,118.62,10:01:33.187642613
106,118.61,61,118.62,10:01:33.187658082
106,118.61,57,118.62,10:01:33.187658082
106,118.61,60,118.62,10:01:33.188051707
108,118.61,60,118.62,10:01:33.293450287
109,118.61,60,118.62,10:01:33.293776735
109,118.61,57,118.62,10:01:33.293935986
109,118.61,56,118.62,10:01:33.383880083
119,118.61,56,118.62,10:01:33.384080643
120,118.61,56,118.62,10:01:33.384151693
120,118.61,55,118.62,10:01:33.384283321
110,118.61,55,118.62,10:01:33.384443328
110,118.61,56,118.62,10:01:33.384603260
110,118.61,59,118.62,10:01:33.384779212
110,118.61,58,118.62,10:01:33.500406963
109,118.61,58,118.62,10:01:33.500622448
109,118.61,55,118.62,10:01:33.500691133
108,118.61,55,118.62,10:01:33.566246221
113,118.61,55,118.62,10:01:33.637279340
113,118.61,54,118.62,10:01:33.637475329
113,118.61,53,118.62,10:01:33.637552069
115,118.61,53,118.62,10:01:33.637552069
115,118.61,54,118.62,10:01:33.928257615
115,118.61,55,118.62,10:01:33.928442581
113,118.61,55,118.62,10:01:33.928563986
111,118.61,55,118.62,10:01:34.292838373
114,118.61,55,118.62,10:01:34.293222648
115,118.61,55,118.62,10:01:34.293406847
115,118.61,54,118.62,10:01:34.375088560
114,118.61,54,118.62,10:01:34.391780273
114,118.61,56,118.62,10:01:35.107278873
114,118.61,58,118.62,10:01:35.107495498
114,118.61,57,118.62,10:01:37.805294111
114,118.61,55,118.62,10:01:37.805953288
114,118.61,53,118.62,10:01:37.807676042
114,118.61,32,118.62,10:01:37.807933709
114,118.61,29,118.62,10:01:37.808258128
114,118.61,26,118.62,10:01:37.808258128
114,118.61,23,118.62,10:01:37.808444645
114,118.61,22,118.62,10:01:37.808444645
114,118.61,21,118.62,10:01:37.808628489
114,118.61,20,118.62,10:01:37.808642284
114,118.61,19,118.62,10:01:37.808656670
114,118.61,18,118.62,10:01:37.808671118
114,118.61,17,118.62,10:01:37.808685736
114,118.61,12,118.62,10:01:37.808685736
114,118.61,11,118.62,10:01:37.808699547
114,118.61,10,118.62,10:01:37.808714145
114,118.61,9,118.62,10:01:37.808729643
114,118.61,7,118.62,10:01:37.808729643
114,118.61,6,118.62,10:01:37.808744011
114,118.61,5,118.62,10:01:37.808757809
114,118.61,116,118.63,10:01:37.808771972
10,118.62,116,118.63,10:01:37.808835747
13,118.62,116,118.63,10:01:37.808890428
13,118.62,115,118.63,10:01:37.809084217
22,118.62,115,118.63,10:01:37.809101026
22,118.62,114,118.63,10:01:37.809199602
25,118.62,114,118.63,10:01:37.809199602
30,118.62,114,118.63,10:01:37.809215592
20,118.62,114,118.63,10:01:37.809337896
21,118.62,114,118.63,10:01:37.809360120
21,118.62,104,118.63,10:01:37.809360120
18,118.62,104,118.63,10:01:37.809360120
20,118.62,104,118.63,10:01:37.811263905
22,118.62,104,118.63,10:01:37.811444292
23,118.62,104,118.63,10:01:37.811558673
22,118.62,104,118.63,10:01:37.811761783
20,118.62,104,118.63,10:01:37.811909159
22,118.62,104,118.63,10:01:37.812274316
20,118.62,104,118.63,10:01:37.812486858
19,118.62,104,118.63,10:01:37.819410206
17,118.62,104,118.63,10:01:37.819645390
11,118.62,104,118.63,10:01:37.819760893
11,118.62,111,118.63,10:01:37.819760893
8,118.62,111,118.63,10:01:37.820570619
33,118.62,111,118.63,10:01:37.837917986
28,118.62,111,118.63,10:01:37.838674001
27,118.62,111,118.63,10:01:37.838674001
25,118.62,111,118.63,10:01:37.838674001
122,118.61,111,118.63,10:01:37.838674001
112,118.61,111,118.63,10:01:37.839051018
112,118.61,1,118.62,10:01:37.839308950
112,118.61,2,118.62,10:01:37.839449821
112,118.61,1,118.62,10:01:37.839543309
112,118.61,2,118.62,10:01:37.839692384
122,118.61,2,118.62,10:01:37.839769338
123,118.61,2,118.62,10:01:37.839846726
122,118.61,2,118.62,10:01:37.840086352
117,118.61,2,118.62,10:01:37.846461796
118,118.61,2,118.62,10:01:37.846701368
118,118.61,1,118.62,10:01:37.846813055
118,118.61,111,118.63,10:01:37.846813055
3,118.62,111,118.63,10:01:37.846813055
3,118.62,117,118.63,10:01:37.847076959
3,118.62,121,118.63,10:01:37.847229672
4,118.62,121,118.63,10:01:37.858903891
11,118.62,121,118.63,10:01:37.859131785
12,118.62,121,118.63,10:01:37.859303004
9,118.62,121,118.63,10:01:37.868380741
8,118.62,121,118.63,10:01:37.868380741
1,118.62,121,118.63,10:01:37.868380741
117,118.61,121,118.63,10:01:37.868531666
117,118.61,115,118.63,10:01:37.868644402
117,118.61,111,118.63,10:01:37.868715302
5,118.62,111,118.63,10:01:37.870217444
6,118.62,111,118.63,10:01:37.870395090
6,118.62,108,118.63,10:01:37.874392783
9,118.62,108,118.63,10:01:37.874694565
11,118.62,108,118.63,10:01:37.874694565
14,118.62,108,118.63,10:01:37.874785780
12,118.62,108,118.63,10:01:37.874901461
7,118.62,108,118.63,10:01:37.917289265
6,118.62,108,118.63,10:01:37.917389892
3,118.62,108,118.63,10:01:37.917409418
131,118.61,108,118.63,10:01:37.917409418
126,118.61,108,118.63,10:01:37.917646083
116,118.61,108,118.63,10:01:37.917646083
116,118.61,111,118.63,10:01:37.917747303
116,118.61,5,118.62,10:01:37.917879754
117,118.61,5,118.62,10:01:37.918026749
117,118.61,7,118.62,10:01:37.918109264
115,118.61,7,118.62,10:01:37.918190708
122,118.61,7,118.62,10:01:37.918264903
122,118.61,10,118.62,10:01:37.918421336
122,118.61,5,118.62,10:01:37.940709409
122,118.61,3,118.62,10:01:37.940792516
122,118.61,121,118.63,10:01:37.940792516
5,118.62,121,118.63,10:01:37.947037664
5,118.62,111,118.63,10:01:37.947271830
6,118.62,111,118.63,10:01:37.947374978
6,118.62,117,118.63,10:01:37.947471147
6,118.62,121,118.63,10:01:37.947471147
10,118.62,121,118.63,10:01:37.947552565
13,118.62,121,118.63,10:01:37.951790591
18,118.62,121,118.63,10:01:37.952025526
19,118.62,121,118.63,10:01:37.952107522
29,118.62,121,118.63,10:01:37.952461327
30,118.62,121,118.63,10:01:37.952746743
33,118.62,121,118.63,10:01:37.952830300
34,118.62,121,118.63,10:01:37.955114682
35,118.62,121,118.63,10:01:37.955775786
36,118.62,121,118.63,10:01:37.956738898
46,118.62,121,118.63,10:01:37.956760313
49,118.62,121,118.63,10:01:37.956760313
48,118.62,121,118.63,10:01:37.957137825
48,118.62,115,118.63,10:01:37.957808107
48,118.62,111,118.63,10:01:37.957880423
49,118.62,111,118.63,10:01:37.961685372
56,118.62,111,118.63,10:01:37.961932863
56,118.62,101,118.63,10:01:37.962092379
57,118.62,101,118.63,10:01:37.962297335
58,118.62,101,118.63,10:01:37.973502951
59,118.62,101,118.63,10:01:37.973502951
66,118.62,101,118.63,10:01:37.973672663
61,118.62,101,118.63,10:01:37.989625502
60,118.62,101,118.63,10:01:37.989785099
56,118.62,101,118.63,10:01:37.989798932
53,118.62,101,118.63,10:01:37.989813528
48,118.62,101,118.63,10:01:37.989813528
47,118.62,101,118.63,10:01:37.989828519
37,118.62,101,118.63,10:01:37.989828519
36,118.62,101,118.63,10:01:37.989828519
33,118.62,101,118.63,10:01:37.989843893
32,118.62,101,118.63,10:01:37.989843893
31,118.62,101,118.63,10:01:37.989843893
23,118.62,101,118.63,10:01:37.989843893
20,118.62,101,118.63,10:01:37.989919006
18,118.62,101,118.63,10:01:37.990015912
17,118.62,101,118.63,10:01:37.990015912
16,118.62,101,118.63,10:01:37.990029108
16,118.62,111,118.63,10:01:37.990062923
17,118.62,111,118.63,10:01:37.990314840
17,118.62,101,118.63,10:01:37.990314840
18,118.62,101,118.63,10:01:37.990557345
21,118.62,101,118.63,10:01:37.990557345
22,118.62,101,118.63,10:01:37.990832315
25,118.62,101,118.63,10:01:37.999888980
29,118.62,101,118.63,10:01:38.000075440
28,118.62,101,118.63,10:01:38.036837252
24,118.62,101,118.63,10:01:38.042287014
24,118.62,107,118.63,10:01:38.063522984
24,118.62,111,118.63,10:01:38.063627615
25,118.62,111,118.63,10:01:38.253025332
27,118.62,111,118.63,10:01:38.253215031
37,118.62,111,118.63,10:01:38.268633875
40,118.62,111,118.63,10:01:38.268760816
49,118.62,111,118.63,10:01:38.313762853
50,118.62,111,118.63,10:01:38.370824312
52,118.62,111,118.63,10:01:38.499879154
49,118.62,111,118.63,10:01:39.007598308
47,118.62,111,118.63,10:01:39.046955585
40,118.62,111,118.63,10:01:39.048652992
37,118.62,111,118.63,10:01:39.048832039
27,118.62,111,118.63,10:01:39.048902116
24,118.62,111,118.63,10:01:39.079967848
26,118.62,111,118.63,10:01:39.222513432
19,118.62,111,118.63,10:01:39.271291697
19,118.62,121,118.63,10:01:39.283506315
18,118.62,121,118.63,10:01:39.314640408
18,118.62,120,118.63,10:01:39.333122412
21,118.62,120,118.63,10:01:39.333510713
21,118.62,121,118.63,10:01:39.333859842
24,118.62,121,118.63,10:01:39.333859842
24,118.62,111,118.63,10:01:39.333945608
21,118.62,111,118.63,10:01:39.333945608
23,118.62,111,118.63,10:01:39.572291517
20,118.62,111,118.63,10:01:39.914404864
20,118.62,112,118.63,10:01:39.980529657
25,118.62,112,118.63,10:01:40.190923792
25,118.62,122,118.63,10:01:40.730877345
24,118.62,122,118.63,10:01:40.731157365
24,118.62,121,118.63,10:01:41.746002842
25,118.62,121,118.63,10:01:41.768550515
25,118.62,111,118.63,10:01:42.574668053
26,118.62,111,118.63,10:01:42.713918626
26,118.62,121,118.63,10:01:42.714221104
26,118.62,114,118.63,10:01:42.860248436
31,118.62,114,118.63,10:01:43.120465971
30,118.62,114,118.63,10:01:43.297927524
29,118.62,114,118.63,10:01:43.297949300
28,118.62,114,118.63,10:01:43.297949300
27,118.62,114,118.63,10:01:43.297949300
21,118.62,114,118.63,10:01:43.297949300
19,118.62,114,118.63,10:01:43.298117133
18,118.62,114,118.63,10:01:43.298117133
16,118.62,114,118.63,10:01:43.298131412
14,118.62,114,118.63,10:01:43.298131412
12,118.62,114,118.63,10:01:43.298149204
11,118.62,114,118.63,10:01:43.298149204
7,118.62,114,118.63,10:01:43.298162925
6,118.62,114,118.63,10:01:43.298177975
5,118.62,114,118.63,10:01:43.298177975
131,118.61,114,118.63,10:01:43.298192385
121,118.61,114,118.63,10:01:43.298370689
116,118.61,114,118.63,10:01:43.298370689
116,118.61,3,118.62,10:01:43.298387175
116,118.61,11,118.62,10:01:43.298511924
116,118.61,15,118.62,10:01:43.298601744
116,118.61,16,118.62,10:01:43.298601744
116,118.61,17,118.62,10:01:43.298648365
115,118.61,17,118.62,10:01:43.298722445
114,118.61,17,118.62,10:01:43.298736128
114,118.61,18,118.62,10:01:43.299165478
114,118.61,15,118.62,10:01:43.299198176
112,118.61,15,118.62,10:01:43.299198176
102,118.61,15,118.62,10:01:43.299198176
102,118.61,16,118.62,10:01:43.299198176
95,118.61,16,118.62,10:01:43.299262010
95,118.61,22,118.62,10:01:43.299492169
95,118.61,27,118.62,10:01:43.299556563
93,118.61,27,118.62,10:01:43.299712874
93,118.61,40,118.62,10:01:43.300671507
93,118.61,41,118.62,10:01:43.350983939
93,118.61,42,118.62,10:01:43.352723755
93,118.61,43,118.62,10:01:43.353989547
93,118.61,40,118.62,10:01:43.356091805
93,118.61,39,118.62,10:01:43.356359623
93,118.61,38,118.62,10:01:43.356539788
93,118.61,37,118.62,10:01:43.356539788
98,118.61,37,118.62,10:01:43.356539788
98,118.61,24,118.62,10:01:43.356675760
98,118.61,21,118.62,10:01:43.356870390
98,118.61,16,118.62,10:01:43.357141513
98,118.61,26,118.62,10:01:43.357298908
99,118.61,26,118.62,10:01:43.357298908
99,118.61,29,118.62,10:01:43.357362652
98,118.61,29,118.62,10:01:43.357497398
98,118.61,32,118.62,10:01:43.357568396
98,118.61,34,118.62,10:01:43.357672114
98,118.61,37,118.62,10:01:43.357826345
98,118.61,38,118.62,10:01:43.358109880
98,118.61,37,118.62,10:01:43.383370014
93,118.61,37,118.62,10:01:43.422969447
101,118.61,37,118.62,10:01:43.423132851
103,118.61,37,118.62,10:01:43.423237608
106,118.61,37,118.62,10:01:43.423304934
106,118.61,35,118.62,10:01:43.423468412
106,118.61,37,118.62,10:01:43.470135117
106,118.61,38,118.62,10:01:43.470333386
106,118.61,51,118.62,10:01:43.470333386
106,118.61,53,118.62,10:01:43.470399383
106,118.61,51,118.62,10:01:43.470529526
103,118.61,51,118.62,10:01:43.654952815
103,118.61,54,118.62,10:01:43.669121711
103,118.61,57,118.62,10:01:43.669367935
101,118.61,57,118.62,10:01:43.669492936
90,118.61,57,118.62,10:01:43.669660600
85,118.61,57,118.62,10:01:43.669729292
90,118.61,57,118.62,10:01:43.732619762
93,118.61,57,118.62,10:01:43.732804705
82,118.61,57,118.62,10:01:43.762597216
81,118.61,57,118.62,10:01:43.806260435
80,118.61,57,118.62,10:01:43.806379267
77,118.61,57,118.62,10:01:43.852423406
77,118.61,54,118.62,10:01:43.852487840
77,118.61,55,118.62,10:01:43.854712416
77,118.61,59,118.62,10:01:43.854950121
76,118.61,59,118.62,10:01:44.008692954
78,118.61,59,118.62,10:01:44.053979729
80,118.61,59,118.62,10:01:44.054178694
80,118.61,55,118.62,10:01:44.065559964
91,118.61,55,118.62,10:01:44.262946865
89,118.61,55,118.62,10:01:44.350353630
89,118.61,60,118.62,10:01:44.939656831
89,118.61,62,118.62,10:01:44.939839142
78,118.61,62,118.62,10:01:45.013080730
78,118.61,64,118.62,10:01:45.013368922
78,118.61,62,118.62,10:01:45.013449178
78,118.61,63,118.62,10:01:45.013547080
78,118.61,68,118.62,10:01:45.106636162
78,118.61,71,118.62,10:01:45.106827574
76,118.61,71,118.62,10:01:45.244195863
68,118.61,71,118.62,10:01:45.244263489
67,118.61,71,118.62,10:01:45.244378503
65,118.61,71,118.62,10:01:45.244477959
65,118.61,68,118.62,10:01:45.244544721
64,118.61,68,118.62,10:01:45.244610532
62,118.61,68,118.62,10:01:45.364278164
61,118.61,68,118.62,10:01:45.364353613
60,118.61,68,118.62,10:01:45.364353613
57,118.61,68,118.62,10:01:45.364413613
52,118.61,68,118.62,10:01:45.364892131
43,118.61,68,118.62,10:01:45.364976912
39,118.61,68,118.62,10:01:45.364976912
39,118.61,82,118.62,10:01:45.364991200
38,118.61,82,118.62,10:01:45.365335926
38,118.61,85,118.62,10:01:45.365351542
36,118.61,85,118.62,10:01:45.365351542
36,118.61,87,118.62,10:01:45.365440889
36,118.61,91,118.62,10:01:45.365440889
39,118.61,91,118.62,10:01:45.365577085
38,118.61,91,118.62,10:01:45.365986578
35,118.61,91,118.62,10:01:45.367881547
35,118.61,100,118.62,10:01:45.369933587
30,118.61,100,118.62,10:01:45.371159442
33,118.61,100,118.62,10:01:45.371736463
30,118.61,100,118.62,10:01:45.373593601
33,118.61,100,118.62,10:01:45.376775685
32,118.61,100,118.62,10:01:45.377196763
29,118.61,100,118.62,10:01:45.377196763
26,118.61,100,118.62,10:01:45.377337568
24,118.61,100,118.62,10:01:45.377337568
23,118.61,100,118.62,10:01:45.384946051
22,118.61,100,118.62,10:01:45.385283468
21,118.61,100,118.62,10:01:45.385283468
18,118.61,100,118.62,10:01:45.385283468
17,118.61,100,118.62,10:01:45.385283468
16,118.61,100,118.62,10:01:45.385423995
8,118.61,100,118.62,10:01:45.385438985
7,118.61,100,118.62,10:01:45.385438985
2,118.61,100,118.62,10:01:45.385455682
106,118.6,100,118.62,10:01:45.385455682
106,118.6,15,118.61,10:01:45.385474351
106,118.6,16,118.61,10:01:45.385474351
106,118.6,17,118.61,10:01:45.385474351
105,118.6,17,118.61,10:01:45.385583871
105,118.6,18,118.61,10:01:45.385689374
105,118.6,19,118.61,10:01:45.385689374
105,118.6,22,118.61,10:01:45.385706276
105,118.6,27,118.61,10:01:45.385799269
103,118.6,27,118.61,10:01:45.385820081
103,118.6,28,118.61,10:01:45.385972671
103,118.6,23,118.61,10:01:45.386182108
93,118.6,23,118.61,10:01:45.386202738
93,118.6,25,118.61,10:01:45.386259772
93,118.6,30,118.61,10:01:45.387295502
91,118.6,30,118.61,10:01:45.387430017
91,118.6,32,118.61,10:01:45.392399295
91,118.6,33,118.61,10:01:45.392399491
90,118.6,33,118.61,10:01:45.392399491
90,118.6,38,118.61,10:01:45.392707252
88,118.6,38,118.61,10:01:45.392782622
88,118.6,44,118.61,10:01:45.392827998
88,118.6,46,118.61,10:01:45.392997892
88,118.6,47,118.61,10:01:45.393481527
88,118.6,60,118.61,10:01:45.393609037
88,118.6,59,118.61,10:01:45.393701657
88,118.6,60,118.61,10:01:45.395978559
88,118.6,47,118.61,10:01:45.396164005
88,118.6,46,118.61,10:01:45.396327451
88,118.6,44,118.61,10:01:45.398700672
87,118.6,44,118.61,10:01:45.431606093
88,118.6,44,118.61,10:01:45.446044676
90,118.6,44,118.61,10:01:45.446353303
90,118.6,45,118.61,10:01:45.457249423
90,118.6,49,118.61,10:01:45.457420505
90,118.6,51,118.61,10:01:45.457558879
88,118.6,51,118.61,10:01:45.459829633
88,118.6,59,118.61,10:01:45.521280442
88,118.6,61,118.61,10:01:45.521462650
87,118.6,61,118.61,10:01:45.529508680
87,118.6,59,118.61,10:01:45.628606213
87,118.6,69,118.61,10:01:45.806102352
77,118.6,69,118.61,10:01:45.806102352
62,118.6,69,118.61,10:01:45.806461595
62,118.6,77,118.61,10:01:45.806461595
58,118.6,77,118.61,10:01:45.806479793
49,118.6,77,118.61,10:01:45.806479793
45,118.6,77,118.61,10:01:45.806479793
45,118.6,79,118.61,10:01:45.806543708
44,118.6,79,118.61,10:01:45.806781289
39,118.6,79,118.61,10:01:45.806781289
39,118.6,80,118.61,10:01:45.806859237
39,118.6,82,118.61,10:01:45.807098789
39,118.6,83,118.61,10:01:45.819426228
38,118.6,83,118.61,10:01:45.849801558
38,118.6,84,118.61,10:01:45.849877017
38,118.6,86,118.61,10:01:45.849982344
37,118.6,86,118.61,10:01:45.850139688
37,118.6,87,118.61,10:01:45.855079521
40,118.6,87,118.61,10:01:45.883020575
41,118.6,87,118.61,10:01:45.883197013
40,118.6,87,118.61,10:01:46.606725083
40,118.6,88,118.61,10:01:46.734178329
39,118.6,88,118.61,10:01:47.347120532
37,118.6,88,118.61,10:01:47.347188353
36,118.6,88,118.61,10:01:47.347287380
31,118.6,88,118.61,10:01:47.350964782
30,118.6,88,118.61,10:01:47.351159665
32,118.6,88,118.61,10:01:47.498633641
32,118.6,102,118.61,10:01:47.639040275
31,118.6,102,118.61,10:01:47.670012042
29,118.6,102,118.61,10:01:48.120568900
26,118.6,102,118.61,10:01:48.339931568
25,118.6,102,118.61,10:01:48.366251600
29,118.6,102,118.61,10:01:48.621343526
34,118.6,102,118.61,10:01:49.653752301
37,118.6,102,118.61,10:01:49.653938359
38,118.6,102,118.61,10:01:49.654007018
37,118.6,102,118.61,10:01:49.654222317
38,118.6,102,118.61,10:01:49.654479325
37,118.6,102,118.61,10:01:49.654597011
47,118.6,102,118.61,10:01:49.680857140
47,118.6,92,118.61,10:01:49.680953251
54,118.6,92,118.61,10:01:49.681101854
60,118.6,92,118.61,10:01:49.681231764
61,118.6,92,118.61,10:01:49.723999357
61,118.6,91,118.61,10:01:49.776251930
60,118.6,91,118.61,10:01:49.827905542
60,118.6,95,118.61,10:01:50.106877063
59,118.6,95,118.61,10:01:50.387271148
58,118.6,95,118.61,10:01:50.387392265
52,118.6,95,118.61,10:01:51.938131264
45,118.6,95,118.61,10:01:51.938200471
35,118.6,95,118.61,10:01:51.994737521
35,118.6,94,118.61,10:01:52.045875752
35,118.6,92,118.61,10:01:52.046098514
45,118.6,92,118.61,10:01:52.046098514
45,118.6,84,118.61,10:01:52.046164286
44,118.6,84,118.61,10:01:52.047953655
54,118.6,84,118.61,10:01:53.845848239
57,118.6,84,118.61,10:01:53.845918146
58,118.6,84,118.61,10:01:53.901180597
58,118.6,85,118.61,10:01:54.956990311
58,118.6,87,118.61,10:01:54.957192836
58,118.6,85,118.61,10:01:55.121287559
63,118.6,85,118.61,10:01:55.157709316
61,118.6,85,118.61,10:01:55.500527380
61,118.6,83,118.61,10:01:55.500527380
62,118.6,83,118.61,10:01:55.507734208
61,118.6,83,118.61,10:01:55.508654492
63,118.6,83,118.61,10:01:58.121099825
65,118.6,83,118.61,10:01:58.498673444
71,118.6,83,118.61,10:01:59.908770386
71,118.6,81,118.61,10:02:00.004642619
72,118.6,81,118.61,10:02:00.004713701
72,118.6,82,118.61,10:02:00.011485226
72,118.6,86,118.61,10:02:00.011670269
71,118.6,86,118.61,10:02:00.011811363
71,118.6,88,118.61,10:02:00.011988053
71,118.6,86,118.61,10:02:00.039351818
71,118.6,82,118.61,10:02:00.046230549
73,118.6,82,118.61,10:02:00.146767678
74,118.6,82,118.61,10:02:00.554763902
74,118.6,84,118.61,10:02:00.646880582
74,118.6,82,118.61,10:02:00.720553400
74,118.6,90,118.61,10:02:01.220670500
74,118.6,92,118.61,10:02:01.220942894
74,118.6,93,118.61,10:02:01.220942894
74,118.6,91,118.61,10:02:01.405725620
74,118.6,92,118.61,10:02:01.406115459
74,118.6,93,118.61,10:02:01.407286505
75,118.6,93,118.61,10:02:01.458716760
75,118.6,92,118.61,10:02:01.467509349
76,118.6,92,118.61,10:02:01.469399937
76,118.6,91,118.61,10:02:01.469461873
76,118.6,93,118.61,10:02:01.589036581
76,118.6,92,118.61,10:02:01.634794031
76,118.6,84,118.61,10:02:01.814838034
76,118.6,82,118.61,10:02:01.814973099
76,118.6,86,118.61,10:02:01.965858903
76,118.6,87,118.61,10:02:01.966006855
76,118.6,88,118.61,10:02:01.966257021
76,118.6,89,118.61,10:02:02.296473651
76,118.6,90,118.61,10:02:02.296652748
76,118.6,89,118.61,10:02:02.533634544
76,118.6,88,118.61,10:02:02.533868124
76,118.6,89,118.61,10:02:02.534320700
76,118.6,88,118.61,10:02:02.534892629
77,118.6,88,118.61,10:02:02.562413732
77,118.6,87,118.61,10:02:02.564280637
77,118.6,86,118.61,10:02:02.577256558
78,118.6,86,118.61,10:02:02.911725969
78,118.6,87,118.61,10:02:03.126787141
78,118.6,88,118.61,10:02:03.126971087
78,118.6,90,118.61,10:02:03.330744814
77,118.6,90,118.61,10:02:03.330817294
77,118.6,91,118.61,10:02:03.330889633
79,118.6,91,118.61,10:02:03.455863600
79,118.6,90,118.61,10:02:03.472980286
79,118.6,91,118.61,10:02:03.538217514
79,118.6,90,118.61,10:02:04.016598735
79,118.6,88,118.61,10:02:04.016828315
79,118.6,87,118.61,10:02:04.340670872
80,118.6,87,118.61,10:02:04.755559369
79,118.6,87,118.61,10:02:05.151414329
79,118.6,89,118.61,10:02:05.151477603
79,118.6,90,118.61,10:02:05.151576051
79,118.6,91,118.61,10:02:05.151676441
77,118.6,91,118.61,10:02:06.500474304
77,118.6,89,118.61,10:02:06.500474304
77,118.6,75,118.61,10:02:06.500714679
77,118.6,74,118.61,10:02:06.500780589
77,118.6,77,118.61,10:02:06.511561834
77,118.6,81,118.61,10:02:06.511745872
77,118.6,80,118.61,10:02:06.544465994
78,118.6,80,118.61,10:02:06.544774420
78,118.6,81,118.61,10:02:06.544960282
78,118.6,77,118.61,10:02:06.545062578
78,118.6,79,118.61,10:02:06.545168304
78,118.6,78,118.61,10:02:06.548397755
78,118.6,79,118.61,10:02:06.548751297
78,118.6,78,118.61,10:02:06.549300497
78,118.6,76,118.61,10:02:06.551060889
79,118.6,76,118.61,10:02:06.551172275
79,118.6,74,118.61,10:02:06.551347221
79,118.6,73,118.61,10:02:06.551416972
79,118.6,72,118.61,10:02:06.553694218
80,118.6,72,118.61,10:02:06.554434122
80,118.6,70,118.61,10:02:06.556234588
79,118.6,70,118.61,10:02:06.572791075
79,118.6,72,118.61,10:02:06.596453998
78,118.6,72,118.61,10:02:06.596626824
78,118.6,75,118.61,10:02:06.596698504
78,118.6,76,118.61,10:02:06.596795511
78,118.6,75,118.61,10:02:06.637304390
78,118.6,72,118.61,10:02:06.638285090
78,118.6,70,118.61,10:02:06.638464389
79,118.6,70,118.61,10:02:06.638633586
79,118.6,72,118.61,10:02:06.662166665
78,118.6,72,118.61,10:02:06.662424358
78,118.6,73,118.61,10:02:06.662424358
76,118.6,73,118.61,10:02:07.423301359
75,118.6,73,118.61,10:02:07.423395232
75,118.6,70,118.61,10:02:07.448726220
75,118.6,69,118.61,10:02:07.448998392
77,118.6,69,118.61,10:02:07.448998392
77,118.6,67,118.61,10:02:07.448998392
77,118.6,68,118.61,10:02:07.499016114
77,118.6,71,118.61,10:02:07.499281714
77,118.6,73,118.61,10:02:07.499370964
75,118.6,73,118.61,10:02:07.499370964
75,118.6,77,118.61,10:02:07.499512661
74,118.6,77,118.61,10:02:07.723308900
70,118.6,77,118.61,10:02:07.723308900
69,118.6,77,118.61,10:02:07.723506545
67,118.6,77,118.61,10:02:07.723521125
56,118.6,77,118.61,10:02:07.723521125
52,118.6,77,118.61,10:02:07.723535041
47,118.6,77,118.61,10:02:07.723549812
44,118.6,77,118.61,10:02:07.723549812
34,118.6,77,118.61,10:02:07.723563536
24,118.6,77,118.61,10:02:07.723577635
21,118.6,77,118.61,10:02:07.723595159
20,118.6,77,118.61,10:02:07.723595159
15,118.6,77,118.61,10:02:07.723609347
9,118.6,77,118.61,10:02:07.723623555
7,118.6,77,118.61,10:02:07.723637337
6,118.6,77,118.61,10:02:07.723659297
5,118.6,77,118.61,10:02:07.723673041
4,118.6,77,118.61,10:02:07.723690398
3,118.6,77,118.61,10:02:07.723711066
1,118.6,77,118.61,10:02:07.723734359
138,118.59,77,118.61,10:02:07.723768952
138,118.59,3,118.6,10:02:07.723768952
135,118.59,3,118.6,10:02:07.724016366
123,118.59,3,118.6,10:02:07.724290618
123,118.59,6,118.6,10:02:07.724507161
122,118.59,6,118.6,10:02:07.724545037
122,118.59,3,118.6,10:02:07.724546090
122,118.59,2,118.6,10:02:07.724884199
122,118.59,117,118.61,10:02:07.724884199
112,118.59,117,118.61,10:02:07.724971184
112,118.59,7,118.6,10:02:07.724971184
115,118.59,7,118.6,10:02:07.724988403
115,118.59,8,118.6,10:02:07.725253491
115,118.59,9,118.6,10:02:07.743526115
115,118.59,16,118.6,10:02:07.743692913
115,118.59,9,118.6,10:02:07.743876225
115,118.59,14,118.6,10:02:07.745279724
115,118.59,12,118.6,10:02:07.748126635
112,118.59,12,118.6,10:02:07.748320782
105,118.59,12,118.6,10:02:07.748381995
105,118.59,14,118.6,10:02:07.748510647
105,118.59,15,118.6,10:02:07.748698397
105,118.59,29,118.6,10:02:07.758929610
105,118.59,36,118.6,10:02:07.759238084
105,118.59,37,118.6,10:02:07.826512497
105,118.59,43,118.6,10:02:07.826682987
104,118.59,43,118.6,10:02:07.834742194
102,118.59,43,118.6,10:02:07.834909813
102,118.59,55,118.6,10:02:07.839221759
101,118.59,55,118.6,10:02:07.843158563
101,118.59,56,118.6,10:02:07.852890179
101,118.59,55,118.6,10:02:07.853031341
101,118.59,56,118.6,10:02:07.858284968
101,118.59,61,118.6,10:02:07.858460015
101,118.59,62,118.6,10:02:07.904818436
101,118.59,65,118.6,10:02:07.985315139
101,118.59,67,118.6,10:02:08.029622274
100,118.59,67,118.6,10:02:08.029774284
99,118.59,67,118.6,10:02:08.179112486
99,118.59,66,118.6,10:02:08.349718550
100,118.59,66,118.6,10:02:08.349784954
101,118.59,66,118.6,10:02:08.349956717
101,118.59,61,118.6,10:02:08.350813887
103,118.59,61,118.6,10:02:08.352203109
103,118.59,49,118.6,10:02:08.353211399
109,118.59,49,118.6,10:02:08.403589212
110,118.59,49,118.6,10:02:08.403804736
110,118.59,50,118.6,10:02:08.423084838
109,118.59,50,118.6,10:02:08.534524444
108,118.59,50,118.6,10:02:08.650431699
106,118.59,50,118.6,10:02:08.670482411
100,118.59,50,118.6,10:02:08.695989097
106,118.59,50,118.6,10:02:08.729595196
100,118.59,50,118.6,10:02:08.849655849
94,118.59,50,118.6,10:02:09.018729229
93,118.59,50,118.6,10:02:09.060280904
93,118.59,44,118.6,10:02:09.223876548
95,118.59,44,118.6,10:02:09.224034481
95,118.59,42,118.6,10:02:09.227532024
95,118.59,37,118.6,10:02:09.232037074
95,118.59,36,118.6,10:02:09.233143928
95,118.59,35,118.6,10:02:09.233158408
95,118.59,28,118.6,10:02:09.233301963
104,118.59,28,118.6,10:02:09.233466353
105,118.59,28,118.6,10:02:09.233714906
111,118.59,28,118.6,10:02:09.248325360
113,118.59,28,118.6,10:02:09.499036689
112,118.59,28,118.6,10:02:09.699593764
112,118.59,33,118.6,10:02:09.881935055
112,118.59,37,118.6,10:02:09.882204200
112,118.59,40,118.6,10:02:09.882466437
106,118.59,40,118.6,10:02:10.006123236
105,118.59,40,118.6,10:02:10.359962238
105,118.59,53,118.6,10:02:10.366875386
105,118.59,54,118.6,10:02:10.367066624
105,118.59,57,118.6,10:02:10.367133325
103,118.59,57,118.6,10:02:10.367232083
103,118.59,56,118.6,10:02:10.367306397
103,118.59,58,118.6,10:02:10.367441616
103,118.59,56,118.6,10:02:10.367719577
103,118.59,57,118.6,10:02:10.371159597
103,118.59,58,118.6,10:02:10.371323341
102,118.59,58,118.6,10:02:10.371480666
102,118.59,59,118.6,10:02:10.371553852
102,118.59,58,118.6,10:02:10.374154353
102,118.59,57,118.6,10:02:10.374299262
102,118.59,56,118.6,10:02:10.374455336
102,118.59,57,118.6,10:02:10.388854289
102,118.59,60,118.6,10:02:10.389024497
102,118.59,61,118.6,10:02:10.389174778
102,118.59,60,118.6,10:02:10.411948289
102,118.59,61,118.6,10:02:10.431024893
102,118.59,62,118.6,10:02:10.434147227
100,118.59,62,118.6,10:02:10.434305278
100,118.59,61,118.6,10:02:10.445541772
100,118.59,60,118.6,10:02:10.445658640
106,118.59,60,118.6,10:02:10.447562157
106,118.59,59,118.6,10:02:10.447686289
107,118.59,59,118.6,10:02:10.447844445
101,118.59,59,118.6,10:02:10.507237078
101,118.59,60,118.6,10:02:10.546544521
100,118.59,60,118.6,10:02:10.546690703
100,118.59,61,118.6,10:02:10.546844815
100,118.59,62,118.6,10:02:10.546915506
99,118.59,62,118.6,10:02:10.592169366
99,118.59,63,118.6,10:02:10.592448470
99,118.59,62,118.6,10:02:10.592611663
96,118.59,62,118.6,10:02:10.949564109
81,118.59,62,118.6,10:02:10.949728913
81,118.59,72,118.6,10:02:10.949889406
79,118.59,72,118.6,10:02:10.950106941
70,118.59,72,118.6,10:02:10.950186705
65,118.59,72,118.6,10:02:10.950186705
66,118.59,72,118.6,10:02:11.052952978
66,118.59,73,118.6,10:02:11.058942901
66,118.59,74,118.6,10:02:11.502400121
66,118.59,76,118.6,10:02:11.502576130
66,118.59,77,118.6,10:02:11.502722114
66,118.59,79,118.6,10:02:11.502832975
66,118.59,76,118.6,10:02:11.687368802
66,118.59,75,118.6,10:02:11.687523246
62,118.59,75,118.6,10:02:11.707094388
55,118.59,75,118.6,10:02:11.707314584
44,118.59,75,118.6,10:02:11.707392350
44,118.59,85,118.6,10:02:11.707392350
44,118.59,87,118.6,10:02:11.707475789
44,118.59,88,118.6,10:02:11.707475789
43,118.59,88,118.6,10:02:11.707546462
33,118.59,88,118.6,10:02:11.934651102
28,118.59,88,118.6,10:02:12.219389169
27,118.59,88,118.6,10:02:12.405343897
27,118.59,93,118.6,10:02:12.499683675
31,118.59,93,118.6,10:02:12.501147309
31,118.59,94,118.6,10:02:13.310131522
35,118.59,94,118.6,10:02:16.087333944
35,118.59,93,118.6,10:02:16.087502990
45,118.59,93,118.6,10:02:16.446093253
45,118.59,83,118.6,10:02:16.446279899
52,118.59,83,118.6,10:02:16.467641224
58,118.59,83,118.6,10:02:16.467801285
56,118.59,83,118.6,10:02:17.500130975
56,118.59,81,118.6,10:02:17.500209159
61,118.59,81,118.6,10:02:17.500383634
61,118.59,71,118.6,10:02:17.500464610
62,118.59,71,118.6,10:02:17.500760213
69,118.59,71,118.6,10:02:17.501248312
68,118.59,71,118.6,10:02:17.737198244
68,118.59,73,118.6,10:02:17.927703926
66,118.59,73,118.6,10:02:19.030525902
56,118.59,73,118.6,10:02:19.030735070
56,118.59,83,118.6,10:02:19.030735070
56,118.59,93,118.6,10:02:19.030789035
49,118.59,93,118.6,10:02:19.030985598
43,118.59,93,118.6,10:02:19.031068281
43,118.59,83,118.6,10:02:19.031144167
43,118.59,84,118.6,10:02:19.031273009
43,118.59,83,118.6,10:02:19.031407035
44,118.59,83,118.6,10:02:19.570803785
54,118.59,83,118.6,10:02:19.652337803
54,118.59,73,118.6,10:02:19.652525173
56,118.59,73,118.6,10:02:20.013748334
76,118.59,73,118.6,10:02:20.144683368
76,118.59,72,118.6,10:02:20.144980782
76,118.59,67,118.6,10:02:20.144980782
76,118.59,66,118.6,10:02:20.145077847
76,118.59,65,118.6,10:02:20.145077847
79,118.59,65,118.6,10:02:20.145077847
79,118.59,52,118.6,10:02:20.145218625
89,118.59,52,118.6,10:02:20.145293370
92,118.59,52,118.6,10:02:20.145293370
92,118.59,53,118.6,10:02:20.239388327
92,118.59,51,118.6,10:02:20.325396191
92,118.59,49,118.6,10:02:20.395951435
93,118.59,49,118.6,10:02:20.742303339
93,118.59,48,118.6,10:02:21.550909359
93,118.59,46,118.6,10:02:21.551091758
93,118.59,41,118.6,10:02:21.552972714
93,118.59,38,118.6,10:02:21.553156468
93,118.59,35,118.6,10:02:21.553345859
93,118.59,32,118.6,10:02:21.557603607
95,118.59,32,118.6,10:02:21.576426695
95,118.59,28,118.6,10:02:21.576844586
97,118.59,28,118.6,10:02:21.577035425
97,118.59,25,118.6,10:02:21.577165177
97,118.59,24,118.6,10:02:21.577165177
97,118.59,13,118.6,10:02:21.577165177
98,118.59,13,118.6,10:02:21.577594986
98,118.59,10,118.6,10:02:21.577632406
98,118.59,9,118.6,10:02:21.577632406
98,118.59,8,118.6,10:02:21.577632406
98,118.59,7,118.6,10:02:21.577647923
105,118.59,7,118.6,10:02:21.577771459
110,118.59,7,118.6,10:02:21.577786656
110,118.59,6,118.6,10:02:21.577786656
110,118.59,5,118.6,10:02:21.577786656
110,118.59,4,118.6,10:02:21.577921049
110,118.59,3,118.6,10:02:21.577954377
110,118.59,1,118.6,10:02:21.577954377
110,118.59,112,118.61,10:02:21.577954377
121,118.59,112,118.61,10:02:21.577954377
121,118.59,105,118.61,10:02:21.577954377
124,118.59,105,118.61,10:02:21.577954377
129,118.59,105,118.61,10:02:21.577954377
129,118.59,104,118.61,10:02:21.578213403
131,118.59,104,118.61,10:02:21.578213403
137,118.59,104,118.61,10:02:21.594358618
143,118.59,104,118.61,10:02:21.594704894
5,118.6,104,118.61,10:02:21.599980728
5,118.6,94,118.61,10:02:21.600582551
6,118.6,94,118.61,10:02:21.600582551
1,118.6,94,118.61,10:02:21.603370190
12,118.6,94,118.61,10:02:21.622069282
11,118.6,94,118.61,10:02:21.640731237
138,118.59,94,118.61,10:02:21.640731237
132,118.59,94,118.61,10:02:21.663926810
112,118.59,94,118.61,10:02:21.783307412
102,118.59,94,118.61,10:02:21.783565975
12,118.6,94,118.61,10:02:21.783959878
12,118.6,102,118.61,10:02:21.784252115
12,118.6,104,118.61,10:02:21.784393840
116,118.59,104,118.61,10:02:21.816202932
116,118.59,1,118.6,10:02:21.816416762
106,118.59,1,118.6,10:02:21.816504205
106,118.59,7,118.6,10:02:21.816870272
113,118.59,7,118.6,10:02:21.816870272
116,118.59,7,118.6,10:02:21.816870272
115,118.59,7,118.6,10:02:21.817039040
122,118.59,7,118.6,10:02:21.817215152
122,118.59,6,118.6,10:02:21.851215856
127,118.59,6,118.6,10:02:21.851465273
128,118.59,6,118.6,10:02:21.867302788
123,118.59,6,118.6,10:02:21.875106237
123,118.59,21,118.6,10:02:22.078892308
123,118.59,26,118.6,10:02:22.079121683
123,118.59,29,118.6,10:02:22.079194129
123,118.59,30,118.6,10:02:22.079323633
118,118.59,30,118.6,10:02:22.079669086
118,118.59,31,118.6,10:02:22.079844374
118,118.59,34,118.6,10:02:22.264251989
118,118.59,39,118.6,10:02:22.508952774
111,118.59,39,118.6,10:02:22.509214166
111,118.59,36,118.6,10:02:22.509214166
111,118.59,46,118.6,10:02:22.509369811
111,118.59,49,118.6,10:02:22.509443360
109,118.59,49,118.6,10:02:22.509604310
107,118.59,49,118.6,10:02:22.511938909
107,118.59,50,118.6,10:02:22.517367341
107,118.59,57,118.6,10:02:22.517546467
107,118.59,58,118.6,10:02:22.517744951
96,118.59,58,118.6,10:02:22.517888391
91,118.59,58,118.6,10:02:22.517954486
91,118.59,59,118.6,10:02:22.518063923
85,118.59,59,118.6,10:02:22.518136659
85,118.59,60,118.6,10:02:22.518292905
82,118.59,60,118.6,10:02:22.518292905
75,118.59,60,118.6,10:02:22.518363196
75,118.59,70,118.6,10:02:22.521316587
70,118.59,70,118.6,10:02:22.521466292
60,118.59,70,118.6,10:02:22.521646794
57,118.59,70,118.6,10:02:22.521716558
55,118.59,70,118.6,10:02:22.521817111
52,118.59,70,118.6,10:02:22.521889201
52,118.59,72,118.6,10:02:22.521996621
42,118.59,72,118.6,10:02:22.522133844
43,118.59,72,118.6,10:02:22.524976651
50,118.59,72,118.6,10:02:22.525112597
52,118.59,72,118.6,10:02:22.551014515
60,118.59,72,118.6,10:02:22.804484450
60,118.59,62,118.6,10:02:22.804646473
53,118.59,62,118.6,10:02:23.823911063
53,118.59,55,118.6,10:02:23.823976512
55,118.59,55,118.6,10:02:24.238771816
65,118.59,55,118.6,10:02:24.238921166
68,118.59,55,118.6,10:02:24.239022040
68,118.59,54,118.6,10:02:24.659256598
68,118.59,55,118.6,10:02:24.661624187
68,118.59,60,118.6,10:02:24.661777937
68,118.59,59,118.6,10:02:24.751894897
69,118.59,59,118.6,10:02:24.752065579
69,118.59,58,118.6,10:02:24.752135568
69,118.59,57,118.6,10:02:24.760636283
69,118.59,52,118.6,10:02:24.760944998
71,118.59,52,118.6,10:02:24.761098014
72,118.59,52,118.6,10:02:24.761339402
72,118.59,47,118.6,10:02:24.808459875
72,118.59,44,118.6,10:02:24.808682060
72,118.59,42,118.6,10:02:24.808771397
72,118.59,32,118.6,10:02:24.808771397
72,118.59,31,118.6,10:02:24.808946011
82,118.59,31,118.6,10:02:24.809017060
87,118.59,31,118.6,10:02:24.809090188
89,118.59,31,118.6,10:02:24.809244213
91,118.59,31,118.6,10:02:24.809244213
91,118.59,30,118.6,10:02:24.862731068
91,118.59,27,118.6,10:02:24.863565960
91,118.59,22,118.6,10:02:24.864186260
101,118.59,22,118.6,10:02:24.864252295
101,118.59,16,118.6,10:02:24.864476827
105,118.59,16,118.6,10:02:24.864476827
107,118.59,16,118.6,10:02:24.868469946
107,118.59,15,118.6,10:02:24.868690420
107,118.59,16,118.6,10:02:25.005688357
107,118.59,17,118.6,10:02:25.006125964
107,118.59,19,118.6,10:02:25.006201660
107,118.59,20,118.6,10:02:25.006291695
107,118.59,18,118.6,10:02:25.006461292
103,118.59,18,118.6,10:02:25.006686772
103,118.59,19,118.6,10:02:25.006887010
103,118.59,29,118.6,10:02:25.007080274
103,118.59,30,118.6,10:02:25.007234754
103,118.59,35,118.6,10:02:25.007234754
103,118.59,36,118.6,10:02:25.007311170
103,118.59,39,118.6,10:02:25.007386037
101,118.59,39,118.6,10:02:25.007519613
99,118.59,39,118.6,10:02:25.007606001
89,118.59,39,118.6,10:02:25.007883316
87,118.59,39,118.6,10:02:25.007974068
77,118.59,39,118.6,10:02:25.008083863
77,118.59,49,118.6,10:02:25.008158903
77,118.59,52,118.6,10:02:25.008252523
76,118.59,52,118.6,10:02:25.009945072
76,118.59,54,118.6,10:02:25.010027007
76,118.59,52,118.6,10:02:25.010480153
76,118.59,53,118.6,10:02:25.011201167
76,118.59,52,118.6,10:02:25.011479727
76,118.59,59,118.6,10:02:25.011479727
76,118.59,60,118.6,10:02:25.011686446
76,118.59,59,118.6,10:02:25.015663810
76,118.59,60,118.6,10:02:25.019399135
76,118.59,61,118.6,10:02:25.019746843
76,118.59,62,118.6,10:02:25.020477899
76,118.59,63,118.6,10:02:25.020549806
74,118.59,63,118.6,10:02:25.020686450
73,118.59,63,118.6,10:02:25.020755077
73,118.59,64,118.6,10:02:25.020822398
73,118.59,63,118.6,10:02:25.023847055
73,118.59,62,118.6,10:02:25.027696339
73,118.59,63,118.6,10:02:25.027946220
73,118.59,64,118.6,10:02:25.032575382
73,118.59,66,118.6,10:02:25.077268777
72,118.59,66,118.6,10:02:25.081473894
72,118.59,52,118.6,10:02:25.106232214
71,118.59,52,118.6,10:02:25.205348981
82,118.59,52,118.6,10:02:26.222139711
82,118.59,51,118.6,10:02:26.222349801
83,118.59,51,118.6,10:02:26.222420428
83,118.59,50,118.6,10:02:26.222574808
83,118.59,49,118.6,10:02:26.222745071
84,118.59,49,118.6,10:02:26.222917743
84,118.59,39,118.6,10:02:26.223071314
84,118.59,36,118.6,10:02:26.223140955
85,118.59,36,118.6,10:02:26.223248715
85,118.59,34,118.6,10:02:26.223330373
85,118.59,33,118.6,10:02:26.223330373
85,118.59,26,118.6,10:02:26.248694943
85,118.59,21,118.6,10:02:26.652419457
87,118.59,21,118.6,10:02:26.652648814
76,118.59,21,118.6,10:02:26.652798183
76,118.59,20,118.6,10:02:26.652811789
76,118.59,19,118.6,10:02:26.652907731
76,118.59,18,118.6,10:02:26.652931213
76,118.59,17,118.6,10:02:26.652931213
76,118.59,16,118.6,10:02:26.652931213
76,118.59,10,118.6,10:02:26.652931213
77,118.59,10,118.6,10:02:26.652931213
77,118.59,9,118.6,10:02:26.653005521
77,118.59,8,118.6,10:02:26.653210199
77,118.59,5,118.6,10:02:26.653210199
77,118.59,4,118.6,10:02:26.653311875
85,118.59,4,118.6,10:02:26.653311875
85,118.59,3,118.6,10:02:26.653311875
87,118.59,3,118.6,10:02:26.653311875
97,118.59,3,118.6,10:02:26.653438947
109,118.59,3,118.6,10:02:26.653438947
109,118.59,105,118.61,10:02:26.653459387
111,118.59,105,118.61,10:02:26.653459387
111,118.59,10,118.6,10:02:26.653459387
110,118.59,10,118.6,10:02:26.653459387
114,118.59,10,118.6,10:02:26.653459387
116,118.59,10,118.6,10:02:26.653623142
116,118.59,105,118.61,10:02:26.653823411
116,118.59,1,118.6,10:02:26.653823411
117,118.59,1,118.6,10:02:26.653823411
117,118.59,2,118.6,10:02:26.658167479
117,118.59,1,118.6,10:02:26.702286235
117,118.59,105,118.61,10:02:26.702437416
116,118.59,105,118.61,10:02:26.702617230
117,118.59,105,118.61,10:02:26.706427685
119,118.59,105,118.61,10:02:26.706528590
120,118.59,105,118.61,10:02:26.706657285
1,118.6,105,118.61,10:02:26.707935296
1,118.6,95,118.61,10:02:26.708126925
1,118.6,94,118.61,10:02:26.708279975
3,118.6,94,118.61,10:02:26.740488973
2,118.6,94,118.61,10:02:26.751316248
108,118.59,94,118.61,10:02:26.751316248
108,118.59,103,118.61,10:02:26.751478735
112,118.59,103,118.61,10:02:26.766720254
115,118.59,103,118.61,10:02:26.766906806
120,118.59,103,118.61,10:02:26.767084983
120,118.59,104,118.61,10:02:26.843573019
120,118.59,103,118.61,10:02:26.876288224
117,118.59,103,118.61,10:02:26.898593054
113,118.59,103,118.61,10:02:26.922675401
111,118.59,103,118.61,10:02:27.015094256
111,118.59,101,118.61,10:02:27.015094256
111,118.59,92,118.61,10:02:27.015380588
119,118.59,92,118.61,10:02:27.015459611
121,118.59,92,118.61,10:02:27.015459611
124,118.59,92,118.61,10:02:27.015459611
116,118.59,92,118.61,10:02:27.032989236
8,118.6,92,118.61,10:02:27.033962280
116,118.59,92,118.61,10:02:27.073546684
116,118.59,1,118.6,10:02:27.073760930
106,118.59,1,118.6,10:02:27.073860930
106,118.59,92,118.61,10:02:27.074995027
106,118.59,1,118.6,10:02:27.110422437
114,118.59,1,118.6,10:02:27.110754916
116,118.59,1,118.6,10:02:27.110836232
118,118.59,1,118.6,10:02:27.137914063
118,118.59,91,118.61,10:02:27.138172280
118,118.59,92,118.61,10:02:27.249008231
119,118.59,92,118.61,10:02:27.627278782
119,118.59,91,118.61,10:02:27.724533824
119,118.59,100,118.61,10:02:28.349523485
119,118.59,110,118.61,10:02:28.349605146
116,118.59,110,118.61,10:02:28.349938570
6,118.6,110,118.61,10:02:29.542260769
6,118.6,100,118.61,10:02:29.542537211
100,118.59,100,118.61,10:02:29.557952003
105,118.59,100,118.61,10:02:29.566811754
3,118.6,100,118.61,10:02:29.580113107
102,118.59,100,118.61,10:02:29.616410186
97,118.59,100,118.61,10:02:29.640098194
100,118.59,100,118.61,10:02:30.007636653
102,118.59,100,118.61,10:02:30.007942678
105,118.59,100,118.61,10:02:30.014310602
106,118.59,100,118.61,10:02:31.046111455
104,118.59,100,118.61,10:02:31.196134114
103,118.59,100,118.61,10:02:31.212676822
1,118.6,100,118.61,10:02:31.625664961
2,118.6,100,118.61,10:02:31.625842693
3,118.6,100,118.61,10:02:31.625910172
5,118.6,100,118.61,10:02:31.625979775
8,118.6,100,118.61,10:02:31.626714401
9,118.6,100,118.61,10:02:31.626965188
7,118.6,100,118.61,10:02:31.627636692
6,118.6,100,118.61,10:02:31.627636692
6,118.6,96,118.61,10:02:31.627733809
7,118.6,96,118.61,10:02:31.628989171
8,118.6,96,118.61,10:02:31.629063066
7,118.6,96,118.61,10:02:31.629210269
6,118.6,96,118.61,10:02:31.629282605
16,118.6,96,118.61,10:02:31.631782424
28,118.6,96,118.61,10:02:31.632557961
29,118.6,96,118.61,10:02:31.632721799
28,118.6,96,118.61,10:02:31.637371831
29,118.6,96,118.61,10:02:31.639130290
32,118.6,96,118.61,10:02:31.642749728
31,118.6,96,118.61,10:02:31.669016627
30,118.6,96,118.61,10:02:31.669016627
29,118.6,96,118.61,10:02:31.669016627
26,118.6,96,118.61,10:02:31.669265024
16,118.6,96,118.61,10:02:31.669284935
4,118.6,96,118.61,10:02:31.669284935
3,118.6,96,118.61,10:02:31.669284935
117,118.59,96,118.61,10:02:31.669284935
104,118.59,96,118.61,10:02:31.669374922
3,118.6,96,118.61,10:02:31.669374922
3,118.6,100,118.61,10:02:31.669594064
5,118.6,100,118.61,10:02:31.669761194
2,118.6,100,118.61,10:02:31.669761194
103,118.59,100,118.61,10:02:31.669869239
113,118.59,100,118.61,10:02:31.691190679
119,118.59,100,118.61,10:02:31.691379374
114,118.59,100,118.61,10:02:31.692549396
113,118.59,100,118.61,10:02:31.721052739
116,118.59,100,118.61,10:02:31.944227837
3,118.6,100,118.61,10:02:33.015390340
3,118.6,99,118.61,10:02:33.017468627
5,118.6,99,118.61,10:02:33.017754105
2,118.6,99,118.61,10:02:33.037115288
126,118.59,99,118.61,10:02:33.037192840
113,118.59,99,118.61,10:02:33.037302425
107,118.59,99,118.61,10:02:33.037378124
107,118.59,90,118.61,10:02:33.038002104
112,118.59,90,118.61,10:02:33.041401074
115,118.59,90,118.61,10:02:33.041579353
3,118.6,90,118.61,10:02:33.051442165
112,118.59,90,118.61,10:02:33.070539982
112,118.59,1,118.6,10:02:33.070777761
112,118.59,6,118.6,10:02:33.071030065
121,118.59,6,118.6,10:02:33.071030065
127,118.59,6,118.6,10:02:33.071290736
127,118.59,7,118.6,10:02:33.091532380
127,118.59,9,118.6,10:02:33.091723462
121,118.59,9,118.6,10:02:33.091916754
116,118.59,9,118.6,10:02:33.093893467
116,118.59,10,118.6,10:02:33.109164483
106,118.59,10,118.6,10:02:33.109382186
106,118.59,12,118.6,10:02:33.109474720
110,118.59,12,118.6,10:02:33.117711500
111,118.59,12,118.6,10:02:33.124607967
112,118.59,12,118.6,10:02:33.124780383
112,118.59,11,118.6,10:02:33.134400488
112,118.59,10,118.6,10:02:33.134652401
112,118.59,5,118.6,10:02:33.134759671
112,118.59,4,118.6,10:02:33.134759671
112,118.59,3,118.6,10:02:33.134759671
112,118.59,2,118.6,10:02:33.135194090
112,118.59,99,118.61,10:02:33.143094722
2,118.6,99,118.61,10:02:33.143094722
2,118.6,89,118.61,10:02:33.143311650
2,118.6,88,118.61,10:02:33.165176012
99,118.59,88,118.61,10:02:33.168520736
