price,volume,timestamp
118.61,1,10:00:06.441530437
118.61,5,10:00:06.441616818
118.61,1,10:00:06.441632508
118.61,4,10:00:06.441632508
118.6,2,10:00:07.928527076
118.6,1,10:00:07.928527076
118.6,1,10:00:08.951783799
118.6,1,10:00:08.952071955
118.6,5,10:00:08.952193196
118.6,2,10:00:08.952193196
118.6,2,10:00:08.952385981
118.6,1,10:00:08.952385981
118.6,3,10:00:08.952385981
118.6,1,10:00:08.953773624
118.61,10,10:00:19.375367850
118.61,2,10:00:19.375691065
118.61,1,10:00:19.375691065
118.61,1,10:00:19.375813977
118.61,1,10:00:19.375843631
118.61,2,10:00:19.375843631
118.61,1,10:00:19.396463935
118.61,1,10:00:19.396645137
118.61,1,10:00:19.396660405
118.61,5,10:00:19.396660405
118.61,3,10:00:19.396674632
118.61,5,10:00:19.396689912
118.61,1,10:00:19.396689912
118.61,1,10:00:19.396705653
118.61,2,10:00:19.396705653
118.61,1,10:00:19.396724028
118.61,7,10:00:19.396724028
118.61,12,10:00:19.396738417
118.61,1,10:00:19.396768849
118.61,3,10:00:19.397213054
118.61,2,10:00:19.397385120
118.61,1,10:00:19.399580365
118.61,1,10:00:19.512114533
118.61,1,10:00:20.776591022
118.61,1,10:00:20.784947895
118.61,6,10:00:20.785107517
118.61,1,10:00:20.785204640
118.61,1,10:00:20.785221478
118.61,3,10:00:20.826758472
118.61,1,10:00:20.826758472
118.61,2,10:00:20.826758472
118.61,3,10:00:20.826855525
118.61,1,10:00:24.587284142
118.61,1,10:00:24.587521399
118.62,1,10:00:25.060091324
118.61,1,10:00:25.530444876
118.61,1,10:00:25.530461545
118.61,2,10:00:25.600732758
118.61,5,10:00:25.600828509
118.61,1,10:00:25.600849575
118.61,10,10:00:25.600849575
118.61,5,10:00:25.795110601
118.61,1,10:00:25.795110601
118.61,1,10:00:25.795203849
118.61,5,10:00:25.795219328
118.6,2,10:00:31.542490121
118.6,2,10:00:31.542502553
118.6,1,10:00:31.542517357
118.6,1,10:00:31.542531859
118.6,2,10:00:31.542545801
118.6,2,10:00:31.542559401
118.6,2,10:00:31.542573702
118.6,1,10:00:31.542588546
118.6,1,10:00:31.542603390
118.6,3,10:00:31.542618930
118.6,2,10:00:31.542637883
118.6,3,10:00:31.542637883
118.6,1,10:00:31.542788998
118.6,8,10:00:31.542803321
118.6,1,10:00:31.542820239
118.6,2,10:00:31.542841942
118.6,3,10:00:31.543591141
118.6,2,10:00:31.543909378
118.6,3,10:00:31.543925781
118.6,1,10:00:31.544131464
118.6,3,10:00:31.544851720
118.6,1,10:00:32.387651676
118.6,1,10:00:32.387730444
118.6,1,10:00:32.387869753
118.61,1,10:00:39.031101062
118.61,1,10:00:45.081811662
118.61,3,10:00:45.081969543
118.61,1,10:00:45.081984208
118.61,1,10:00:45.081998055
118.61,8,10:00:45.082012295
118.61,1,10:00:45.082066974
118.61,2,10:00:45.082086576
118.61,3,10:00:45.082104060
118.61,2,10:00:45.082124509
118.61,2,10:00:45.082144774
118.61,2,10:00:45.082468717
118.61,2,10:00:45.082487376
118.61,1,10:00:45.082500362
118.61,2,10:00:45.082514931
118.61,2,10:00:45.082528400
118.61,2,10:00:45.082546257
118.61,1,10:00:45.082560135
118.61,1,10:00:45.082606560
118.61,1,10:00:45.082654321
118.61,2,10:00:45.082678323
118.61,3,10:00:45.082697101
118.61,2,10:00:45.082717757
118.61,1,10:00:45.082735053
118.61,1,10:00:45.082760429
118.61,2,10:00:45.082781456
118.61,1,10:00:45.115495649
118.61,2,10:00:45.115580378
118.62,1,10:00:56.316132403
118.62,1,10:01:11.509782554
118.62,10,10:01:22.872323957
118.62,5,10:01:31.847340394
118.61,3,10:01:32.250593421
118.62,1,10:01:33.383880083
118.62,1,10:01:33.500406963
118.62,21,10:01:37.807933709
118.62,3,10:01:37.808258128
118.62,3,10:01:37.808444645
118.62,1,10:01:37.808444645
118.62,1,10:01:37.808628489
118.62,1,10:01:37.808642284
118.62,1,10:01:37.808656670
118.62,1,10:01:37.808671118
118.62,1,10:01:37.808685736
118.62,5,10:01:37.808685736
118.62,1,10:01:37.808699547
118.62,1,10:01:37.808714145
118.62,2,10:01:37.808729643
118.62,1,10:01:37.808729643
118.62,1,10:01:37.808744011
118.62,1,10:01:37.808757809
118.62,5,10:01:37.808771972
118.62,1,10:01:37.819410206
118.62,2,10:01:37.819645390
118.62,25,10:01:37.838674001
118.62,2,10:01:37.838674001
118.62,5,10:01:37.838674001
118.62,1,10:01:37.838674001
118.62,1,10:01:37.839543309
118.62,1,10:01:37.846813055
118.62,7,10:01:37.868380741
118.62,3,10:01:37.868380741
118.62,1,10:01:37.868380741
118.62,1,10:01:37.868531666
118.63,3,10:01:37.874392783
118.62,5,10:01:37.917289265
118.62,1,10:01:37.917389892
118.62,3,10:01:37.917409418
118.62,5,10:01:37.940709409
118.62,2,10:01:37.940792516
118.62,3,10:01:37.940792516
118.62,5,10:01:37.989625502
118.62,1,10:01:37.989785099
118.62,4,10:01:37.989798932
118.62,5,10:01:37.989813528
118.62,3,10:01:37.989813528
118.62,10,10:01:37.989828519
118.62,1,10:01:37.989828519
118.62,8,10:01:37.989843893
118.62,1,10:01:37.989843893
118.62,3,10:01:37.989843893
118.63,1,10:01:39.333122412
118.62,1,10:01:43.297927524
118.62,1,10:01:43.297949300
118.62,6,10:01:43.297949300
118.62,2,10:01:43.298117133
118.62,1,10:01:43.298117133
118.62,2,10:01:43.298131412
118.62,2,10:01:43.298149204
118.62,1,10:01:43.298149204
118.62,4,10:01:43.298162925
118.62,1,10:01:43.298177975
118.62,5,10:01:43.298192385
118.62,3,10:01:43.356091805
118.62,3,10:01:43.356870390
118.61,1,10:01:45.377196763
118.61,3,10:01:45.377196763
118.61,1,10:01:45.384946051
118.61,1,10:01:45.385283468
118.61,3,10:01:45.385283468
118.61,1,10:01:45.385423995
118.61,8,10:01:45.385438985
118.61,1,10:01:45.385438985
118.61,2,10:01:45.385455682
118.61,5,10:01:45.385455682
118.61,1,10:01:52.045875752
118.61,2,10:01:55.500527380
118.61,2,10:02:06.500474304
118.61,3,10:02:07.448726220
118.6,1,10:02:07.723308900
118.6,4,10:02:07.723308900
118.6,1,10:02:07.723506545
118.6,11,10:02:07.723521125
118.6,2,10:02:07.723521125
118.6,4,10:02:07.723535041
118.6,5,10:02:07.723549812
118.6,3,10:02:07.723549812
118.6,10,10:02:07.723563536
118.6,10,10:02:07.723577635
118.6,1,10:02:07.723595159
118.6,3,10:02:07.723595159
118.6,5,10:02:07.723609347
118.6,6,10:02:07.723623555
118.6,2,10:02:07.723637337
118.6,1,10:02:07.723659297
118.6,1,10:02:07.723673041
118.6,1,10:02:07.723690398
118.6,1,10:02:07.723711066
118.6,2,10:02:07.723734359
118.6,1,10:02:07.723768952
118.6,3,10:02:07.724546090
118.6,1,10:02:07.724884199
118.6,2,10:02:07.748126635
118.59,4,10:02:11.707094388
118.6,2,10:02:17.500209159
118.59,2,10:02:19.030525902
118.6,11,10:02:21.577165177
118.6,1,10:02:21.577165177
118.6,3,10:02:21.577165177
118.6,3,10:02:21.577632406
118.6,1,10:02:21.577632406
118.6,1,10:02:21.577647923
118.6,1,10:02:21.577786656
118.6,1,10:02:21.577921049
118.6,1,10:02:21.577954377
118.6,2,10:02:21.577954377
118.6,11,10:02:21.640731237
118.6,1,10:02:21.640731237
118.6,12,10:02:21.816202932
118.6,1,10:02:21.851215856
118.6,1,10:02:26.652811789
118.6,1,10:02:26.652907731
118.6,6,10:02:26.652931213
118.6,1,10:02:26.652931213
118.6,1,10:02:26.653311875
118.6,2,10:02:26.751316248
118.6,1,10:02:26.751316248
118.61,2,10:02:27.015094256
118.6,8,10:02:27.073546684
118.6,1,10:02:27.074995027
118.6,1,10:02:27.138172280
118.6,6,10:02:29.557952003
118.6,3,10:02:29.616410186
118.6,1,10:02:31.669016627
118.6,3,10:02:31.669265024
118.6,3,10:02:31.669284935
118.6,10,10:02:31.669284935
118.6,1,10:02:31.669284935
118.6,12,10:02:31.669284935
118.6,2,10:02:31.669869239
118.61,1,10:02:33.017468627
118.6,3,10:02:33.037115288
118.6,2,10:02:33.037192840
118.6,3,10:02:33.070539982
118.6,1,10:02:33.134400488
118.6,1,10:02:33.134759671
118.6,5,10:02:33.134759671
118.6,1,10:02:33.135194090
118.6,2,10:02:33.143094722
118.61,2,10:02:33.168520736
118.6,1,10:02:33.183121279
118.6,1,10:02:33.221085141
118.6,1,10:02:34.030565151
118.6,2,10:02:34.030662120
118.6,2,10:02:34.030687954
118.6,5,10:02:37.921000752
118.6,1,10:02:37.921098086
118.6,4,10:02:37.921113629
118.6,3,10:02:37.921113629
118.6,1,10:02:38.005339257
118.6,1,10:02:40.444117714
118.6,5,10:02:40.444117714
118.6,4,10:02:40.444117714
118.6,4,10:02:40.444208263
118.6,10,10:02:40.444233284
118.6,3,10:02:40.444233284
118.6,5,10:02:40.444233284
118.6,4,10:02:40.454818336
118.6,9,10:02:41.190116643
118.59,3,10:02:43.553141330
118.59,4,10:02:43.553141330
118.59,1,10:02:43.553141330
118.59,1,10:02:43.553294577
118.59,5,10:02:43.553308904
118.59,1,10:02:43.553308904
118.59,10,10:02:43.553322942
118.59,2,10:02:43.553322942
118.59,1,10:02:43.553322942
118.59,10,10:02:43.553337561
118.59,3,10:02:43.553337561
118.59,2,10:02:43.553337561
118.59,5,10:02:43.553337561
118.59,2,10:02:43.553352242
118.59,1,10:02:51.359474346
118.59,5,10:02:51.359474346
118.59,1,10:02:51.359607917
118.59,5,10:02:51.359643670
118.59,3,10:02:51.359643670
118.59,2,10:02:51.359643670
118.59,1,10:02:51.359643670
118.59,4,10:02:51.359643670
118.59,3,10:02:51.359887906
118.59,4,10:02:51.360149709
118.59,3,10:02:51.360273114
118.59,1,10:02:51.379126930
118.59,3,10:02:51.379126930
118.59,1,10:02:51.379221520
118.59,5,10:02:51.379601240
118.59,5,10:02:51.379861538
118.59,1,10:02:51.387436052
118.59,1,10:02:51.407758348
118.59,5,10:02:51.672600343
118.59,4,10:02:51.674463109
118.59,1,10:02:51.674548684
118.59,4,10:02:51.674567074
118.59,1,10:02:51.674567074
118.59,2,10:02:51.674567074
118.59,1,10:02:51.687793455
118.59,4,10:02:51.687793455
118.59,1,10:02:51.688105186
118.59,6,10:03:01.187611375
118.59,1,10:03:01.187707279
118.59,1,10:03:01.187726533
118.59,1,10:03:01.188621707
118.59,4,10:03:01.196462560
118.59,2,10:03:01.196462560
118.59,1,10:03:01.196462560
118.59,1,10:03:01.224244953
118.59,1,10:03:01.238792376
118.59,1,10:03:04.040026086
118.59,1,10:03:06.335068657
118.59,1,10:03:06.335167732
118.59,1,10:03:06.335183492
118.59,3,10:03:06.487408098
118.59,4,10:03:06.487408098
118.59,1,10:03:06.487475864
118.59,1,10:03:06.487942066
118.58,3,10:03:06.538169889
118.58,1,10:03:06.538169889
118.58,4,10:03:06.538169889
118.58,6,10:03:06.538407879
118.58,10,10:03:06.538424334
118.58,2,10:03:06.538438062
118.58,4,10:03:06.538453885
118.58,2,10:03:06.538468154
118.58,2,10:03:06.538482769
118.58,2,10:03:06.538497031
118.58,10,10:03:06.538514132
118.58,4,10:03:06.538530711
118.58,5,10:03:06.538544916
118.58,5,10:03:06.538558167
118.58,1,10:03:06.538572231
118.58,1,10:03:06.538590250
118.58,7,10:03:06.538618093
118.58,1,10:03:06.538638736
118.58,9,10:03:06.538667165
118.58,1,10:03:06.538689597
118.58,3,10:03:06.538716202
118.58,1,10:03:06.538740458
118.58,1,10:03:06.538754336
118.58,1,10:03:06.538795197
118.58,2,10:03:06.538820180
118.58,1,10:03:06.538840615
118.58,1,10:03:06.538864269
118.58,1,10:03:06.538885111
118.58,3,10:03:06.538910298
118.58,3,10:03:06.538932263
118.58,4,10:03:06.538960052
118.58,2,10:03:06.540168284
118.58,2,10:03:06.540274044
118.58,11,10:03:06.541164406
118.58,6,10:03:06.541180562
118.58,1,10:03:06.561609206
118.58,2,10:03:06.605476171
118.58,1,10:03:06.605504193
118.58,2,10:03:06.605504193
118.58,3,10:03:06.605504193
118.58,3,10:03:06.632654257
118.58,6,10:03:06.632654257
118.58,7,10:03:06.632733291
118.58,1,10:03:06.632748558
118.58,1,10:03:06.796150887
118.58,1,10:03:06.920460676
118.58,10,10:03:06.920460676
118.58,5,10:03:06.920475851
118.58,1,10:03:06.920736184
118.58,5,10:03:06.920736184
118.58,4,10:03:06.920847213
118.58,7,10:03:06.920867293
118.58,1,10:03:06.931492934
118.58,6,10:03:06.942147096
118.58,1,10:03:07.176045727
118.58,1,10:03:07.485366847
118.58,5,10:03:09.054093739
118.59,16,10:03:09.318605476
118.59,1,10:03:17.015912949
118.58,1,10:03:17.728782317
118.58,2,10:03:17.728782317
118.58,9,10:03:17.728944993
118.58,3,10:03:17.728959386
118.58,1,10:03:17.728959386
118.58,1,10:03:17.728987012
118.58,13,10:03:17.728987012
118.58,7,10:03:17.728987012
118.58,10,10:03:17.728987012
118.58,3,10:03:17.728987012
118.58,5,10:03:17.728987012
118.58,7,10:03:17.729654432
118.58,9,10:03:17.730171818
118.58,4,10:03:17.730171818
118.58,1,10:03:17.752341697
118.58,4,10:03:26.602830822
118.58,1,10:03:26.603007398
118.58,1,10:03:26.603021946
118.58,2,10:03:26.603021946
118.58,3,10:03:26.603037017
118.58,5,10:03:26.603037017
118.58,9,10:03:26.603050570
118.58,3,10:03:26.603050570
118.58,2,10:03:26.603071101
118.58,6,10:03:26.603071101
118.58,1,10:03:26.603071101
118.58,1,10:03:26.603846607
118.58,1,10:03:26.604507288
118.58,1,10:03:26.631926550
118.58,1,10:03:26.650887647
118.58,2,10:03:26.658651686
118.58,1,10:03:26.677884198
118.58,6,10:03:26.814088647
118.58,2,10:03:26.814161142
118.58,2,10:03:26.816545256
118.58,5,10:03:26.816545256
118.58,1,10:03:26.816545256
118.58,1,10:03:27.188680946
118.58,9,10:03:27.188756997
118.58,2,10:03:27.556683142
118.58,2,10:03:27.556798818
118.58,1,10:03:27.556875310
118.58,3,10:03:27.556875310
118.58,1,10:03:27.598806676
118.58,9,10:03:31.191125150
118.58,1,10:03:31.191537565
118.58,1,10:03:36.270762759
118.58,5,10:03:36.270873277
118.58,1,10:03:36.270892733
118.58,2,10:03:36.270892733
118.58,3,10:03:36.270892733
118.58,2,10:03:37.017268071
118.58,1,10:03:41.178614850
118.58,1,10:03:41.190348170
118.58,8,10:03:41.190414051
118.58,1,10:03:47.016327343
118.58,1,10:03:47.016736051
118.58,1,10:03:47.045599339
118.58,3,10:03:47.045599339
118.58,4,10:03:48.266146283
118.58,4,10:03:48.341959677
118.58,4,10:03:48.341975734
118.58,1,10:03:48.341975734
118.58,1,10:03:48.342651839
118.58,1,10:03:48.342668655
118.58,8,10:03:50.054067318
118.58,3,10:03:50.125473828
118.58,1,10:03:50.125550026
118.58,9,10:03:51.194484555
118.58,2,10:03:51.195784595
118.58,1,10:03:51.195863600
118.58,3,10:03:51.393958194
118.58,2,10:03:51.394248274
118.58,5,10:03:51.394333644
118.58,1,10:03:51.394458344
118.58,1,10:03:51.416360313
118.58,1,10:03:51.441098842
118.58,2,10:03:51.443240223
118.58,6,10:03:54.659709829
118.58,1,10:03:54.659922220
118.58,1,10:03:54.660185624
118.58,4,10:03:54.681580749
118.58,2,10:03:54.681678854
118.58,4,10:03:54.684383988
118.58,1,10:03:54.684383988
118.58,1,10:03:54.795923274
118.58,4,10:03:54.796323341
118.58,1,10:03:54.796323341
118.59,3,10:03:57.014986933
118.59,1,10:03:57.163646731
118.59,1,10:03:58.226325335
118.59,5,10:03:58.226325335
118.59,1,10:03:58.226415892
118.59,4,10:03:58.226429946
118.59,2,10:04:00.778960280
118.58,5,10:04:00.876435802
118.58,1,10:04:00.876525458
118.58,1,10:04:00.876540453
118.58,4,10:04:00.876540453
118.58,1,10:04:00.876689276
118.58,8,10:04:00.876689276
118.58,2,10:04:00.876837010
118.58,7,10:04:00.876852316
118.58,1,10:04:00.876868156
118.58,12,10:04:00.876868156
118.58,1,10:04:00.876883244
118.58,3,10:04:00.876883244
118.58,2,10:04:00.876897542
118.58,1,10:04:00.877014406
118.58,2,10:04:00.877033708
118.58,1,10:04:00.877050809
118.58,14,10:04:00.895817487
118.58,1,10:04:00.933598948
118.58,11,10:04:02.298564161
118.58,1,10:04:02.298564161
118.58,2,10:04:02.298764407
118.58,1,10:04:02.298779725
118.58,5,10:04:02.298779725
118.58,1,10:04:02.298794683
118.58,3,10:04:02.298794683
118.58,10,10:04:02.298794683
118.58,1,10:04:02.298810542
118.58,6,10:04:02.298810542
118.58,2,10:04:02.298824528
118.58,4,10:04:02.298824528
118.58,10,10:04:02.298824528
118.58,5,10:04:02.298838964
118.58,11,10:04:02.298838964
118.58,1,10:04:02.298838964
118.58,4,10:04:02.298857022
118.58,1,10:04:02.298857022
118.58,32,10:04:02.299528582
118.58,2,10:04:02.299583453
118.58,2,10:04:02.299740781
118.58,3,10:04:02.299768646
118.58,1,10:04:02.300001443
118.58,1,10:04:02.300024269
118.58,1,10:04:02.300382162
118.58,1,10:04:02.300397983
118.58,5,10:04:02.300397983
118.57,1,10:04:04.723962409
118.57,3,10:04:06.083791424
118.57,1,10:04:06.083791424
118.57,2,10:04:06.083945763
118.57,1,10:04:06.083961542
118.57,1,10:04:06.083975273
118.57,3,10:04:06.083989097
118.57,1,10:04:06.084002573
118.57,2,10:04:06.084016768
118.57,6,10:04:06.084030502
118.57,1,10:04:06.084050742
118.57,1,10:04:06.084064566
118.57,1,10:04:06.084156445
118.57,11,10:04:06.084175257
118.57,1,10:04:06.084190375
118.57,5,10:04:06.084190375
118.57,3,10:04:06.084208345
118.57,1,10:04:06.084222064
118.57,1,10:04:06.084235923
118.57,1,10:04:06.084252918
118.57,1,10:04:06.084273608
118.57,1,10:04:06.084292021
118.57,5,10:04:06.733122608
118.57,4,10:04:06.733122608
118.57,2,10:04:06.733243229
118.57,1,10:04:06.733243229
118.57,3,10:04:06.733269200
118.57,1,10:04:06.733269200
118.57,4,10:04:06.733269200
118.57,11,10:04:07.284319152
118.57,1,10:04:07.284656290
118.57,10,10:04:07.284656290
118.57,1,10:04:07.738630990
118.57,1,10:04:07.738894121
118.57,1,10:04:07.864980109
118.57,3,10:04:07.865170421
118.57,1,10:04:07.865184450
118.57,1,10:04:07.865198648
118.57,1,10:04:07.865214079
118.57,3,10:04:07.865214079
118.57,5,10:04:07.865227538
118.57,3,10:04:07.865241585
118.56,5,10:04:07.865256942
118.57,1,10:04:07.865256942
118.56,9,10:04:07.865256942
118.56,5,10:04:07.865270110
118.56,5,10:04:07.865283701
118.56,4,10:04:07.865297931
118.56,1,10:04:07.865311822
118.56,1,10:04:07.865327650
118.56,2,10:04:07.865402315
118.56,1,10:04:07.865426350
118.56,10,10:04:07.865451592
118.56,4,10:04:07.865479621
118.56,2,10:04:07.865502539
118.56,4,10:04:07.865523624
118.56,1,10:04:07.865538235
118.56,4,10:04:07.865553944
118.56,6,10:04:07.865571624
118.56,12,10:04:07.865585688
118.56,2,10:04:07.865599793
118.56,1,10:04:07.865617176
118.56,1,10:04:07.865636187
118.56,5,10:04:07.879907523
118.56,15,10:04:07.879907523
118.57,4,10:04:10.059732303
118.57,1,10:04:10.059732303
118.57,2,10:04:10.059732303
118.57,3,10:04:10.060217007
118.57,1,10:04:10.060217007
118.57,4,10:04:10.060217007
118.57,10,10:04:10.500316521
118.57,1,10:04:10.500454447
118.57,1,10:04:10.501055820
118.57,13,10:04:10.501055820
118.57,5,10:04:11.192359761
118.57,1,10:04:11.192359761
118.57,1,10:04:11.192426276
118.57,2,10:04:11.232070828
118.57,3,10:04:11.232070828
118.57,1,10:04:11.232165833
118.57,1,10:04:11.232181759
118.57,5,10:04:11.232181759
118.57,1,10:04:12.387481610
118.57,1,10:04:12.615330261
118.57,8,10:04:14.276350572
118.57,2,10:04:14.276350572
118.57,2,10:04:14.276427061
118.57,4,10:04:14.601539252
118.57,9,10:04:16.694449135
118.57,1,10:04:16.694449135
118.57,4,10:04:16.694487708
118.57,1,10:04:16.694487708
118.57,4,10:04:16.694503955
118.57,2,10:04:16.695399516
118.57,3,10:04:16.695415525
118.57,1,10:04:17.048639229
118.57,1,10:04:17.048877610
118.57,5,10:04:17.072589631
118.57,1,10:04:19.494764739
118.57,10,10:04:19.494764739
118.57,2,10:04:19.494865108
118.57,1,10:04:19.494865108
118.56,1,10:04:21.014148370
118.56,3,10:04:21.014148370
118.56,2,10:04:21.014384186
118.56,1,10:04:21.014397854
118.56,10,10:04:21.014411588
118.56,2,10:04:21.014426986
118.56,1,10:04:21.014441476
118.56,5,10:04:21.014455690
118.56,13,10:04:21.014469601
118.56,7,10:04:21.014483114
118.56,5,10:04:21.014500645
118.56,1,10:04:21.014500645
118.56,4,10:04:21.014522450
118.56,5,10:04:21.014536811
118.56,15,10:04:21.014556027
118.56,2,10:04:21.014574210
118.56,2,10:04:21.014596222
118.56,2,10:04:21.014620472
118.56,8,10:04:21.014639288
118.56,2,10:04:21.014663931
118.56,6,10:04:21.014689429
118.57,1,10:04:27.015332034
118.57,6,10:04:27.604369422
118.57,2,10:04:27.604630514
118.57,11,10:04:27.604745860
118.57,1,10:04:27.604774779
118.57,1,10:04:28.863047355
118.56,1,10:04:31.990376552
118.56,2,10:04:31.990376552
118.56,3,10:04:31.990572162
118.56,5,10:04:31.990587096
118.56,2,10:04:31.990587096
118.56,10,10:04:31.990602357
118.56,1,10:04:31.990617231
118.56,3,10:04:31.990617231
118.56,1,10:04:31.990632805
118.56,2,10:04:31.990648395
118.56,1,10:04:31.990648395
118.56,1,10:04:31.990661890
118.56,5,10:04:31.990676296
118.56,3,10:04:31.990690248
118.56,1,10:04:31.990704485
118.56,2,10:04:32.024739971
118.56,1,10:04:32.024758480
118.56,9,10:04:32.030904661
118.56,1,10:04:32.031235926
118.56,1,10:04:32.031541807
118.56,1,10:04:32.031843295
118.56,1,10:04:32.046732996
118.56,4,10:04:32.069677495
118.56,6,10:04:32.247135099
118.56,1,10:04:32.247150407
118.56,5,10:04:32.309604472
118.56,4,10:04:32.310159817
118.56,1,10:04:32.598946519
118.56,5,10:04:33.723548978
118.56,1,10:04:33.723833656
118.56,4,10:04:33.763992501
118.56,1,10:04:33.763992501
118.56,10,10:04:33.784014107
118.55,9,10:04:34.626111385
118.55,5,10:04:34.626317730
118.55,4,10:04:34.626331669
118.55,5,10:04:34.626346293
118.55,5,10:04:34.626359866
118.55,2,10:04:34.626374718
118.55,10,10:04:34.626374718
118.55,4,10:04:34.626391496
118.55,2,10:04:34.626391496
118.55,1,10:04:34.626406472
118.55,4,10:04:34.626406472
118.55,1,10:04:34.626421649
118.55,6,10:04:34.626421649
118.55,13,10:04:34.626435044
118.55,5,10:04:34.626451316
118.55,1,10:04:34.626464699
118.55,9,10:04:34.626478613
118.55,3,10:04:34.626493093
118.55,6,10:04:34.626508085
118.55,5,10:04:34.626526885
118.56,1,10:04:36.305212333
118.56,4,10:04:36.305212333
118.56,1,10:04:36.305311247
118.56,1,10:04:36.305326813
118.56,10,10:04:36.305326813
118.56,5,10:04:36.305326813
118.55,2,10:04:37.768820000
118.56,1,10:04:42.179140287
118.56,1,10:04:42.179354501
118.56,1,10:04:42.179450417
118.56,2,10:04:42.179450417
118.56,1,10:04:42.934084925
118.57,1,10:04:47.015748719
118.57,1,10:04:47.015819093
118.57,4,10:04:47.301338508
118.57,1,10:04:47.301338508
118.57,1,10:04:47.301433484
118.57,3,10:04:47.301449008
118.57,2,10:04:47.301449008
118.57,1,10:04:47.301909956
118.57,2,10:04:47.301909956
118.57,3,10:04:47.302060185
118.57,2,10:04:47.302074616
118.57,1,10:04:47.302074616
118.57,1,10:04:47.302090335
118.57,3,10:04:47.302111842
118.57,1,10:04:47.302111842
118.57,1,10:04:47.302478105
118.57,1,10:04:47.323876196
118.58,1,10:04:49.042880211
118.57,2,10:04:51.011575756
118.57,1,10:04:51.011728613
118.57,1,10:04:51.011744073
118.57,2,10:04:51.011759398
118.57,1,10:04:51.011759398
118.57,5,10:04:51.011759398
118.57,2,10:04:51.011778537
118.57,1,10:04:51.040084387
118.57,1,10:04:51.040281849
118.57,1,10:04:51.057869574
118.57,3,10:04:53.168991084
118.57,1,10:04:53.168991084
118.57,7,10:04:53.168991084
118.57,1,10:04:53.169118278
118.58,5,10:05:06.288810497
118.58,2,10:05:06.289350067
118.58,3,10:05:06.289549062
118.58,5,10:05:06.289564042
118.58,7,10:05:06.289564042
118.58,2,10:05:06.289579280
118.58,5,10:05:06.289579280
118.58,1,10:05:06.289595120
118.58,2,10:05:06.289609478
118.58,1,10:05:06.289609478
118.58,1,10:05:06.289624669
118.58,1,10:05:06.289639238
118.58,2,10:05:06.289654690
118.58,1,10:05:06.289654690
118.58,1,10:05:06.289673772
118.58,1,10:05:06.289757117
118.58,1,10:05:06.324324662
118.59,1,10:05:07.015910012
118.59,1,10:05:07.015981395
118.58,9,10:05:11.272769310
118.58,1,10:05:11.272891945
118.58,14,10:05:11.272907044
118.58,1,10:05:11.272907044
118.58,5,10:05:11.272907044
118.58,2,10:05:11.272907044
118.58,1,10:05:11.272931774
118.58,3,10:05:11.272931774
118.58,2,10:05:11.272931774
118.58,9,10:05:11.272931774
118.58,7,10:05:11.273553223
118.58,1,10:05:11.273553223
118.58,2,10:05:11.273553223
118.58,1,10:05:11.273696934
118.58,1,10:05:11.273715219
118.58,4,10:05:11.273858214
118.58,1,10:05:11.274142707
118.58,2,10:05:11.274297635
118.58,2,10:05:11.315624448
118.58,1,10:05:13.085962008
118.58,5,10:05:13.085982319
118.58,10,10:05:13.085982319
118.58,1,10:05:13.085982319
118.58,5,10:05:13.096944148
118.58,5,10:05:13.110110648
118.58,5,10:05:13.120646619
118.58,1,10:05:13.120938727
118.58,2,10:05:13.131315450
118.58,1,10:05:13.131315450
118.58,2,10:05:13.137802233
118.58,5,10:05:13.148320959
118.58,2,10:05:13.148627883
118.58,5,10:05:13.166671558
118.58,1,10:05:13.166787298
118.58,1,10:05:13.166802857
118.58,5,10:05:13.166802857
118.58,2,10:05:13.166818028
118.58,5,10:05:13.193608051
118.58,6,10:05:13.194086410
118.58,1,10:05:13.194290204
118.58,1,10:05:13.194393395
118.58,1,10:05:13.214747270
118.58,5,10:05:13.214847259
118.58,1,10:05:13.234490901
118.58,5,10:05:13.234490901
118.58,5,10:05:13.245307230
118.58,2,10:05:13.256022448
118.58,3,10:05:13.263516629
118.58,5,10:05:13.274097841
118.58,1,10:05:13.284735379
118.58,4,10:05:13.302150642
118.58,2,10:05:13.322850810
118.58,1,10:05:18.034134040
118.58,2,10:05:18.034222729
118.58,1,10:05:18.034476022
118.58,3,10:05:18.034496454
118.58,1,10:05:18.034496454
118.58,2,10:05:18.034496454
118.58,2,10:05:18.044920590
118.58,1,10:05:18.045202239
118.58,1,10:05:18.045421851
118.58,1,10:05:18.045630807
118.58,5,10:05:18.056101449
118.58,1,10:05:18.066832201
118.58,3,10:05:18.066832201
118.58,1,10:05:18.067349311
118.58,1,10:05:18.091302230
118.58,1,10:05:18.103153043
118.58,1,10:05:18.103393658
118.58,1,10:05:18.103507495
118.58,1,10:05:18.103599758
118.58,2,10:05:18.114132186
118.58,1,10:05:18.114224713
118.58,2,10:05:18.114242755
118.58,1,10:05:18.148567148
118.58,1,10:05:23.277013715
118.58,5,10:05:23.277216636
118.58,1,10:05:23.277233197
118.58,1,10:05:23.277247830
118.58,1,10:05:23.277262118
118.58,3,10:05:23.277279421
118.58,1,10:05:23.277279421
118.58,5,10:05:23.277279421
118.58,1,10:05:23.277293196
118.58,1,10:05:23.277308617
118.58,7,10:05:23.277308617
118.58,10,10:05:23.277323149
118.58,1,10:05:23.277323149
118.58,8,10:05:23.277344995
118.58,1,10:05:26.078640670
118.59,5,10:05:32.253701475
118.59,1,10:05:32.254168118
118.59,3,10:05:32.254468767
118.59,2,10:05:32.254468767
118.59,1,10:05:32.254483199
118.59,1,10:05:34.026991810
118.59,4,10:05:34.027167966
118.59,1,10:05:34.027213220
118.59,3,10:05:34.027213220
118.59,6,10:05:34.027213220
118.59,7,10:05:34.027213220
118.59,2,10:05:34.027711914
118.59,3,10:05:34.027834477
118.59,5,10:05:34.027873441
118.59,1,10:05:34.027873441
118.59,1,10:05:34.040605211
118.59,1,10:05:34.078913458
118.59,1,10:05:34.098415876
118.59,1,10:05:34.205818434
118.59,2,10:05:34.205818434
118.59,1,10:05:34.205921279
118.59,1,10:05:34.205941452
118.59,3,10:05:34.205941452
118.59,5,10:05:34.205941452
118.59,6,10:05:34.205941452
118.58,5,10:05:34.702519682
118.58,1,10:05:34.702752238
118.58,3,10:05:34.702768465
118.58,1,10:05:34.702782872
118.58,5,10:05:34.702796891
118.58,13,10:05:34.702810859
118.58,9,10:05:34.702825627
118.58,1,10:05:34.702825627
118.58,1,10:05:34.702840852
118.58,5,10:05:34.702840852
118.58,1,10:05:34.702854673
118.58,5,10:05:34.702869681
118.58,3,10:05:34.702883572
118.58,3,10:05:34.702898747
118.58,7,10:05:34.702898747
118.58,1,10:05:34.702912171
118.58,3,10:05:34.702929658
118.58,5,10:05:34.702943418
118.58,7,10:05:34.702969955
118.58,1,10:05:34.702983210
118.58,1,10:05:34.703007197
118.58,18,10:05:34.703921975
118.58,3,10:05:34.703921975
118.58,2,10:05:34.704110836
118.58,5,10:05:34.704738630
118.58,2,10:05:34.704738630
118.58,2,10:05:34.704868269
118.58,2,10:05:44.283308169
118.58,15,10:05:44.283308169
118.58,1,10:05:44.283770908
118.58,7,10:05:44.283770908
118.58,4,10:05:54.154425955
118.58,6,10:05:54.154502998
118.58,2,10:05:54.154636262
118.58,3,10:05:54.154849269
118.58,1,10:05:54.154849269
118.58,1,10:05:54.155441125
118.58,6,10:05:54.155476405
118.58,24,10:05:54.155476405
118.58,1,10:05:54.155476405
118.58,1,10:05:54.155492633
118.58,9,10:05:54.155702210
118.58,2,10:05:54.155702210
118.58,9,10:05:54.155722056
118.58,1,10:05:54.155955922
118.58,1,10:05:54.156116997
118.58,4,10:05:54.156116997
118.58,1,10:05:54.156135396
118.58,2,10:05:54.156253432
118.58,1,10:05:54.156413551
118.58,1,10:05:54.156436843
118.58,1,10:05:54.156874667
118.58,13,10:05:54.156874667
118.58,1,10:05:54.156896513
118.58,7,10:05:54.156896513
118.58,2,10:05:54.157093431
118.58,5,10:05:54.157750589
118.58,1,10:05:54.157765872
118.58,3,10:05:54.157780103
118.58,1,10:05:54.157780103
118.58,1,10:05:54.157820941
118.58,1,10:05:54.158162740
118.58,1,10:05:54.158314976
118.58,1,10:05:54.158354676
118.58,1,10:05:54.158994317
118.58,1,10:05:54.159346409
118.58,1,10:05:54.159514435
118.58,3,10:05:54.174668447
118.58,4,10:05:54.174743919
118.58,1,10:05:54.174761406
118.58,2,10:05:54.174991663
118.58,2,10:05:54.175211173
118.59,1,10:05:56.922120756
118.59,1,10:06:00.028924808
118.58,1,10:06:00.402895585
118.58,2,10:06:00.402895585
118.58,1,10:06:00.402990126
118.58,1,10:06:00.403013858
118.58,2,10:06:00.403013858
118.58,1,10:06:00.451308888
118.58,1,10:06:01.994416801
118.58,3,10:06:05.346594873
118.58,5,10:06:11.297148948
118.58,1,10:06:11.297671424
118.58,1,10:06:11.307785507
118.58,3,10:06:11.307785507
118.58,2,10:06:11.308047004
118.58,1,10:06:11.308047004
118.58,5,10:06:11.319422898
118.58,1,10:06:11.319422898
118.58,3,10:06:11.320222702
118.58,2,10:06:11.329950865
118.58,1,10:06:11.329950865
118.58,2,10:06:11.330391822
118.58,1,10:06:11.330391822
118.58,1,10:06:11.348741323
118.58,5,10:06:11.348741323
118.58,3,10:06:11.348741323
118.58,1,10:06:11.359287835
118.58,4,10:06:11.371705234
118.58,1,10:06:11.371705234
118.58,4,10:06:11.371799206
118.58,1,10:06:11.394314666
118.59,1,10:06:15.015116330
118.59,1,10:06:26.248451357
118.59,1,10:06:30.015678329
118.59,1,10:06:37.180745262
118.59,1,10:06:38.018437499
118.59,3,10:06:39.304929365
118.59,2,10:06:39.328676977
118.59,1,10:06:39.328676977
118.59,1,10:06:39.328768673
118.59,2,10:06:39.328783435
118.59,12,10:06:39.328783435
118.59,3,10:06:39.328956094
118.59,1,10:06:39.329162548
118.59,4,10:06:39.329344990
118.59,5,10:06:39.329553882
118.59,10,10:06:39.329585607
118.59,5,10:06:39.329601297
118.59,5,10:06:39.329633895
118.59,2,10:06:39.329648314
118.59,3,10:06:39.329682806
118.59,1,10:06:39.329697050
118.59,1,10:06:39.329711247
118.59,1,10:06:39.329726775
118.59,2,10:06:39.329743866
118.59,5,10:06:39.329757946
118.59,2,10:06:39.329772391
118.59,1,10:06:39.329786960
118.59,3,10:06:39.345157158
118.59,2,10:06:39.345157158
118.59,1,10:06:39.345356563
118.59,1,10:06:39.354671437
118.59,1,10:06:39.356402274
118.59,1,10:06:39.364712770
118.59,3,10:06:39.364729526
118.59,1,10:06:44.767374212
118.59,3,10:06:44.767530679
118.59,1,10:06:44.767548116
118.59,2,10:06:44.767548116
118.59,2,10:06:44.767581047
118.59,3,10:06:44.767994576
118.58,3,10:06:55.187066435
118.58,6,10:06:55.187066435
118.58,1,10:06:55.187295952
118.58,1,10:06:55.187311210
118.58,6,10:06:55.187311210
118.58,2,10:06:55.187311210
118.59,1,10:06:57.457309030
118.59,1,10:06:59.028429783
118.59,1,10:06:59.516478658
118.59,2,10:06:59.527332097
118.59,8,10:06:59.757522305
118.59,2,10:06:59.757770859
118.59,1,10:06:59.757940734
118.59,1,10:06:59.762557509
118.59,2,10:06:59.768026541
118.59,7,10:06:59.905436229
118.59,1,10:07:00.017422017
118.59,1,10:07:00.017593898
118.59,2,10:07:00.017893386
118.59,1,10:07:00.018019002
118.59,1,10:07:00.018238886
118.59,1,10:07:00.018387277
118.59,1,10:07:00.081752895
118.59,2,10:07:00.100810022
118.59,1,10:07:00.143991765
118.59,10,10:07:06.159196018
118.59,1,10:07:06.159278910
118.59,13,10:07:06.159295883
118.59,1,10:07:06.159295883
118.59,1,10:07:06.159799989
118.59,1,10:07:06.207554990
118.59,1,10:07:06.218565952
118.59,2,10:07:09.246855948
118.59,2,10:07:09.247062338
118.59,1,10:07:09.247234943
118.59,1,10:07:09.247328850
118.59,1,10:07:09.247426370
118.59,2,10:07:09.247526037
118.59,1,10:07:09.247541899
118.59,1,10:07:09.249918237
118.59,1,10:07:09.250195056
118.59,1,10:07:09.250455171
118.59,1,10:07:09.250550490
118.59,1,10:07:09.250652237
118.59,1,10:07:09.250822511
118.59,1,10:07:09.251033021
118.6,1,10:07:13.246799001
118.6,2,10:07:13.266428915
118.59,1,10:07:13.290273929
118.59,1,10:07:13.290363093
118.59,1,10:07:13.290383160
118.59,2,10:07:13.290607701
118.59,8,10:07:13.290607701
118.59,2,10:07:13.290779179
118.59,5,10:07:13.290779179
118.59,1,10:07:13.290779179
118.59,3,10:07:13.310714878
118.59,1,10:07:13.310714878
118.59,1,10:07:13.310999227
118.59,1,10:07:14.594705206
118.59,1,10:07:15.048122711
118.59,2,10:07:15.049127898
118.59,2,10:07:15.433483921
118.59,1,10:07:15.433483921
118.6,3,10:07:24.237467283
118.6,1,10:07:34.418620335
118.6,3,10:07:35.237444047
118.59,1,10:07:36.221369919
118.59,3,10:07:36.221441081
118.6,1,10:07:46.238246586
118.6,1,10:07:47.111676608
118.6,5,10:07:48.735736467
118.59,6,10:07:51.089134632
118.59,1,10:07:52.178453675
118.59,2,10:07:52.178453675
118.59,6,10:07:52.178453675
118.59,15,10:07:52.178533553
118.59,7,10:07:52.581972730
118.59,1,10:07:52.581972730
118.59,1,10:07:52.582079074
118.59,1,10:07:52.582102310
118.59,25,10:07:52.582102310
118.59,2,10:07:52.582102310
118.59,1,10:07:52.582121511
118.59,8,10:07:52.582121511
118.59,1,10:07:52.628238196
118.59,2,10:07:57.238572486
118.59,1,10:08:00.689000299
118.59,5,10:08:00.689387221
118.59,15,10:08:00.689648622
118.59,23,10:08:00.689648622
118.59,2,10:08:00.689750224
118.59,1,10:08:00.689854046
118.59,3,10:08:00.690227838
118.59,2,10:08:00.690227838
118.59,1,10:08:00.690227838
118.59,6,10:08:00.690227838
118.59,10,10:08:03.206253294
118.59,7,10:08:03.206253294
118.59,1,10:08:03.206405777
118.59,8,10:08:03.206449851
118.59,1,10:08:03.206449851
118.59,2,10:08:03.206449851
118.59,3,10:08:03.206449851
118.59,13,10:08:03.206449851
118.59,4,10:08:03.237456178
118.59,3,10:08:03.237456178
118.59,1,10:08:03.237456178
118.59,1,10:08:03.237723384
118.59,1,10:08:03.240698422
118.59,1,10:08:03.267813946
118.59,1,10:08:03.464829787
118.6,8,10:08:08.185820976
118.59,1,10:08:11.458974821
118.59,2,10:08:11.459114553
118.59,4,10:08:11.459137548
118.59,8,10:08:11.459137548
118.59,2,10:08:11.459137548
118.59,1,10:08:11.459137548
118.59,3,10:08:11.459137548
118.59,4,10:08:11.459167164
118.59,2,10:08:11.459167164
118.59,1,10:08:11.480799444
118.59,1,10:08:11.485514730
118.59,6,10:08:11.654033176
118.59,1,10:08:11.690799083
118.59,5,10:08:11.690799083
118.59,1,10:08:11.690872478
118.59,1,10:08:12.041244971
118.58,1,10:08:21.107616512
118.58,2,10:08:21.107632425
118.58,1,10:08:21.107632425
118.58,3,10:08:21.107632425
118.58,1,10:08:22.163978139
118.58,6,10:08:22.163978139
118.58,3,10:08:22.164090565
118.58,1,10:08:22.164121820
118.58,2,10:08:22.164121820
118.58,7,10:08:22.164121820
118.59,1,10:08:25.036361799
118.59,2,10:08:27.016395183
118.59,3,10:08:35.699916969
118.59,2,10:08:35.699916969
118.59,1,10:08:35.700329166
118.59,2,10:08:37.014891504
118.59,1,10:08:37.685842607
118.59,1,10:08:37.686040892
118.59,1,10:08:40.269731251
118.59,1,10:08:40.269828764
118.59,1,10:08:40.269851203
118.59,3,10:08:40.269851203
118.59,2,10:08:40.269851203
118.59,1,10:08:40.351675573
118.58,18,10:08:41.551526579
118.58,1,10:08:41.551526579
118.58,3,10:08:41.551775299
118.58,5,10:08:41.551789686
118.58,1,10:08:41.551803334
118.58,1,10:08:41.551816847
118.58,5,10:08:41.551832269
118.58,2,10:08:41.551832269
118.58,1,10:08:41.551846643
118.58,5,10:08:41.551861382
118.58,3,10:08:41.551877458
118.58,2,10:08:41.551877458
118.58,10,10:08:41.551877458
118.58,8,10:08:41.551892358
118.58,6,10:08:41.551906127
118.58,4,10:08:41.551919657
118.58,5,10:08:41.551935299
118.58,1,10:08:41.551953660
118.58,1,10:08:41.551968118
118.58,2,10:08:41.551985148
118.58,1,10:08:41.552002198
118.58,2,10:08:41.552022930
118.58,2,10:08:41.552041910
118.58,2,10:08:41.553003914
118.58,1,10:08:41.553205982
118.58,6,10:08:41.553375470
118.58,1,10:08:41.567962749
118.58,1,10:08:41.568056849
118.58,1,10:08:41.568740513
118.58,1,10:08:41.582869187
118.58,1,10:08:41.583160256
118.58,1,10:08:47.668735443
118.58,1,10:08:47.909176601
118.58,4,10:08:47.909176601
118.58,5,10:08:47.925013931
118.58,5,10:08:47.940293389
118.58,5,10:08:47.955595045
118.58,5,10:08:47.971129597
118.58,5,10:08:47.988711844
118.58,5,10:08:48.004814488
118.58,5,10:08:48.027105706
118.58,5,10:08:48.047789094
118.58,5,10:08:48.071159143
118.58,5,10:08:48.097129683
118.58,5,10:08:48.123429046
118.58,5,10:08:48.141378998
118.58,5,10:08:48.160915947
118.58,5,10:08:48.177629442
118.58,5,10:08:48.194943497
118.58,5,10:08:48.212973241
118.58,5,10:08:48.231101484
118.58,5,10:08:48.254387879
118.58,1,10:08:48.272895361
118.58,4,10:08:48.272895361
118.58,1,10:08:48.273139643
118.57,1,10:08:51.105777212
118.57,3,10:08:51.105888549
118.57,2,10:08:51.105913592
118.57,1,10:08:51.105913592
118.57,3,10:08:51.105913592
118.57,1,10:08:51.582463255
118.57,2,10:08:51.582616596
118.57,2,10:08:51.582631371
118.57,1,10:08:51.582631371
118.57,8,10:08:51.582645034
118.57,1,10:08:51.582660257
118.57,1,10:08:51.582676058
118.57,3,10:08:51.582690417
118.57,3,10:08:51.582706468
118.57,1,10:08:51.763799298
118.57,4,10:08:51.912434162
118.56,10,10:08:52.200352720
118.56,5,10:08:52.200352720
118.56,1,10:08:52.200414490
118.57,5,10:08:52.877283701
118.57,6,10:08:52.877283701
118.57,2,10:08:52.877394156
118.57,4,10:08:52.877410499
118.57,1,10:08:52.877410499
118.57,3,10:08:52.877410499
118.57,1,10:08:52.877437026
118.57,5,10:08:52.877437026
118.57,3,10:08:52.877437026
118.57,10,10:08:52.877437026
118.57,1,10:08:52.878084389
118.57,1,10:08:52.879062792
118.57,1,10:08:52.879080168
118.57,10,10:08:53.120160497
118.57,1,10:08:53.120244212
118.57,2,10:08:53.165377552
118.57,3,10:08:53.165462804
118.57,3,10:08:53.165481502
118.57,1,10:08:53.304219965
118.58,1,10:08:57.183340198
118.58,1,10:09:01.197056718
118.57,2,10:09:06.808384330
118.57,1,10:09:06.808546201
118.57,1,10:09:06.808559772
118.57,1,10:09:06.808575620
118.57,11,10:09:06.808575620
118.57,2,10:09:06.808575620
118.57,3,10:09:06.808575620
118.57,1,10:09:06.808590768
118.57,2,10:09:06.808590768
118.57,9,10:09:06.808590768
118.57,5,10:09:06.808611431
118.57,1,10:09:06.808611431
118.57,2,10:09:06.819168886
118.57,1,10:09:06.819368505
118.57,3,10:09:06.850132943
118.57,1,10:09:06.850132943
118.57,1,10:09:06.972697914
118.57,1,10:09:07.371760618
118.57,3,10:09:07.371850052
118.57,1,10:09:07.371850052
118.56,2,10:09:16.097816767
118.56,1,10:09:16.097816767
118.56,3,10:09:16.097930360
118.56,2,10:09:16.097930360
118.56,8,10:09:16.097930360
118.56,2,10:09:16.098063269
118.56,4,10:09:16.098063269
118.56,1,10:09:16.098063269
118.56,5,10:09:16.098063269
118.56,1,10:09:16.098612430
118.56,3,10:09:16.098612430
118.56,2,10:09:16.098612430
118.56,8,10:09:16.098792420
118.56,2,10:09:16.098806573
118.56,2,10:09:16.098820628
118.56,1,10:09:16.098839748
118.56,1,10:09:16.098858695
118.56,2,10:09:16.099921218
118.56,1,10:09:16.099992862
118.56,3,10:09:16.100205982
118.56,3,10:09:16.100236152
118.56,1,10:09:16.100636932
118.56,1,10:09:16.127449662
118.56,1,10:09:16.127654689
118.56,3,10:09:16.127934324
118.56,3,10:09:16.191248250
118.56,4,10:09:20.047769244
118.56,1,10:09:20.047863326
118.56,1,10:09:20.048246952
118.56,2,10:09:20.048246952
118.56,1,10:09:20.048363560
118.56,3,10:09:20.048591508
118.56,2,10:09:20.048591508
118.56,1,10:09:20.048591508
118.56,4,10:09:20.048591508
118.56,5,10:09:20.048591508
118.56,2,10:09:20.048750932
118.56,10,10:09:20.048854221
118.56,3,10:09:20.048854221
118.56,1,10:09:20.049037185
118.56,3,10:09:20.049145406
118.56,1,10:09:20.049162375
118.56,1,10:09:20.049266820
118.56,1,10:09:20.049283448
118.56,1,10:09:20.072052778
118.56,1,10:09:20.221346812
118.56,3,10:09:20.294610222
118.56,1,10:09:20.294610222
118.56,1,10:09:20.294786801
118.56,6,10:09:20.294802401
118.56,3,10:09:20.294802401
118.56,1,10:09:20.294818033
118.56,2,10:09:20.294831809
118.55,1,10:09:21.072461659
118.55,9,10:09:21.072526228
118.56,5,10:09:21.188500611
118.56,5,10:09:21.224064950
118.56,2,10:09:21.224162751
118.56,1,10:09:21.224183193
118.56,1,10:09:21.260777467
118.56,1,10:09:21.260873252
118.56,4,10:09:21.260889985
118.56,10,10:09:21.260889985
118.56,1,10:09:21.260889985
118.56,1,10:09:21.283279835
118.56,2,10:09:21.294071091
118.56,1,10:09:26.045189204
118.56,2,10:09:26.045189204
118.56,5,10:09:26.045374900
118.56,1,10:09:26.045390324
118.56,2,10:09:26.045390324
118.56,1,10:09:26.045404065
118.56,1,10:09:26.045418856
118.56,1,10:09:26.045435421
118.56,13,10:09:26.045435421
118.56,1,10:09:26.056016301
118.56,1,10:09:26.086575429
118.56,2,10:09:26.097400568
118.56,2,10:09:26.108284921
118.56,2,10:09:26.119091900
118.56,1,10:09:26.133593594
118.56,1,10:09:26.135263321
118.56,1,10:09:26.406162011
118.56,2,10:09:26.406162011
118.56,2,10:09:26.406244815
118.56,6,10:09:26.406244815
118.56,1,10:09:26.434280964
118.56,1,10:09:26.460121842
118.56,1,10:09:27.064894005
118.56,1,10:09:27.064913311
118.56,1,10:09:27.075554510
118.56,1,10:09:27.097296311
118.56,1,10:09:27.322050045
118.57,1,10:09:27.435536299
118.57,2,10:09:37.015970626
118.56,1,10:09:44.332539179
118.56,2,10:09:44.332567249
118.56,5,10:09:44.333064698
118.56,2,10:09:44.333084913
118.56,4,10:09:44.333111355
118.56,1,10:09:44.334022087
118.56,1,10:09:44.334038109
118.56,1,10:09:44.334089306
118.56,1,10:09:44.334116768
118.56,2,10:09:44.334211322
118.56,3,10:09:44.334234035
118.56,3,10:09:44.334250170
118.56,1,10:09:44.343620672
118.56,10,10:09:44.343634125
118.56,1,10:09:44.343715737
118.56,2,10:09:44.343715737
118.57,1,10:09:50.033281499
118.56,7,10:09:51.083817349
118.56,3,10:09:51.083817349
118.57,1,10:09:51.586543791
118.57,1,10:09:51.586670822
118.57,1,10:09:51.587091270
118.57,8,10:09:51.587091270
118.57,2,10:09:51.587341196
118.57,1,10:09:51.587355484
118.57,2,10:09:51.587355484
118.57,3,10:09:51.587355484
118.57,1,10:09:51.587369890
118.57,19,10:09:51.587369890
118.57,1,10:09:51.587389865
118.57,2,10:09:51.587389865
118.57,1,10:09:51.588285413
118.57,1,10:09:51.588478891
118.57,2,10:09:51.588496600
118.57,1,10:09:51.588658415
118.57,1,10:09:51.588785266
118.57,1,10:09:51.588925307
118.57,1,10:09:51.634026667
118.56,1,10:09:55.663578343
118.56,2,10:09:55.663667422
118.56,4,10:09:55.663682001
118.57,4,10:09:56.504403075
118.57,3,10:09:56.504416729
118.57,3,10:09:56.504507625
118.57,1,10:09:56.504525644
118.57,7,10:09:56.504525644
118.57,1,10:09:56.619884696
118.57,3,10:10:00.014726797
118.57,2,10:10:00.014810074
118.57,5,10:10:00.015151028
118.57,1,10:10:00.015151028
118.57,1,10:10:00.015255969
118.57,1,10:10:00.015421117
118.57,1,10:10:00.015978579
118.57,2,10:10:00.015978579
118.57,1,10:10:00.016125680
118.57,1,10:10:05.682777186
118.57,6,10:10:05.682817503
118.57,1,10:10:05.682817503
118.57,1,10:10:05.683394993
118.58,1,10:10:07.014995498
118.57,1,10:10:11.010624376
118.57,1,10:10:11.010729283
118.57,3,10:10:11.010757427
118.57,1,10:10:11.010757427
118.57,2,10:10:11.011059431
118.57,1,10:10:11.011059431
118.57,1,10:10:11.011192164
118.57,1,10:10:11.011206455
118.57,2,10:10:11.011226295
118.57,1,10:10:11.057093678
118.57,1,10:10:11.057261812
118.57,1,10:10:11.057459159
118.57,1,10:10:11.059522304
118.57,2,10:10:11.063213581
118.57,3,10:10:11.213039990
118.57,5,10:10:11.213039990
118.57,1,10:10:11.213039990
118.57,1,10:10:11.221506227
118.57,1,10:10:11.221522540
118.57,2,10:10:11.221522540
118.57,1,10:10:11.259478656
118.57,2,10:10:11.280189575
118.57,1,10:10:11.285008238
118.57,3,10:10:11.293871378
118.57,2,10:10:11.325977695
118.56,9,10:10:17.084986478
118.56,1,10:10:17.085170775
118.56,1,10:10:17.085186433
118.56,1,10:10:17.085201661
118.56,5,10:10:17.085201661
118.56,1,10:10:17.085216666
118.56,2,10:10:17.085216666
118.56,10,10:10:17.085231254
118.56,1,10:10:17.085246115
118.56,3,10:10:17.085246115
118.56,5,10:10:17.085246115
118.56,3,10:10:17.085259757
118.56,12,10:10:17.085392529
118.56,2,10:10:17.085413771
118.56,3,10:10:17.085433015
118.56,1,10:10:17.085458571
118.56,1,10:10:17.085478779
118.56,1,10:10:17.085500731
118.56,2,10:10:17.085519095
118.56,5,10:10:17.085540977
118.56,7,10:10:17.085557134
118.56,1,10:10:17.085576001
118.56,4,10:10:17.085592084
118.56,2,10:10:17.085607386
118.56,2,10:10:17.085623626
118.56,1,10:10:17.085645194
118.56,10,10:10:17.085661713
118.56,3,10:10:17.085684497
118.56,1,10:10:17.086237297
118.57,3,10:10:17.139352984
118.57,2,10:10:17.142498252
118.57,3,10:10:17.145181114
118.57,4,10:10:17.148358104
118.56,1,10:10:17.155085459
118.56,1,10:10:17.155164735
118.56,1,10:10:17.155179449
118.57,2,10:10:17.187670501
118.57,2,10:10:17.229682013
118.56,7,10:10:21.080964814
118.56,1,10:10:21.080964814
118.56,1,10:10:21.081068888
118.56,3,10:10:21.081093163
118.56,2,10:10:21.081093163
118.56,1,10:10:21.081093163
118.56,1,10:10:22.187363469
118.57,2,10:10:27.015770485
118.57,2,10:10:29.066073920
118.57,11,10:10:29.066623454
118.57,3,10:10:29.066623454
118.57,1,10:10:29.066759507
118.57,10,10:10:29.066832617
118.57,18,10:10:29.066968063
118.57,11,10:10:29.066968063
118.57,3,10:10:29.067079308
118.57,2,10:10:29.067096837
118.57,3,10:10:29.067247023
118.57,5,10:10:29.067263535
118.57,2,10:10:29.068547617
118.57,1,10:10:29.068547617
118.57,1,10:10:29.068650941
118.57,1,10:10:29.068672321
118.57,2,10:10:29.147606893
118.57,3,10:10:29.147606893
118.57,4,10:10:29.147709475
118.57,2,10:10:29.147726189
118.57,3,10:10:29.147726189
118.58,2,10:10:29.164578574
118.58,2,10:10:29.165737629
118.57,5,10:10:29.166240483
118.57,2,10:10:29.166848950
118.57,2,10:10:29.214703307
118.57,2,10:10:29.215172910
118.57,3,10:10:29.216779114
118.57,1,10:10:29.945827153
118.57,1,10:10:29.946176466
118.57,2,10:10:31.424074580
118.57,1,10:10:31.424074580
118.57,4,10:10:31.424384263
118.57,1,10:10:31.424494900
118.57,2,10:10:31.511518464
118.57,2,10:10:31.574707431
118.57,1,10:10:32.108850947
118.57,1,10:10:32.108864736
118.57,2,10:10:32.108880451
118.57,3,10:10:32.108880451
118.57,3,10:10:32.108893049
118.57,1,10:10:32.108907728
118.57,3,10:10:32.108921849
118.57,2,10:10:32.108941510
118.57,10,10:10:32.625653713
118.57,1,10:10:32.625653713
118.57,2,10:10:32.625653713
118.57,2,10:10:33.030073717
118.57,5,10:10:33.030073717
118.57,5,10:10:33.322759853
118.57,5,10:10:33.376800234
118.57,2,10:10:33.376800234
118.57,2,10:10:33.426684583
118.57,5,10:10:33.426684583
118.57,3,10:10:33.437612528
118.57,2,10:10:33.476924590
118.57,2,10:10:33.527170913
118.57,5,10:10:33.527170913
118.57,5,10:10:33.577486677
118.57,3,10:10:33.627627904
118.57,5,10:10:33.627627904
118.57,5,10:10:33.638757543
118.57,5,10:10:33.650411162
118.57,1,10:10:33.661160087
118.57,3,10:10:33.661546493
118.57,2,10:10:33.703578787
118.57,2,10:10:33.727801439
118.57,3,10:10:35.072673598
118.57,5,10:10:40.069496876
118.57,1,10:10:40.069496876
118.57,3,10:10:40.138430807
118.57,3,10:10:40.573741613
118.57,1,10:10:40.573969902
118.57,2,10:10:40.573969902
118.57,1,10:10:40.574068699
118.57,1,10:10:40.583142987
118.57,1,10:10:40.621384257
118.57,6,10:10:42.931486012
118.57,1,10:10:45.706832663
118.57,2,10:10:47.015553966
118.57,1,10:10:49.856156878
118.56,1,10:10:51.182712334
118.56,3,10:10:51.182841486
118.56,1,10:10:51.182864312
118.56,5,10:10:51.182864312
118.56,2,10:10:51.182864312
118.56,2,10:10:51.182879358
118.57,1,10:10:51.270319202
118.57,1,10:10:51.270411779
118.57,2,10:10:51.270426851
118.57,1,10:10:51.270426851
118.56,5,10:10:55.064221535
118.56,2,10:10:55.064393163
118.56,2,10:10:55.064408594
118.56,2,10:10:55.064422994
118.56,1,10:10:55.064438072
118.56,5,10:10:55.064452674
118.56,1,10:10:55.064452674
118.56,2,10:10:55.064467982
118.56,3,10:10:55.064467982
118.56,1,10:10:55.064481896
118.56,10,10:10:55.064630584
118.56,9,10:10:55.064654270
118.56,5,10:10:55.064674673
118.56,1,10:10:55.064697685
118.56,2,10:10:55.109633910
118.56,2,10:10:55.111562372
118.56,2,10:10:55.115956856
118.56,2,10:10:55.118376976
118.56,1,10:10:55.121484954
118.56,2,10:10:55.265647360
118.56,2,10:10:55.276390162
118.56,5,10:10:55.385946089
118.56,1,10:10:56.949277696
118.56,10,10:10:58.991120123
118.56,1,10:10:58.991766173
118.56,1,10:10:58.991948583
118.56,1,10:10:59.012295767
118.56,5,10:10:59.012623442
118.56,1,10:10:59.012865897
118.56,1,10:10:59.012962691
118.56,1,10:10:59.013160160
118.56,1,10:10:59.035385257
118.56,8,10:10:59.036311359
118.56,1,10:10:59.036516832
118.56,1,10:10:59.037197116
118.56,1,10:10:59.037557087
118.56,5,10:10:59.080112597
118.57,1,10:11:07.015518343
118.56,3,10:11:08.008322488
118.56,1,10:11:08.008322488
118.56,2,10:11:08.008450792
118.56,5,10:11:08.008501257
118.56,2,10:11:08.008501257
118.56,1,10:11:08.008501257
118.56,2,10:11:08.052685735
118.56,1,10:11:08.054159360
118.56,2,10:11:08.054159360
118.56,1,10:11:08.054450118
118.56,1,10:11:09.861170211
118.56,2,10:11:13.344935937
118.56,1,10:11:13.344935937
118.56,1,10:11:13.345016103
118.56,1,10:11:13.345109230
118.56,2,10:11:13.394688854
118.56,4,10:11:13.510006721
118.56,1,10:11:13.510209080
118.56,8,10:11:17.076935952
118.56,8,10:11:17.077389817
118.56,1,10:11:17.077389817
118.56,2,10:11:17.077489734
118.56,4,10:11:17.077508733
118.56,2,10:11:17.099865782
118.56,2,10:11:17.100041024
118.55,1,10:11:20.041285255
118.56,2,10:11:20.041651863
118.56,1,10:11:20.041902358
118.56,3,10:11:20.042031737
118.56,1,10:11:20.042031737
118.56,4,10:11:20.042031737
118.56,2,10:11:20.042233832
118.56,1,10:11:20.065180069
118.56,1,10:11:20.065195774
118.56,8,10:11:21.084397504
118.56,2,10:11:21.084397504
118.56,1,10:11:21.084397504
118.56,1,10:11:21.084475680
118.57,1,10:11:21.128625244
118.57,2,10:11:21.128625244
118.57,1,10:11:23.029295924
118.57,5,10:11:23.595483377
118.57,3,10:11:23.595483377
118.57,10,10:11:23.595645863
118.57,1,10:11:23.595670990
118.57,2,10:11:23.595670990
118.57,10,10:11:23.595670990
118.57,3,10:11:23.595670990
118.57,8,10:11:23.595684372
118.58,3,10:11:23.681654594
118.58,1,10:11:23.683453252
118.58,1,10:11:23.687606859
118.58,2,10:11:23.687606859
118.58,1,10:11:23.692535696
118.58,2,10:11:23.722693944
118.58,4,10:11:28.734235177
118.58,3,10:11:28.734442050
118.58,6,10:11:28.734464376
118.58,1,10:11:28.734479829
118.58,1,10:11:28.734505736
118.58,1,10:11:28.734519820
118.58,2,10:11:28.734537768
118.58,1,10:11:28.734551298
118.58,2,10:11:28.734566808
118.58,6,10:11:28.734580220
118.58,1,10:11:28.734608920
118.58,8,10:11:28.734638943
118.58,4,10:11:28.734654581
118.58,1,10:11:28.734771513
118.58,1,10:11:28.735571621
118.58,1,10:11:28.735584696
118.58,1,10:11:28.735598926
118.58,1,10:11:28.735613739
118.58,4,10:11:28.735663365
118.58,1,10:11:28.735694059
118.58,1,10:11:28.735712526
118.58,3,10:11:28.736035978
118.58,2,10:11:28.736331928
118.58,1,10:11:28.736351294
118.58,2,10:11:28.736566711
118.58,2,10:11:28.785592334
118.58,1,10:11:28.785592334
118.58,2,10:11:28.785736511
118.58,1,10:11:28.786649211
118.58,2,10:11:28.787192228
118.58,1,10:11:28.788339866
118.58,2,10:11:28.790937230
118.58,2,10:11:28.829837926
118.58,2,10:11:28.833537163
118.58,1,10:11:28.856608983
118.58,2,10:11:28.904741794
118.58,1,10:11:28.904741794
118.58,1,10:11:28.904828729
118.58,1,10:11:28.904847404
118.58,10,10:11:28.904847404
118.57,1,10:11:32.516882447
118.57,3,10:11:32.516981148
118.57,1,10:11:32.517003664
118.57,10,10:11:32.517003664
118.57,2,10:11:32.517003664
118.57,5,10:11:32.517307087
118.57,2,10:11:32.517307087
118.57,2,10:11:32.517610030
118.57,1,10:11:32.517610030
118.57,1,10:11:32.517737845
118.57,2,10:11:32.517737845
118.57,5,10:11:32.517913838
118.57,2,10:11:32.517913838
118.57,2,10:11:32.518064872
118.57,1,10:11:32.518078888
118.57,1,10:11:32.518111781
118.58,3,10:11:32.566857370
118.58,2,10:11:32.570346024
118.57,1,10:11:38.397116808
118.57,2,10:11:50.097369708
118.57,2,10:11:50.097530027
118.57,2,10:11:50.097544859
118.57,1,10:11:50.097544859
118.57,1,10:11:50.097563436
118.57,2,10:11:50.097563436
118.57,10,10:11:50.097584897
118.57,4,10:11:50.097584897
118.57,1,10:11:50.126443454
118.57,1,10:11:50.126891025
118.57,2,10:11:50.142371466
118.57,2,10:11:50.144337967
118.57,3,10:11:50.147802931
118.56,3,10:11:51.082802098
118.56,2,10:11:51.082802098
118.56,1,10:11:51.082802098
118.56,1,10:11:51.082884315
118.56,1,10:11:51.082899065
118.56,6,10:11:51.082899065
118.56,1,10:11:52.192899158
118.56,9,10:11:52.192899158
118.56,4,10:11:52.192899158
118.56,1,10:11:52.193001840
118.57,1,10:11:56.887488600
118.57,9,10:11:56.887919534
118.57,2,10:11:56.887939438
118.57,4,10:11:56.887939438
118.57,1,10:11:56.887939438
118.56,5,10:11:59.924006737
118.56,10,10:11:59.924006737
118.56,4,10:11:59.924191470
118.56,1,10:11:59.924205969
118.56,4,10:11:59.924205969
118.56,4,10:11:59.924221271
118.56,7,10:11:59.924221271
118.56,2,10:11:59.924221271
118.56,2,10:11:59.924236756
118.56,1,10:11:59.924236756
118.56,6,10:11:59.924254392
118.56,1,10:11:59.924254392
118.57,2,10:11:59.972597261
118.57,2,10:11:59.975760512
118.57,2,10:11:59.978308993
118.57,2,10:12:00.016813138
118.57,3,10:12:00.518041054
118.57,4,10:12:00.518041054
118.57,1,10:12:00.518041054
118.57,17,10:12:00.518041054
118.57,1,10:12:00.564636981
118.57,3,10:12:00.565177012
118.57,1,10:12:00.565177012
118.57,2,10:12:00.611693730
118.57,1,10:12:07.786944521
118.57,19,10:12:07.786944521
118.57,5,10:12:07.834797240
118.56,2,10:12:21.104090806
118.56,3,10:12:21.104090806
118.56,1,10:12:21.104185453
118.56,3,10:12:21.104204922
118.56,2,10:12:21.104204922
118.56,1,10:12:21.104204922
118.56,8,10:12:21.104204922
118.56,1,10:12:21.104701200
118.56,5,10:12:21.104701200
118.56,1,10:12:21.104998578
118.56,1,10:12:21.105025913
118.56,2,10:12:21.105025913
118.56,3,10:12:21.105044318
118.56,5,10:12:21.105044318
118.56,1,10:12:21.105044318
118.56,2,10:12:21.105343936
118.56,1,10:12:21.105366102
118.56,2,10:12:21.105383475
118.56,4,10:12:21.105397344
118.56,1,10:12:21.105397344
118.56,1,10:12:21.105414275
118.56,1,10:12:21.105446470
118.57,1,10:12:21.161991015
118.57,2,10:12:21.165930680
118.56,3,10:12:22.195732157
118.56,1,10:12:22.195837177
118.56,1,10:12:22.195852541
118.56,4,10:12:22.195852541
118.57,2,10:12:22.239414572
118.56,2,10:12:27.586336691
118.56,2,10:12:27.586481849
118.56,1,10:12:27.586495897
118.56,1,10:12:27.586510579
118.56,2,10:12:27.586510579
118.56,1,10:12:27.586525823
118.56,5,10:12:27.586525823
118.56,3,10:12:27.586539839
118.56,2,10:12:27.586555484
118.56,1,10:12:27.586555484
118.56,1,10:12:27.586573408
118.56,2,10:12:27.629957110
118.56,1,10:12:27.630298636
118.56,16,10:12:27.630385340
118.56,2,10:12:27.631057228
118.56,2,10:12:27.633948221
118.56,1,10:12:27.651644538
118.56,1,10:12:27.729336304
118.56,1,10:12:27.765135267
118.56,1,10:12:28.429153452
118.56,1,10:12:28.429410991
118.56,1,10:12:28.429613295
118.56,2,10:12:28.429613295
118.56,1,10:12:28.430455259
118.56,1,10:12:28.450909127
118.56,2,10:12:28.471826822
118.56,1,10:12:29.821129819
118.56,2,10:12:29.821129819
118.56,2,10:12:33.739444950
118.56,1,10:12:33.739561322
118.56,4,10:12:33.739576627
118.56,1,10:12:33.739576627
118.56,2,10:12:33.739594371
118.56,1,10:12:33.739731120
118.56,2,10:12:33.740402790
118.56,7,10:12:33.740417330
118.56,8,10:12:35.426512909
118.56,2,10:12:35.426685053
118.56,1,10:12:35.426698572
118.56,2,10:12:35.426714133
118.56,1,10:12:35.426714133
118.56,2,10:12:35.426733487
118.56,3,10:12:35.426936918
118.56,1,10:12:35.427328821
118.56,2,10:12:37.569554736
118.56,1,10:12:37.569654393
118.56,1,10:12:37.569678346
118.56,3,10:12:37.569678346
118.56,1,10:12:42.135562705
118.56,3,10:12:42.135945406
118.56,2,10:12:42.135945406
118.56,1,10:12:42.136256004
118.56,6,10:12:42.136256004
118.56,2,10:12:42.136256004
118.56,1,10:12:42.179850140
118.56,1,10:12:42.181842130
118.56,1,10:12:42.181935499
118.56,1,10:12:42.185368115
118.55,5,10:12:51.081258196
118.55,4,10:12:51.081258196
118.55,1,10:12:51.081334878
118.56,4,10:12:51.124151894
118.56,1,10:12:51.124151894
118.56,1,10:12:51.124251229
118.56,2,10:12:51.124251229
118.55,1,10:12:52.182710772
118.55,3,10:12:52.182830385
118.55,1,10:12:52.182849697
118.55,2,10:12:52.182849697
118.55,4,10:12:52.182849697
118.55,3,10:12:52.182863656
118.56,2,10:12:52.227370688
118.56,2,10:12:52.997293414
118.56,1,10:12:55.412930016
118.56,3,10:12:55.413022429
118.56,3,10:12:55.413038483
118.56,1,10:12:55.413038483
118.56,1,10:12:55.454264823
118.56,1,10:12:55.454327162
118.56,1,10:12:55.496013863
118.56,4,10:12:55.496028388
118.56,1,10:12:55.496256042
118.56,1,10:12:55.496272443
118.56,2,10:12:55.517908270
118.56,1,10:12:57.084162624
118.56,1,10:12:57.129569616
118.56,3,10:13:00.193486172
118.56,1,10:13:00.193486172
118.56,3,10:13:00.193579094
118.56,1,10:13:00.193579094
118.56,6,10:13:00.193843122
118.56,1,10:13:00.193962415
118.56,3,10:13:00.194535435
118.56,2,10:13:00.236135817
118.56,1,10:13:00.236405688
118.56,1,10:13:00.236484859
118.56,2,10:13:00.236813749
118.56,1,10:13:00.237394584
118.56,2,10:13:00.237671534
118.56,1,10:13:00.239433312
118.56,2,10:13:00.277928345
118.56,2,10:13:01.192990188
118.56,1,10:13:01.193004533
118.56,2,10:13:01.193076527
118.56,1,10:13:03.996499770
118.56,1,10:13:03.996587588
118.56,2,10:13:03.996845312
118.56,1,10:13:03.997075913
118.56,6,10:13:03.997173314
118.56,3,10:13:03.997187500
118.56,1,10:13:04.079952359
118.56,5,10:13:04.079952359
118.56,2,10:13:04.079952359
118.56,4,10:13:04.080241570
118.56,1,10:13:04.080241570
118.56,6,10:13:04.130768122
118.57,3,10:13:04.173913063
118.57,4,10:13:10.498010653
118.57,5,10:13:10.498010653
118.57,1,10:13:10.498010653
118.57,1,10:13:10.498772969
118.57,1,10:13:10.521412017
118.57,1,10:13:10.525545546
118.57,1,10:13:10.554997808
118.57,2,10:13:10.556262188
118.56,2,10:13:10.960766670
118.56,1,10:13:10.960766670
118.56,2,10:13:10.960958375
118.56,2,10:13:10.960972651
118.56,4,10:13:10.960987559
118.56,1,10:13:10.960987559
118.56,2,10:13:10.961001767
118.56,1,10:13:10.961016667
118.56,2,10:13:10.961016667
118.56,1,10:13:10.961036228
118.56,2,10:13:10.961036228
118.56,2,10:13:10.961055041
118.56,3,10:13:10.961310932
118.56,3,10:13:10.961324333
118.56,1,10:13:10.961338967
118.56,2,10:13:10.961338967
118.56,11,10:13:10.961354075
118.56,5,10:13:10.961354075
118.56,10,10:13:10.961367729
118.56,12,10:13:10.961381194
118.56,3,10:13:10.961394858
118.56,2,10:13:10.961413863
118.56,2,10:13:10.961427469
118.56,2,10:13:10.961441165
118.56,7,10:13:10.961480791
118.56,2,10:13:10.972908095
118.56,1,10:13:10.972908095
118.56,3,10:13:10.986108745
118.56,1,10:13:10.986108745
118.56,4,10:13:10.986669584
118.56,1,10:13:10.986911362
118.56,2,10:13:10.987396191
118.56,1,10:13:10.987652143
118.56,1,10:13:10.999163063
118.56,3,10:13:10.999239836
118.57,2,10:13:11.004808055
118.57,2,10:13:11.007990219
118.56,2,10:13:11.011411947
118.56,3,10:13:11.011411947
118.56,5,10:13:11.011514857
118.56,1,10:13:11.011514857
118.56,3,10:13:11.011530888
118.56,2,10:13:11.013773360
118.56,2,10:13:11.014576966
118.56,2,10:13:11.015416166
118.57,2,10:13:11.017397496
118.57,3,10:13:11.019906121
118.57,2,10:13:11.023948160
118.57,2,10:13:11.032404196
118.57,2,10:13:11.034936322
118.56,1,10:13:11.045909889
118.56,2,10:13:11.045909889
118.57,7,10:13:11.058198207
118.56,3,10:13:11.059933853
118.56,2,10:13:11.059933853
118.57,1,10:13:11.064466983
118.57,24,10:13:19.699282303
118.57,2,10:13:19.699282303
118.57,1,10:13:19.699282303
118.57,6,10:13:19.699407618
118.57,1,10:13:19.699443785
118.57,2,10:13:19.713240918
118.57,5,10:13:19.713240918
118.57,3,10:13:19.713240918
118.57,1,10:13:19.713240918
118.57,5,10:13:19.745416208
118.57,1,10:13:19.746547484
118.57,1,10:13:19.749118160
118.57,2,10:13:19.750912300
118.57,1,10:13:19.751351273
118.57,6,10:13:19.751462892
118.57,7,10:13:19.751462892
118.58,2,10:13:19.754350362
118.57,1,10:13:19.772770643
118.57,1,10:13:19.772785772
118.57,2,10:13:19.789279410
118.57,3,10:13:19.793973080
118.57,1,10:13:19.795029192
118.57,2,10:13:21.346162726
118.57,5,10:13:24.568399100
118.57,3,10:13:24.568399100
118.57,2,10:13:24.568458473
118.57,1,10:13:24.568801756
118.57,2,10:13:25.996359430
118.57,2,10:13:36.997058895
118.56,1,10:13:38.808995586
118.56,1,10:13:38.809113179
118.56,1,10:13:38.809135118
118.56,2,10:13:38.809135118
118.56,4,10:13:38.809135118
118.56,3,10:13:38.809149455
118.57,2,10:13:38.857219178
118.57,2,10:13:38.857394141
118.57,2,10:13:47.996977801
118.57,1,10:13:47.997426144
118.57,1,10:13:48.627484043
118.57,5,10:13:49.859779164
118.57,5,10:13:49.860103727
118.57,4,10:13:49.860103727
118.57,3,10:13:49.860302341
118.57,1,10:13:49.860481746
118.57,3,10:13:49.860646527
118.57,1,10:13:49.860735095
118.57,1,10:13:49.904305378
118.57,2,10:13:49.905610123
118.57,2,10:13:49.945576283
118.56,1,10:13:51.078400513
118.56,12,10:13:51.078415466
118.57,4,10:13:51.121598182
118.56,7,10:13:52.206493890
118.57,2,10:13:52.251077946
118.57,1,10:13:57.015011033
118.57,1,10:13:57.119489137
118.57,9,10:14:01.238572546
118.57,3,10:14:01.238572546
118.57,2,10:14:01.238652834
118.57,3,10:14:01.284646456
118.57,3,10:14:07.016285540
118.57,2,10:14:07.061867271
118.57,5,10:14:08.273140216
118.57,1,10:14:08.273140216
118.57,3,10:14:08.273222453
118.57,1,10:14:08.273640203
118.57,1,10:14:08.312628117
118.57,15,10:14:08.312714467
118.57,1,10:14:08.312730570
118.57,3,10:14:08.312730570
118.57,2,10:14:08.339470651
118.57,1,10:14:08.349616486
118.57,10,10:14:08.349616486
118.57,1,10:14:08.349710727
118.57,1,10:14:08.349726554
118.58,2,10:14:08.386432650
118.58,2,10:14:08.392507187
118.58,1,10:14:08.392507187
118.58,1,10:14:08.395778817
118.58,1,10:14:08.395841805
118.57,5,10:14:08.408556072
118.57,1,10:14:08.408556072
118.57,2,10:14:08.408747358
118.57,2,10:14:08.408761662
118.57,10,10:14:08.408776104
118.57,5,10:14:08.408791605
118.57,7,10:14:08.408791605
118.57,9,10:14:08.408806379
118.57,1,10:14:08.408806379
118.57,3,10:14:08.408820884
118.57,1,10:14:08.408836001
118.57,4,10:14:08.408836001
118.57,7,10:14:08.408836001
118.57,1,10:14:08.408850270
118.57,3,10:14:08.408864196
118.57,1,10:14:08.408878862
118.57,7,10:14:08.408897653
118.57,1,10:14:08.408897653
118.57,2,10:14:08.467048208
118.57,1,10:14:08.467225910
118.57,1,10:14:08.467245228
118.57,2,10:14:08.467245228
118.57,3,10:14:08.467245228
118.57,4,10:14:08.467245228
118.57,1,10:14:08.467267478
118.58,1,10:14:08.467267478
118.58,2,10:14:08.469497869
118.58,2,10:14:08.509379496
118.58,2,10:14:08.514241141
118.58,4,10:14:08.877455763
118.58,2,10:14:08.877469762
118.58,2,10:14:08.877484783
118.58,5,10:14:08.877499987
118.58,1,10:14:08.877499987
118.58,2,10:14:08.877514531
118.58,1,10:14:08.877514531
118.58,1,10:14:08.877528482
118.58,1,10:14:08.877543721
118.58,7,10:14:08.877565708
118.59,1,10:14:12.061211839
118.59,1,10:14:12.061548618
118.59,1,10:14:12.061623134
118.59,1,10:14:13.022243071
118.59,2,10:14:17.016249526
118.59,2,10:14:17.062420735
118.59,1,10:14:19.997484524
118.59,9,10:14:19.997484524
118.59,1,10:14:19.997568975
118.59,1,10:14:19.997588050
118.59,4,10:14:19.997588050
118.59,1,10:14:19.997932753
118.59,1,10:14:20.035942739
118.59,2,10:14:20.035942739
118.59,1,10:14:20.036235184
118.6,2,10:14:20.115769110
118.6,2,10:14:20.129362758
118.6,1,10:14:24.942624567
118.6,2,10:14:24.987443192
118.6,2,10:14:27.016074181
118.6,1,10:14:31.033125518
118.6,1,10:14:33.024432984
118.6,2,10:14:37.016114813
118.59,1,10:14:37.967120042
118.59,3,10:14:37.967120042
118.59,1,10:14:37.967188035
118.6,1,10:14:38.335675983
118.6,1,10:14:43.774914755
118.6,3,10:14:43.774914755
118.6,1,10:14:43.774995543
118.6,1,10:14:47.016328157
118.6,1,10:14:47.016394230
118.6,1,10:14:47.057482009
118.6,1,10:14:48.003982684
118.59,1,10:14:51.095322125
118.59,1,10:14:51.095424032
118.59,1,10:14:51.095451068
118.59,2,10:14:51.095451068
118.59,5,10:14:51.106646734
118.59,5,10:14:51.120326113
118.6,2,10:14:51.139444637
118.59,2,10:14:52.184328615
118.59,1,10:14:52.184409040
118.59,15,10:14:52.184409040
118.59,4,10:14:52.195233003
118.59,2,10:14:53.623616404
118.59,1,10:14:53.623928371
118.59,1,10:14:53.623943859
118.59,2,10:14:53.623943859
118.59,1,10:14:53.623969366
118.59,3,10:14:53.623969366
118.59,2,10:14:53.623969366
118.59,5,10:14:53.623969366
118.59,10,10:14:53.623990790
118.59,7,10:14:53.623990790
118.59,2,10:14:53.668778729
118.59,2,10:14:53.670410907
118.59,1,10:14:53.670602568
118.59,1,10:14:53.673928430
118.59,2,10:14:53.677755868
118.59,4,10:14:55.137044447
118.59,3,10:14:55.137060248
118.59,3,10:14:55.255328065
118.59,1,10:14:55.268356725
118.59,1,10:14:55.268966183
118.59,2,10:14:55.269066494
118.6,1,10:14:56.441016836
118.59,1,10:15:01.382983915
118.59,2,10:15:01.382983915
118.59,3,10:15:01.383115072
118.59,1,10:15:01.390095285
118.59,1,10:15:01.414959949
118.59,2,10:15:01.429756725
118.59,2,10:15:01.432415734
118.59,2,10:15:01.435225751
118.58,1,10:15:06.568359502
118.58,4,10:15:06.568359502
118.59,3,10:15:17.015300658
118.59,4,10:15:20.711907606
118.59,1,10:15:20.711907606
118.59,20,10:15:20.711985052
118.59,1,10:15:20.712247142
118.59,2,10:15:20.712247142
118.59,2,10:15:20.712439504
118.59,1,10:15:20.712573218
118.59,1,10:15:20.712600905
118.59,3,10:15:20.749691658
118.59,3,10:15:20.762310344
118.59,2,10:15:20.775148884
118.59,1,10:15:20.776382309
118.6,1,10:15:20.804336050
118.6,4,10:15:20.804401598
118.59,1,10:15:20.814962973
118.59,3,10:15:20.815022247
118.59,4,10:15:21.078239213
118.59,3,10:15:21.078239213
118.59,1,10:15:21.078309459
118.6,2,10:15:27.015731941
118.59,2,10:15:31.403950277
118.59,3,10:15:31.403950277
118.59,2,10:15:31.404060440
118.59,1,10:15:31.404079954
118.59,2,10:15:31.404079954
118.59,3,10:15:31.404079954
118.59,1,10:15:31.404097312
118.59,2,10:15:31.447741220
118.59,2,10:15:31.449727073
118.59,11,10:15:45.702229570
118.59,4,10:15:45.702229570
118.59,1,10:15:45.702336824
118.59,3,10:15:45.702365624
118.59,1,10:15:45.702365624
118.59,4,10:15:45.702365624
118.59,21,10:15:45.702365624
118.59,2,10:15:45.715760537
118.59,2,10:15:45.715775132
118.59,3,10:15:45.728787030
118.59,3,10:15:45.741536847
118.6,2,10:15:45.772418492
118.6,2,10:15:45.791947328
118.6,2,10:15:45.795972817
118.6,2,10:15:45.832969606
118.6,3,10:15:47.015284493
118.59,4,10:15:47.359239886
118.6,4,10:15:47.403199159
118.59,1,10:15:51.178662339
118.59,7,10:15:51.178662339
118.6,1,10:15:56.364063592
118.6,2,10:15:56.364063592
118.6,1,10:15:56.364210616
118.6,1,10:15:56.364233771
118.6,4,10:15:56.364233771
118.6,5,10:15:56.364250325
118.6,3,10:15:56.364250325
118.6,3,10:15:56.364688795
118.6,2,10:15:56.365020538
118.6,3,10:15:56.365020538
118.6,1,10:15:56.365214222
118.6,1,10:15:56.365364268
118.6,2,10:15:56.365709777
118.6,1,10:15:56.366712573
118.6,1,10:15:56.407963771
118.6,2,10:15:56.408113787
118.6,2,10:15:56.408307304
118.6,2,10:15:56.410355753
118.6,2,10:15:56.412564801
118.6,2,10:15:56.414822438
118.6,3,10:15:56.416970779
118.6,1,10:15:56.416970779
118.6,1,10:15:56.421834193
118.6,1,10:15:56.427457411
118.6,1,10:15:56.449946185
118.6,2,10:15:56.451236936
118.6,1,10:15:56.456164212
118.6,3,10:15:56.495278142
118.61,1,10:15:56.982708403
118.61,1,10:15:57.015488711
118.6,1,10:15:57.044126158
118.6,3,10:15:57.219194241
118.6,2,10:15:57.306632157
118.6,1,10:16:00.667666920
118.6,6,10:16:00.667666920
118.6,1,10:16:00.692378902
118.6,5,10:16:00.752584238
118.6,2,10:16:00.752584238
118.6,2,10:16:00.839189862
118.6,5,10:16:00.986236729
118.61,1,10:16:01.041527955
118.6,1,10:16:01.074210543
118.6,1,10:16:01.985240791
118.6,3,10:16:02.107793715
118.6,2,10:16:02.107812271
118.6,4,10:16:02.107812271
118.6,2,10:16:02.184241486
118.6,2,10:16:02.227438164
118.6,2,10:16:07.014739435
118.6,2,10:16:17.015745365
118.6,1,10:16:17.016409411
118.6,1,10:16:21.112907796
118.6,6,10:16:21.112907796
118.6,1,10:16:21.113037332
118.6,4,10:16:21.113061195
118.6,1,10:16:21.113061195
118.6,1,10:16:21.113178122
118.6,1,10:16:21.113205163
118.6,1,10:16:21.113222036
118.6,2,10:16:21.113315425
118.6,10,10:16:21.113776948
118.6,3,10:16:21.113935971
118.6,3,10:16:21.113951289
118.6,2,10:16:21.113951289
118.6,1,10:16:21.164600229
118.6,2,10:16:21.164921995
118.6,3,10:16:21.164921995
118.6,1,10:16:21.167170182
118.6,2,10:16:21.167170182
118.6,1,10:16:21.175880864
118.59,3,10:16:21.192942439
118.59,1,10:16:21.192942439
118.59,2,10:16:21.192942439
118.59,1,10:16:21.193042378
118.59,5,10:16:21.193056519
118.59,10,10:16:21.193056519
118.6,10,10:16:21.226172232
118.6,4,10:16:21.226172232
118.6,1,10:16:21.238203715
118.6,2,10:16:21.238203715
118.6,1,10:16:21.269891602
118.6,1,10:16:21.270101276
118.6,2,10:16:21.306230290
118.61,1,10:16:21.310412361
118.6,1,10:16:21.366160854
118.6,4,10:16:21.366160854
118.6,4,10:16:21.366239712
118.6,1,10:16:21.366255725
118.6,1,10:16:21.423205559
118.6,3,10:16:21.423300016
118.6,2,10:16:21.423318547
118.6,6,10:16:21.423318547
118.6,1,10:16:21.423318547
118.61,2,10:16:21.471969453
118.6,1,10:16:21.481525552
118.6,2,10:16:21.481623759
118.6,3,10:16:21.481640226
118.6,2,10:16:21.481640226
118.6,1,10:16:21.481640226
118.6,2,10:16:21.540226536
118.6,2,10:16:23.057981476
118.6,5,10:16:23.058060780
118.6,3,10:16:23.100529668
118.6,2,10:16:23.613577421
118.6,3,10:16:23.613649302
118.6,2,10:16:24.536934999
118.6,1,10:16:24.582006313
118.6,1,10:16:24.582110444
118.6,1,10:16:29.653658178
118.6,5,10:16:29.653658178
118.6,2,10:16:29.741027380
118.6,1,10:16:30.121662678
118.6,1,10:16:31.843508150
118.6,1,10:16:31.894002066
118.6,2,10:16:33.037903458
118.6,2,10:16:33.183793230
118.6,1,10:16:35.813272327
118.6,3,10:16:35.813422769
118.6,17,10:16:35.813422769
118.6,4,10:16:35.813422769
118.6,1,10:16:35.813710196
118.6,4,10:16:35.814076028
118.6,4,10:16:35.814738617
118.6,1,10:16:35.814738617
118.6,2,10:16:35.814844943
118.6,1,10:16:35.834150677
118.6,3,10:16:35.834150677
118.6,1,10:16:35.834249438
118.6,1,10:16:35.834265051
118.6,1,10:16:35.841213408
118.6,1,10:16:35.841381084
118.6,4,10:16:35.841573682
118.6,2,10:16:35.877349567
118.6,1,10:16:35.877497496
118.6,2,10:16:35.877512188
118.6,1,10:16:35.877512188
118.6,1,10:16:35.877578760
118.61,1,10:16:35.940670779
118.61,3,10:16:35.941649495
118.61,2,10:16:35.941649495
118.61,2,10:16:35.994874167
118.61,1,10:16:36.852245651
118.61,1,10:16:44.746497095
118.6,2,10:16:46.644549893
118.6,1,10:16:46.644549893
118.6,1,10:16:46.644643531
118.6,1,10:16:46.651323056
118.6,1,10:16:46.651406454
118.6,2,10:16:46.651741190
118.6,1,10:16:46.651741190
118.6,2,10:16:46.918597819
118.6,1,10:16:48.530514752
118.6,1,10:16:48.530609484
118.6,1,10:16:48.545084431
118.6,1,10:16:48.545302168
118.6,1,10:16:50.649156751
118.6,1,10:16:50.900013713
118.6,1,10:16:50.900330097
118.6,1,10:16:50.900413515
118.6,1,10:16:50.901202385
118.6,1,10:16:50.902450191
118.6,1,10:16:50.902959459
118.6,2,10:16:51.196060452
118.6,3,10:16:51.196390129
118.61,1,10:16:52.013751611
118.61,1,10:16:52.013850244
118.61,1,10:16:52.013867438
118.6,1,10:17:21.079594555
118.6,10,10:17:21.079594555
118.6,1,10:17:21.079680493
118.6,1,10:17:21.079696192
118.6,2,10:17:21.079696192
118.6,9,10:17:22.249336167
118.6,1,10:17:22.249351937
118.6,2,10:17:22.249351937
118.61,1,10:17:30.026126015
118.61,1,10:17:33.027170356
118.6,1,10:17:38.304623811
118.6,1,10:17:44.697648355
118.61,1,10:17:46.781130946
118.61,2,10:17:46.781406206
118.61,2,10:17:46.781746993
118.61,1,10:17:46.781746993
118.61,2,10:17:46.781914878
118.61,1,10:17:46.781931627
118.61,1,10:17:46.782177223
118.61,2,10:17:46.782350583
118.61,1,10:17:46.782365022
118.61,1,10:17:46.782380382
118.61,1,10:17:46.782397965
118.61,8,10:17:46.782417828
118.61,4,10:17:46.782417828
118.61,1,10:17:46.782439278
118.61,1,10:17:46.807028246
118.62,2,10:17:46.863256938
118.62,3,10:17:46.873787109
118.62,1,10:17:46.878388714
118.62,1,10:17:46.878463568
118.62,1,10:17:46.925130968
118.61,1,10:17:47.953745386
118.61,2,10:17:51.074097646
118.61,2,10:17:51.074288993
118.61,2,10:17:51.074303664
118.61,3,10:17:51.074303664
118.61,10,10:17:51.074318553
118.61,3,10:17:51.074318553
118.61,1,10:17:51.074318553
118.61,4,10:17:51.074333076
118.61,5,10:17:51.074333076
118.61,1,10:17:51.074349885
118.61,12,10:17:51.074349885
118.61,3,10:17:51.074349885
118.61,20,10:17:51.074365248
118.61,1,10:17:51.074365248
118.61,3,10:17:51.074365248
118.61,2,10:17:51.074456307
118.61,1,10:17:51.074473037
118.61,1,10:17:51.074489974
118.61,1,10:17:51.074512023
118.61,1,10:17:51.074527716
118.61,1,10:17:51.074563083
118.61,2,10:17:51.117857680
118.61,3,10:17:51.118879234
118.61,2,10:17:51.122457548
118.61,3,10:17:51.125858119
118.61,6,10:17:51.128088325
118.61,1,10:17:51.154862649
118.61,2,10:17:51.162120167
118.61,1,10:17:53.093633490
118.61,1,10:17:54.083551625
118.61,5,10:17:54.083551625
118.61,2,10:17:54.083551625
118.61,2,10:17:54.127657381
118.61,1,10:17:56.114378944
118.61,1,10:17:56.398685587
118.61,1,10:17:57.094730449
118.61,2,10:17:57.094730449
118.61,1,10:18:02.433358457
118.61,2,10:18:02.433439491
118.61,1,10:18:02.433465680
118.61,2,10:18:02.433465680
118.61,1,10:18:02.518039933
118.61,1,10:18:02.602443920
118.61,1,10:18:02.803738979
118.6,1,10:18:04.052245323
118.61,1,10:18:05.075392883
118.61,1,10:18:06.190011253
118.61,1,10:18:06.190109685
118.61,1,10:18:06.190129329
118.61,1,10:18:06.190340884
118.61,5,10:18:06.190557064
118.6,1,10:18:11.380619889
118.61,1,10:18:17.051448867
118.61,1,10:18:17.051776225
118.61,9,10:18:20.271538894
118.6,2,10:18:21.100281471
118.6,1,10:18:21.100281471
118.6,3,10:18:21.100364674
118.6,2,10:18:22.227607458
118.6,3,10:18:22.227607458
118.61,1,10:18:28.089074526
118.61,1,10:18:30.625869800
118.61,1,10:18:30.625980738
118.61,2,10:18:30.626305618
118.61,1,10:18:30.626337634
118.61,1,10:18:30.626566555
118.61,1,10:18:30.642829965
118.61,1,10:18:30.642913293
118.61,4,10:18:30.700802341
118.61,2,10:18:30.700894148
118.61,2,10:18:30.700916213
118.61,2,10:18:30.789272334
118.6,1,10:18:31.197733101
118.6,2,10:18:31.197733101
118.6,2,10:18:31.197791104
118.61,1,10:18:32.051394829
118.61,2,10:18:32.286422739
118.61,1,10:18:40.242767450
118.61,1,10:18:40.242946876
118.61,3,10:18:40.242965440
118.61,5,10:18:40.242965440
118.61,1,10:18:40.242965440
118.61,1,10:18:40.242996672
118.61,23,10:18:40.242996672
118.62,1,10:18:40.249858222
118.62,1,10:18:40.250378333
118.62,1,10:18:40.250722161
118.62,1,10:18:40.251040666
118.62,1,10:18:40.251371277
118.62,1,10:18:40.251479264
118.62,3,10:18:40.251479264
118.62,1,10:18:40.251933654
118.62,1,10:18:40.251949302
118.62,1,10:18:40.252245545
118.62,1,10:18:40.252273840
118.62,1,10:18:40.252289433
118.62,2,10:18:40.252304146
118.62,1,10:18:40.252326127
118.62,3,10:18:40.252326127
118.62,1,10:18:40.254680180
118.62,2,10:18:40.254786420
118.62,1,10:18:40.256504444
118.62,2,10:18:40.256504444
118.62,4,10:18:40.257647627
118.62,1,10:18:40.257661720
118.62,3,10:18:40.258072949
118.62,3,10:18:40.258787605
118.62,1,10:18:40.259022337
118.62,5,10:18:40.259109585
118.62,1,10:18:40.259325646
118.62,1,10:18:40.259344260
118.62,2,10:18:40.259699252
118.62,2,10:18:40.266746031
118.62,1,10:18:40.266746031
118.62,1,10:18:40.271638229
118.62,15,10:18:40.271638229
118.62,4,10:18:40.271638229
118.62,2,10:18:40.271930516
118.62,1,10:18:40.271945778
118.62,5,10:18:40.271959534
118.62,3,10:18:40.271959534
118.62,7,10:18:40.271975652
118.62,10,10:18:40.271975652
118.61,6,10:18:40.271975652
118.61,1,10:18:40.272005669
118.61,12,10:18:40.272005669
118.61,3,10:18:40.272026779
118.61,4,10:18:40.272026779
118.61,5,10:18:40.272026779
118.61,1,10:18:40.272026779
118.61,3,10:18:40.272040228
118.61,1,10:18:40.272055144
118.62,1,10:18:40.272868842
118.62,1,10:18:40.273481722
118.62,1,10:18:40.273843773
118.62,1,10:18:40.274632899
118.62,1,10:18:40.295526308
118.62,4,10:18:40.307262479
118.62,4,10:18:40.320228761
118.62,1,10:18:40.333482789
118.62,3,10:18:40.333482789
118.62,3,10:18:40.346345696
118.62,2,10:18:40.359055024
118.62,1,10:18:40.359055024
118.63,1,10:18:40.366599333
118.63,1,10:18:40.366665710
118.63,1,10:18:40.366969806
118.63,1,10:18:40.367045467
118.62,4,10:18:40.372066778
118.62,1,10:18:40.384793316
118.63,2,10:18:40.494809852
118.63,2,10:18:40.495379145
118.63,3,10:18:40.496847227
118.63,3,10:18:40.560343504
118.63,2,10:18:40.597269667
118.63,2,10:18:40.673744150
118.63,4,10:18:40.673816058
118.63,1,10:18:40.673843968
118.63,5,10:18:40.676416175
118.63,1,10:18:40.676519380
118.63,7,10:18:40.676541320
118.63,3,10:18:40.676541320
118.63,4,10:18:40.676541320
118.63,1,10:18:40.676541320
118.63,3,10:18:40.699737243
118.63,2,10:18:40.699737243
118.63,1,10:18:40.699737243
118.63,3,10:18:40.699846039
118.63,1,10:18:40.699846039
118.63,1,10:18:40.723052320
118.63,3,10:18:40.730517941
118.63,3,10:18:40.733656377
118.64,1,10:18:40.742898047
118.63,2,10:18:40.746280040
118.63,1,10:18:40.746280040
118.63,1,10:18:40.746354444
118.63,2,10:18:40.753936126
118.63,1,10:18:40.753936126
118.63,2,10:18:40.754284258
118.63,1,10:18:40.777999065
118.63,2,10:18:40.777999065
118.63,1,10:18:40.791060028
118.63,3,10:18:40.791202921
118.63,4,10:18:40.804435264
118.64,2,10:18:40.858638367
118.63,1,10:18:40.862924300
118.63,3,10:18:40.862924300
118.63,2,10:18:40.876138862
118.63,1,10:18:40.876138862
118.63,1,10:18:40.876167451
118.63,2,10:18:40.940989174
118.63,1,10:18:40.941320314
118.63,1,10:18:40.941679303
118.62,4,10:18:40.951525302
118.63,1,10:18:40.982103210
118.63,3,10:18:40.986505706
118.63,2,10:18:41.005883685
118.63,2,10:18:41.009774966
118.63,1,10:18:41.049562556
118.63,1,10:18:41.062294708
118.63,2,10:18:41.106232661
118.63,1,10:18:42.117119796
118.63,1,10:18:42.138258876
118.63,1,10:18:42.138274481
118.63,3,10:18:42.138274481
118.63,1,10:18:42.183485099
118.63,1,10:18:42.183576552
118.63,1,10:18:43.235433926
118.63,1,10:18:43.757399028
118.63,3,10:18:43.757709695
118.63,5,10:18:43.757709695
118.63,2,10:18:43.757709695
118.63,1,10:18:43.770715059
118.63,2,10:18:43.770805984
118.63,5,10:18:43.794510083
118.64,2,10:18:44.411849598
118.64,1,10:18:44.411868030
118.64,1,10:18:44.411885575
118.64,2,10:18:44.411910193
118.64,3,10:18:44.411934206
118.64,1,10:18:44.411954907
118.64,1,10:18:44.411968971
118.64,1,10:18:44.412001969
118.64,4,10:18:44.412435994
118.64,2,10:18:44.412461175
118.64,1,10:18:44.434019271
118.64,1,10:18:44.434337554
118.64,4,10:18:44.434451105
118.64,1,10:18:44.434451105
118.64,1,10:18:44.434556942
118.65,1,10:18:44.503962272
118.65,1,10:18:44.547511918
118.64,1,10:18:44.600876278
118.64,1,10:18:44.601182194
118.64,1,10:18:44.609641849
118.64,2,10:18:44.609749266
118.64,1,10:18:44.610218613
118.64,1,10:18:44.610347411
118.64,1,10:18:44.625751318
118.64,1,10:18:44.646196035
118.64,2,10:18:44.652302312
118.64,3,10:18:44.710218607
118.64,1,10:18:44.710294006
118.64,1,10:18:44.710427292
118.64,1,10:18:44.710592566
118.64,1,10:18:44.738356412
118.64,1,10:18:44.738533791
118.63,3,10:18:44.738550511
118.63,1,10:18:44.738550511
118.63,2,10:18:44.738550511
118.63,7,10:18:44.738550511
118.63,4,10:18:44.738567541
118.63,2,10:18:44.738567541
118.63,5,10:18:44.738567541
118.63,10,10:18:44.738567541
118.63,1,10:18:44.738581163
118.63,2,10:18:44.738581163
118.63,3,10:18:44.738581163
118.63,1,10:18:44.738728658
118.63,3,10:18:44.738750885
118.63,1,10:18:44.738775381
118.63,2,10:18:44.738797586
118.63,2,10:18:44.738824142
118.63,9,10:18:44.738842094
118.63,4,10:18:44.738856878
118.63,5,10:18:44.739507518
118.63,2,10:18:44.760345734
118.63,1,10:18:44.760345734
118.63,1,10:18:44.760425382
118.64,1,10:18:44.783822831
118.64,2,10:18:44.785817640
118.64,2,10:18:44.789063285
118.64,2,10:18:44.789077992
118.64,2,10:18:44.791297027
118.64,2,10:18:44.794970670
118.64,4,10:18:44.796896230
118.64,2,10:18:44.800878582
118.64,2,10:18:44.831940705
118.64,1,10:18:49.181935192
118.63,3,10:18:50.079583141
118.63,10,10:18:50.079583141
118.63,1,10:18:50.079583141
118.63,1,10:18:50.079598421
118.63,7,10:18:50.079598421
118.63,2,10:18:50.079598421
118.63,2,10:18:50.079611999
118.63,2,10:18:50.079626915
118.63,1,10:18:50.079626915
118.63,1,10:18:50.079642217
118.63,2,10:18:50.079658236
118.63,3,10:18:50.139908899
118.63,2,10:18:50.140019900
118.63,2,10:18:50.140505871
118.63,1,10:18:52.072889758
118.63,1,10:18:52.073061710
118.63,4,10:18:52.073175755
118.63,1,10:18:52.073175755
118.63,1,10:18:52.073327625
118.63,4,10:18:52.073327625
118.63,1,10:18:52.076788978
118.63,1,10:18:52.076869192
118.63,3,10:18:52.077258478
118.63,1,10:18:52.077538893
118.63,1,10:18:52.085989921
118.63,3,10:18:52.085989921
118.63,1,10:18:52.100481207
118.63,2,10:18:52.103852334
118.63,2,10:18:52.128397488
118.63,1,10:18:52.163159869
118.63,1,10:18:56.576149564
118.63,1,10:18:58.037372720
118.63,8,10:19:00.140943594
118.63,1,10:19:01.176362402
118.63,5,10:19:01.176362402
118.63,3,10:19:01.176480095
118.63,1,10:19:01.176502610
118.63,2,10:19:01.176502610
118.63,4,10:19:01.176502610
118.63,9,10:19:01.176516187
118.63,2,10:19:01.225226908
118.63,1,10:19:01.231616630
118.63,1,10:19:01.272624624
118.63,1,10:19:01.580459663
118.63,1,10:19:01.580570221
118.63,9,10:19:01.580587901
118.63,3,10:19:01.622342366
118.63,1,10:19:01.623005409
118.63,1,10:19:03.648198845
118.63,1,10:19:03.668109093
118.63,4,10:19:04.516330845
118.63,1,10:19:04.516330845
118.63,2,10:19:04.560062979
118.63,2,10:19:05.159019371
118.63,1,10:19:05.159019371
118.63,4,10:19:05.172537393
118.63,2,10:19:05.217352665
118.63,1,10:19:06.941232016
118.63,7,10:19:06.941232016
118.63,3,10:19:06.941317088
118.63,3,10:19:06.941337510
118.63,1,10:19:06.941337510
118.63,1,10:19:06.954422046
118.64,2,10:19:07.031074415
118.64,1,10:19:07.072701233
118.63,8,10:19:07.289060784
118.63,1,10:19:07.289060784
118.63,2,10:19:07.289243456
118.63,2,10:19:07.289257821
118.63,3,10:19:07.289257821
118.63,2,10:19:07.289272487
118.63,1,10:19:07.289272487
118.63,1,10:19:07.289286297
118.63,1,10:19:07.289301923
118.63,4,10:19:07.289320006
118.63,1,10:19:07.289320006
118.63,4,10:19:07.293449450
118.63,1,10:19:07.293552441
118.63,3,10:19:07.293552441
118.63,2,10:19:07.333313206
118.63,2,10:19:07.339866917
118.63,2,10:19:07.340110830
118.63,9,10:19:07.374130060
118.63,11,10:19:07.374145858
118.63,1,10:19:14.255962120
118.63,2,10:19:14.255977239
118.63,3,10:19:14.255977239
118.63,1,10:19:14.255977239
118.63,1,10:19:14.256668494
118.63,2,10:19:14.639689657
118.63,5,10:19:18.259517231
118.63,3,10:19:20.145403990
118.63,1,10:19:20.145648998
118.64,1,10:19:22.505585984
118.64,1,10:19:22.505868124
118.64,2,10:19:22.552545252
118.64,2,10:19:22.570411745
118.65,2,10:19:25.639959403
118.65,1,10:19:33.799508963
118.65,2,10:19:33.957660243
118.65,2,10:19:34.004645889
118.65,1,10:19:36.640131433
118.65,1,10:19:36.640210683
118.64,3,10:19:39.286807629
118.64,2,10:19:39.286807629
118.64,2,10:19:39.286933744
118.64,1,10:19:39.286964304
118.64,10,10:19:39.286964304
118.64,16,10:19:39.286964304
118.64,2,10:19:39.286964304
118.64,6,10:19:39.286964304
118.64,2,10:19:39.287143708
118.64,1,10:19:39.287143708
118.64,1,10:19:39.287324205
118.64,2,10:19:39.287324205
118.64,1,10:19:39.287452096
118.64,1,10:19:39.287480880
118.64,5,10:19:39.287480880
118.64,13,10:19:39.287480880
118.64,2,10:19:39.287597456
118.64,1,10:19:39.289073659
118.65,2,10:19:39.333056208
118.65,3,10:19:39.334659704
118.65,3,10:19:39.337678739
118.65,2,10:19:39.340575764
118.65,2,10:19:47.639808349
118.64,2,10:19:51.092268013
118.64,3,10:19:51.092268013
118.64,1,10:19:51.092268013
118.64,1,10:19:51.092369795
118.64,1,10:19:51.092384435
118.64,4,10:19:51.092384435
118.64,14,10:19:52.183358557
118.64,1,10:19:52.183373362
118.64,1,10:19:52.183432838
118.64,1,10:19:54.518467339
118.64,2,10:19:54.518585000
118.64,2,10:19:54.518604091
118.64,1,10:19:54.518604091
118.64,1,10:19:54.736233279
118.64,3,10:19:54.736428947
118.64,1,10:19:55.092838739
118.64,2,10:19:55.092854885
118.64,1,10:19:55.106844715
118.64,1,10:19:55.106860420
118.64,1,10:19:55.107132661
118.64,1,10:19:55.120157243
118.64,1,10:19:55.120463822
118.65,1,10:20:04.882415293
118.65,5,10:20:04.882415293
118.65,5,10:20:04.882637232
118.65,1,10:20:04.882652650
118.65,10,10:20:04.882666365
118.65,4,10:20:04.882681396
118.65,3,10:20:04.882681396
118.65,1,10:20:04.882697561
118.65,3,10:20:04.882697561
118.65,2,10:20:04.882711994
118.65,7,10:20:04.882726381
118.65,4,10:20:04.882726381
118.65,1,10:20:04.882741933
118.65,1,10:20:04.882755955
118.65,4,10:20:04.882772858
118.65,1,10:20:04.882787658
118.65,5,10:20:04.882802122
118.65,4,10:20:04.882819603
118.65,25,10:20:04.882842157
118.65,2,10:20:04.882856981
118.65,8,10:20:04.882870524
118.65,1,10:20:04.883318080
118.65,14,10:20:04.883517283
118.65,3,10:20:04.883517283
118.65,1,10:20:04.883517283
118.65,1,10:20:04.883743096
118.65,1,10:20:04.911779624
118.65,2,10:20:07.015835476
118.64,2,10:20:09.700128866
118.64,2,10:20:09.713307939
118.64,2,10:20:09.726134022
118.64,2,10:20:09.738881661
118.64,1,10:20:09.751568912
118.64,1,10:20:09.751650330
118.64,1,10:20:09.764748163
118.64,2,10:20:09.778541889
118.65,1,10:20:17.015429761
118.65,2,10:20:17.015429761
118.64,1,10:20:21.179426391
118.64,1,10:20:21.179529028
118.64,1,10:20:21.179544340
118.65,1,10:20:27.015016551
118.65,1,10:20:27.015031553
118.65,2,10:20:27.015503157
118.65,18,10:20:27.042710238
118.65,5,10:20:27.043018372
118.65,2,10:20:27.043157121
118.65,1,10:20:27.043157121
118.65,4,10:20:27.043157121
118.65,1,10:20:27.043455440
118.65,1,10:20:27.100499485
118.65,1,10:20:27.113490333
118.65,1,10:20:27.127267152
118.65,1,10:20:27.140474045
118.65,1,10:20:27.140719248
118.65,2,10:20:27.153368778
118.65,6,10:20:28.372309417
118.65,1,10:20:28.372309417
118.65,1,10:20:28.372468067
118.65,1,10:20:28.372484342
118.65,3,10:20:28.372484342
118.65,1,10:20:28.372500947
118.65,14,10:20:28.372500947
118.65,3,10:20:28.372500947
118.65,11,10:20:28.372500947
118.65,10,10:20:28.372500947
118.65,3,10:20:28.372523872
118.65,1,10:20:28.372523872
118.65,1,10:20:28.936099206
118.65,14,10:20:28.936402124
118.65,5,10:20:28.936596016
118.65,9,10:20:28.936943673
118.65,3,10:20:28.936943673
118.65,2,10:20:28.937111618
118.65,9,10:20:28.937111618
118.65,6,10:20:28.937838136
118.65,4,10:20:28.937838136
118.65,2,10:20:28.938271341
118.65,4,10:20:28.938271341
118.65,1,10:20:28.938271341
118.65,5,10:20:28.984786058
118.65,1,10:20:30.029857649
118.65,5,10:20:32.808623652
118.65,1,10:20:37.016380913
118.64,6,10:20:38.026021480
118.64,2,10:20:38.026021480
118.64,2,10:20:38.026281695
118.64,1,10:20:38.026299202
118.64,3,10:20:38.026299202
118.64,3,10:20:38.026485115
118.64,1,10:20:38.026499567
118.64,2,10:20:38.026499567
118.64,1,10:20:38.026516212
118.64,2,10:20:38.026516212
118.64,1,10:20:38.026541568
118.64,2,10:20:38.026568276
118.64,1,10:20:38.026568276
118.63,1,10:20:38.030824293
118.63,2,10:20:38.031675848
118.63,3,10:20:38.031675848
118.63,1,10:20:38.031675848
118.63,5,10:20:38.031675848
118.63,1,10:20:38.031687217
118.63,1,10:20:38.031701323
118.63,2,10:20:38.031722194
118.63,3,10:20:38.031752977
118.63,1,10:20:38.031775486
118.63,1,10:20:38.031822894
118.63,1,10:20:38.032504471
118.63,1,10:20:38.033283299
118.63,1,10:20:38.033580381
118.63,1,10:20:38.033933929
118.63,1,10:20:38.035746817
118.63,2,10:20:38.035746817
118.63,1,10:20:38.036160101
118.63,2,10:20:38.036960647
118.63,1,10:20:38.036960647
118.63,1,10:20:38.037455482
118.63,1,10:20:38.037689315
118.63,1,10:20:38.038041225
118.63,1,10:20:38.038365740
118.63,2,10:20:38.038572576
118.63,4,10:20:38.047626457
118.63,1,10:20:38.048095023
118.64,2,10:20:38.054803386
118.64,3,10:20:40.263650127
118.64,1,10:20:47.014878003
118.64,2,10:20:48.026669579
118.64,1,10:20:50.683007811
118.64,1,10:20:50.683482145
118.64,1,10:20:50.683682490
118.64,6,10:20:50.683682490
118.64,1,10:20:50.683901561
118.64,5,10:20:50.723364033
118.64,1,10:20:50.753500184
118.64,1,10:20:50.865705246
118.64,1,10:20:50.881958515
118.64,1,10:20:50.985917869
118.63,1,10:20:51.080697678
118.63,15,10:20:51.080924012
118.63,1,10:20:51.080939603
118.63,3,10:20:51.080939603
118.64,1,10:20:53.899970177
118.64,5,10:20:53.900059426
118.64,9,10:20:53.900079366
118.64,3,10:20:53.900079366
118.64,1,10:20:53.937688363
118.65,2,10:20:57.015485676
118.64,1,10:20:57.058993189
118.64,1,10:20:57.184180231
118.64,1,10:20:57.790007102
118.63,1,10:21:01.382931876
118.63,1,10:21:01.383123229
118.63,1,10:21:01.383138065
118.63,14,10:21:01.383153556
118.63,1,10:21:01.383153556
118.63,10,10:21:01.383167546
118.63,1,10:21:01.383182285
118.63,2,10:21:01.383198521
118.63,1,10:21:01.383198521
118.63,3,10:21:01.383198521
118.63,1,10:21:01.405490087
118.63,1,10:21:01.567300407
118.63,5,10:21:09.621761063
118.63,2,10:21:17.015309946
118.63,1,10:21:17.372922521
118.63,1,10:21:18.305967062
118.63,14,10:21:18.306055993
118.63,1,10:21:18.306072345
118.63,1,10:21:18.306405080
118.63,1,10:21:18.306508498
118.63,1,10:21:19.179652241
118.63,1,10:21:21.223290553
118.63,1,10:21:21.223377464
118.63,1,10:21:21.223392434
118.63,5,10:21:21.223392434
118.63,2,10:21:23.550593102
118.63,1,10:21:23.550708348
118.63,2,10:21:23.550708348
118.63,5,10:21:23.550811029
118.63,1,10:21:23.550914155
118.64,1,10:21:24.134332860
118.63,1,10:21:27.014304265
118.63,1,10:21:27.044907454
118.63,1,10:21:27.048854021
118.63,1,10:21:27.130214724
118.63,1,10:21:28.311273693
118.63,1,10:21:28.311342490
118.63,1,10:21:28.311682198
118.63,2,10:21:37.014994087
118.62,2,10:21:39.192398657
118.62,1,10:21:39.192602515
118.62,2,10:21:39.192616836
118.62,1,10:21:39.192616836
118.62,1,10:21:39.192630371
118.62,1,10:21:39.192645591
118.62,2,10:21:39.192645591
118.62,1,10:21:39.192659940
118.62,1,10:21:39.192678746
118.62,3,10:21:39.192693616
118.62,1,10:21:39.192693616
118.62,10,10:21:39.192693616
118.62,13,10:21:39.192706963
118.62,5,10:21:39.192720982
118.62,1,10:21:40.167043660
118.62,1,10:21:40.198523868
118.62,1,10:21:42.546804442
118.62,1,10:21:42.546890881
118.62,1,10:21:42.546905082
118.62,3,10:21:42.547153258
118.62,2,10:21:42.547251619
118.62,1,10:21:42.547406624
118.62,1,10:21:42.574523188
118.62,1,10:21:42.574611370
118.62,1,10:21:42.724065712
118.62,1,10:21:42.730859643
118.62,2,10:21:42.746277162
118.62,1,10:21:42.862196246
118.62,2,10:21:42.862196246
118.62,2,10:21:43.016743503
118.62,2,10:21:43.033830604
118.61,4,10:21:51.157054461
118.61,10,10:21:51.157054461
118.61,1,10:21:51.157149169
118.61,2,10:21:51.157149169
118.62,1,10:21:53.284837002
118.62,1,10:21:53.284915245
118.62,1,10:21:53.284931933
118.62,1,10:21:53.285265626
118.62,3,10:21:53.285265626
118.62,1,10:21:54.380206255
118.62,1,10:21:54.380284134
118.62,1,10:21:54.387574949
118.62,1,10:21:54.387595979
118.62,5,10:21:54.393292142
118.62,2,10:21:54.461627730
118.62,2,10:21:54.996705448
118.62,1,10:21:57.015455258
118.62,2,10:21:57.015470512
118.62,1,10:21:59.478335444
118.62,1,10:21:59.478405591
118.62,2,10:21:59.478490090
118.62,1,10:21:59.512370121
118.62,1,10:22:00.282731218
118.62,1,10:22:00.282826789
118.62,1,10:22:00.282846693
118.62,2,10:22:03.033479010
118.62,1,10:22:03.046190905
118.62,6,10:22:03.062665255
118.62,1,10:22:03.062682355
118.62,1,10:22:03.121772675
118.62,3,10:22:03.121863276
118.62,3,10:22:03.121879254
118.62,1,10:22:03.209900698
118.62,1,10:22:03.506519814
118.62,1,10:22:03.506535231
118.62,8,10:22:04.874513004
118.62,1,10:22:05.780744432
118.62,1,10:22:05.815711612
118.63,3,10:22:08.936258383
118.63,1,10:22:09.046804973
118.63,1,10:22:14.314811975
118.63,2,10:22:17.015417885
118.62,1,10:22:21.098013209
118.62,7,10:22:21.098086767
118.63,4,10:22:21.550130909
118.63,10,10:22:21.550147437
118.63,4,10:22:21.550213306
118.63,2,10:22:21.550337636
118.63,1,10:22:21.550355517
118.63,1,10:22:21.582353556
118.63,5,10:22:21.582353556
118.63,1,10:22:21.582490833
118.63,1,10:22:21.582513380
118.63,10,10:22:21.582513380
118.63,2,10:22:21.815348138
118.63,1,10:22:21.815361930
118.63,1,10:22:21.815443130
118.63,17,10:22:21.991637067
118.63,3,10:22:21.991650529
118.63,1,10:22:21.991724560
118.63,1,10:22:22.952374765
118.63,2,10:22:22.952572113
118.63,3,10:22:23.044596049
118.63,1,10:22:24.669835586
118.63,1,10:22:29.542852956
118.63,1,10:22:29.543245295
118.63,1,10:22:29.543391317
118.63,1,10:22:30.489145716
118.63,1,10:22:35.353319328
118.63,2,10:22:35.353319328
118.64,2,10:22:37.017125818
118.63,1,10:22:37.036674467
118.63,1,10:22:37.297197583
118.63,1,10:22:37.297262473
118.63,2,10:22:40.264804501
118.63,1,10:22:43.030479323
118.63,1,10:22:43.030782883
118.63,6,10:22:45.503098394
118.63,7,10:22:47.278056961
118.63,3,10:22:47.575808760
118.63,2,10:22:48.175001251
118.63,4,10:22:48.175151727
118.63,1,10:22:48.175434607
118.63,1,10:22:48.220976337
118.63,1,10:22:49.325173461
118.63,1,10:22:49.370315732
118.63,1,10:22:49.370653214
118.63,1,10:22:49.423862563
118.63,1,10:22:49.424030909
118.63,1,10:22:49.424046669
118.63,1,10:22:49.424061044
118.63,2,10:22:49.424061044
118.63,13,10:22:49.424075287
118.63,14,10:22:49.424075287
118.63,1,10:22:49.424091885
118.63,2,10:22:49.424091885
118.63,5,10:22:49.424091885
118.63,3,10:22:49.424091885
118.64,1,10:22:49.764510648
118.64,6,10:22:50.057296073
118.64,1,10:22:50.057296073
118.64,6,10:22:50.057374089
118.63,3,10:22:51.206315091
118.64,1,10:22:51.518450842
118.64,1,10:22:52.647660888
118.64,2,10:22:52.648276510
118.64,2,10:22:53.252250526
118.63,1,10:22:56.683295920
118.63,2,10:22:56.683317053
118.63,1,10:22:56.683317053
118.63,3,10:22:56.683317053
118.63,2,10:22:56.683426458
118.63,5,10:22:56.683426458
118.64,1,10:23:01.186942171
118.64,1,10:23:01.187031234
118.64,2,10:23:03.603328486
118.64,1,10:23:03.603524446
118.64,1,10:23:03.603539995
118.64,2,10:23:03.603539995
118.64,1,10:23:03.603555230
118.64,4,10:23:03.603555230
118.64,10,10:23:03.603555230
118.64,2,10:23:03.603569919
118.64,1,10:23:03.603569919
118.64,5,10:23:03.603569919
118.64,2,10:23:03.603584774
118.64,12,10:23:03.603584774
118.64,1,10:23:03.603584774
118.64,6,10:23:03.603599484
118.64,2,10:23:03.604368488
118.64,17,10:23:03.604382856
118.64,1,10:23:03.604382856
118.64,1,10:23:03.604396596
118.64,1,10:23:03.604728750
118.64,2,10:23:03.629419298
118.64,3,10:23:03.629419298
118.64,5,10:23:03.629541342
118.64,2,10:23:03.771497939
118.64,1,10:23:03.771497939
118.64,1,10:23:04.345817680
118.64,1,10:23:04.381381446
118.64,1,10:23:04.381397362
118.64,2,10:23:07.049991534
118.64,1,10:23:07.050253155
118.64,2,10:23:07.050253155
118.64,1,10:23:07.050348048
118.65,1,10:23:07.366287703
118.65,3,10:23:07.366287703
118.65,3,10:23:07.366383936
118.65,5,10:23:07.366404544
118.65,1,10:23:07.366404544
118.65,5,10:23:08.307461992
118.65,3,10:23:08.307476846
118.65,1,10:23:08.307476846
118.65,1,10:23:09.842462748
118.65,1,10:23:11.236459896
118.65,1,10:23:12.716192327
118.65,2,10:23:12.716310301
118.65,3,10:23:12.716326182
118.65,1,10:23:12.716326182
118.65,1,10:23:12.716352237
118.65,11,10:23:12.716352237
118.65,1,10:23:12.756119246
118.65,2,10:23:12.756119246
118.65,1,10:23:12.756137019
118.65,3,10:23:12.934765192
118.65,4,10:23:13.023860617
118.65,5,10:23:13.023860617
118.65,1,10:23:13.023975534
118.65,1,10:23:13.023998577
118.65,3,10:23:13.023998577
118.65,2,10:23:13.023998577
118.65,6,10:23:13.023998577
118.65,1,10:23:17.491125796
118.65,2,10:23:17.491248234
118.65,10,10:23:17.491272548
118.65,1,10:23:17.491272548
118.65,3,10:23:17.491272548
118.65,2,10:23:17.695748169
118.65,1,10:23:18.105389385
118.66,1,10:23:19.305681330
118.66,1,10:23:19.305755400
118.66,2,10:23:19.305769926
118.66,1,10:23:19.305769926
118.65,3,10:23:22.160352110
118.65,25,10:23:22.160352110
118.65,1,10:23:22.160475493
118.65,1,10:23:22.160502219
118.65,5,10:23:22.160502219
118.65,1,10:23:22.187636351
118.65,2,10:23:22.187636351
118.65,1,10:23:22.232807870
118.65,2,10:23:22.232807870
118.65,1,10:23:22.627149363
118.65,1,10:23:22.627253876
118.65,4,10:23:22.627272510
118.65,1,10:23:22.627472296
118.65,5,10:23:22.627757213
118.65,1,10:23:22.627757213
118.65,2,10:23:22.702110176
118.65,1,10:23:23.237297526
118.65,2,10:23:23.700322206
118.65,2,10:23:24.228127941
118.65,2,10:23:24.286396491
118.65,2,10:23:24.723859684
118.65,2,10:23:25.201136651
118.65,2,10:23:25.715448486
118.65,1,10:23:28.256383410
118.65,2,10:23:28.256383410
118.66,6,10:23:28.622747325
118.65,1,10:23:28.664482449
118.65,1,10:23:31.581158954
118.65,1,10:23:31.805108583
118.65,1,10:23:32.374593666
118.65,1,10:23:32.374684643
118.65,1,10:23:32.374699618
118.65,1,10:23:48.043315832
118.65,6,10:23:48.348261010
118.65,1,10:23:48.348261010
118.65,1,10:23:48.348334879
118.65,24,10:23:48.348921026
118.65,1,10:23:48.349094181
118.65,3,10:23:48.349109791
118.65,5,10:23:48.349125359
118.65,1,10:23:48.349125359
118.65,2,10:23:48.349125359
118.65,1,10:23:48.349144818
118.65,1,10:23:49.470821925
118.65,2,10:23:49.507953312
118.65,1,10:23:49.645153316
118.64,1,10:23:51.194587230
118.64,1,10:23:51.194677441
118.64,1,10:23:51.194691812
118.65,1,10:23:51.512425283
118.65,1,10:23:51.515049192
118.65,1,10:23:51.559259524
118.65,2,10:23:51.609883123
118.65,2,10:23:51.609898816
118.65,1,10:23:51.722566809
118.65,3,10:23:51.722566809
118.66,1,10:23:52.372060427
118.66,10,10:23:52.372677592
118.66,1,10:23:52.372677592
118.66,1,10:23:52.372861431
118.66,3,10:23:52.372874990
118.66,10,10:23:52.372874990
118.66,1,10:23:52.372890001
118.66,3,10:23:52.372904907
118.66,1,10:23:52.372904907
118.66,1,10:23:52.372928852
118.66,1,10:23:54.591367119
118.66,3,10:23:54.591818095
118.66,11,10:23:54.817979795
118.66,1,10:23:54.818696401
118.66,1,10:23:56.367574427
118.66,2,10:23:57.442814829
118.66,1,10:23:58.702808115
118.66,1,10:23:58.703069698
118.66,12,10:24:01.163807580
118.66,1,10:24:01.163825246
118.66,3,10:24:08.563313692
118.66,7,10:24:08.601604915
118.66,1,10:24:08.601620300
118.66,1,10:24:08.602001090
118.66,3,10:24:08.602001090
118.66,10,10:24:10.634308317
118.66,9,10:24:10.656971223
118.66,1,10:24:10.656971223
118.66,1,10:24:10.657070218
118.66,1,10:24:10.657086244
118.66,2,10:24:10.657491473
118.66,1,10:24:10.657939107
118.66,2,10:24:10.923916369
118.66,1,10:24:10.923932874
118.66,1,10:24:17.434669400
118.66,2,10:24:17.453795746
118.66,1,10:24:17.466870975
118.66,1,10:24:17.480054595
118.66,2,10:24:18.696392013
118.66,6,10:24:18.696424300
118.66,1,10:24:18.696424300
118.66,2,10:24:18.696424300
118.66,3,10:24:18.707011740
118.66,1,10:24:18.726510931
118.65,1,10:24:19.340850829
118.65,2,10:24:19.354286817
118.65,2,10:24:20.646488954
118.65,1,10:24:20.646524931
118.65,2,10:24:20.646524931
118.65,5,10:24:20.646524931
118.65,1,10:24:20.646790886
118.65,2,10:24:20.647166227
118.65,2,10:24:20.647468073
118.65,3,10:24:20.647997330
118.65,1,10:24:20.657233503
118.65,7,10:24:20.664494721
118.65,1,10:24:20.685100466
118.64,4,10:24:21.213688546
118.64,3,10:24:21.213688546
118.65,4,10:24:28.707452253
118.65,1,10:24:28.707740259
118.64,1,10:24:28.709815292
118.65,1,10:24:28.710067020
118.64,1,10:24:38.213402304
118.64,3,10:24:38.213493290
118.64,1,10:24:38.213508246
118.64,1,10:24:38.213901907
118.64,5,10:24:38.213901907
118.64,2,10:24:38.214068639
118.64,1,10:24:38.214083974
118.64,1,10:24:38.214097712
118.64,1,10:24:38.214111776
