bidVolume,bidPrice,askVolume,askPrice,timestamp
122,110.07,11,110.08,08:45:00.014500755
122,110.07,12,110.08,08:45:00.014649532
122,110.07,11,110.08,08:45:00.022551072
122,110.07,10,110.08,08:45:00.022691859
122,110.07,9,110.08,08:45:01.264644920
122,110.07,144,110.09,08:45:01.265129989
122,110.07,132,110.09,08:45:01.265266875
118,110.07,132,110.09,08:45:01.265266875
115,110.07,132,110.09,08:45:01.265266875
115,110.07,130,110.09,08:45:01.265310375
115,110.07,122,110.09,08:45:01.266643519
1,110.08,122,110.09,08:45:01.275922419
6,110.08,122,110.09,08:45:01.276101220
5,110.08,122,110.09,08:45:01.277799449
121,110.07,122,110.09,08:45:01.279359103
117,110.07,122,110.09,08:45:01.279934017
118,110.07,122,110.09,08:45:01.284839653
118,110.07,143,110.09,08:45:01.378540722
116,110.07,143,110.09,08:45:01.864122699
118,110.07,143,110.09,08:45:02.006200544
120,110.07,143,110.09,08:45:02.006269818
120,110.07,146,110.09,08:45:02.006346013
120,110.07,149,110.09,08:45:02.006422679
1,110.08,149,110.09,08:45:02.599066816
44,110.08,149,110.09,08:45:02.599253056
44,110.08,104,110.09,08:45:02.599327977
47,110.08,104,110.09,08:45:02.599605228
48,110.08,104,110.09,08:45:02.600591051
49,110.08,104,110.09,08:45:02.600788085
50,110.08,104,110.09,08:45:02.600802574
51,110.08,104,110.09,08:45:02.601159125
52,110.08,104,110.09,08:45:02.601256354
54,110.08,104,110.09,08:45:02.601631918
54,110.08,103,110.09,08:45:02.610651924
54,110.08,102,110.09,08:45:02.610729620
55,110.08,102,110.09,08:45:02.618931657
52,110.08,102,110.09,08:45:02.712108391
53,110.08,102,110.09,08:45:02.714323910
55,110.08,102,110.09,08:45:02.714482764
53,110.08,102,110.09,08:45:02.784088095
52,110.08,102,110.09,08:45:02.784355372
51,110.08,102,110.09,08:45:02.784370582
8,110.08,102,110.09,08:45:02.784370582
9,110.08,102,110.09,08:45:02.785011787
11,110.08,102,110.09,08:45:02.785109605
11,110.08,80,110.09,08:45:02.785109605
21,110.08,80,110.09,08:45:02.785229492
27,110.08,80,110.09,08:45:02.785229492
28,110.08,80,110.09,08:45:02.785391928
27,110.08,80,110.09,08:45:02.785552501
21,110.08,80,110.09,08:45:02.786396919
21,110.08,106,110.09,08:45:02.791720426
11,110.08,106,110.09,08:45:02.791798311
11,110.08,128,110.09,08:45:02.791870112
9,110.08,128,110.09,08:45:02.791938916
8,110.08,128,110.09,08:45:02.793387811
9,110.08,128,110.09,08:45:02.825820299
10,110.08,128,110.09,08:45:02.825993160
11,110.08,128,110.09,08:45:02.839856578
17,110.08,128,110.09,08:45:02.844355691
11,110.08,128,110.09,08:45:03.067415561
10,110.08,128,110.09,08:45:03.067480540
9,110.08,128,110.09,08:45:03.067551590
8,110.08,128,110.09,08:45:03.067620294
9,110.08,128,110.09,08:45:03.271544992
11,110.08,128,110.09,08:45:03.271651807
12,110.08,128,110.09,08:45:03.271720458
11,110.08,128,110.09,08:45:03.271886010
17,110.08,128,110.09,08:45:03.304248709
18,110.08,128,110.09,08:45:03.304824673
16,110.08,128,110.09,08:45:03.484126963
15,110.08,128,110.09,08:45:03.484281903
14,110.08,128,110.09,08:45:03.627291407
8,110.08,128,110.09,08:45:03.627608664
6,110.08,128,110.09,08:45:03.841260232
5,110.08,128,110.09,08:45:03.841444149
4,110.08,128,110.09,08:45:03.841564907
3,110.08,128,110.09,08:45:03.841750568
2,110.08,128,110.09,08:45:03.841859953
2,110.08,141,110.09,08:45:03.841963690
2,110.08,150,110.09,08:45:03.842031553
3,110.08,150,110.09,08:45:03.950235059
2,110.08,150,110.09,08:45:03.955174855
1,110.08,150,110.09,08:45:04.301251298
123,110.07,150,110.09,08:45:04.301329422
123,110.07,154,110.09,08:45:04.301524116
123,110.07,157,110.09,08:45:04.301597282
121,110.07,157,110.09,08:45:04.301825265
1,110.08,157,110.09,08:45:04.311919454
121,110.07,157,110.09,08:45:04.336199474
122,110.07,157,110.09,08:45:04.496350202
122,110.07,1,110.08,08:45:04.872595124
127,110.07,1,110.08,08:45:04.873235662
127,110.07,11,110.08,08:45:04.873235662
129,110.07,11,110.08,08:45:04.873257998
129,110.07,13,110.08,08:45:04.873257998
129,110.07,14,110.08,08:45:04.873346408
127,110.07,14,110.08,08:45:04.873522587
127,110.07,13,110.08,08:45:04.877203503
127,110.07,11,110.08,08:45:04.877474591
127,110.07,10,110.08,08:45:04.877641089
127,110.07,12,110.08,08:45:04.878712670
127,110.07,10,110.08,08:45:04.884595107
127,110.07,12,110.08,08:45:04.902002473
127,110.07,13,110.08,08:45:04.902080726
127,110.07,11,110.08,08:45:04.907891842
127,110.07,12,110.08,08:45:04.936027991
127,110.07,14,110.08,08:45:04.936178836
127,110.07,12,110.08,08:45:04.938063407
127,110.07,11,110.08,08:45:04.941120876
127,110.07,10,110.08,08:45:04.942554243
127,110.07,11,110.08,08:45:05.325851232
127,110.07,16,110.08,08:45:05.326044223
127,110.07,11,110.08,08:45:05.515653774
127,110.07,10,110.08,08:45:05.515786552
127,110.07,11,110.08,08:45:05.527266500
127,110.07,12,110.08,08:45:05.531651665
127,110.07,11,110.08,08:45:05.676237769
127,110.07,10,110.08,08:45:05.676369686
127,110.07,11,110.08,08:45:05.828131097
127,110.07,13,110.08,08:45:05.828195449
127,110.07,12,110.08,08:45:05.828262115
127,110.07,10,110.08,08:45:05.828445731
127,110.07,11,110.08,08:45:06.302482574
127,110.07,13,110.08,08:45:06.302558305
127,110.07,14,110.08,08:45:06.505146451
127,110.07,15,110.08,08:45:06.505207577
127,110.07,19,110.08,08:45:06.505332070
127,110.07,21,110.08,08:45:06.726541279
127,110.07,22,110.08,08:45:06.726917189
127,110.07,23,110.08,08:45:06.727011166
127,110.07,22,110.08,08:45:06.727085691
127,110.07,20,110.08,08:45:06.738100417
127,110.07,22,110.08,08:45:06.743217767
127,110.07,20,110.08,08:45:06.749569894
127,110.07,21,110.08,08:45:06.751241432
127,110.07,22,110.08,08:45:06.751424235
127,110.07,21,110.08,08:45:06.753552243
127,110.07,20,110.08,08:45:06.753770547
127,110.07,22,110.08,08:45:06.754992367
127,110.07,23,110.08,08:45:06.870995871
115,110.07,23,110.08,08:45:06.971566227
105,110.07,23,110.08,08:45:06.971566227
105,110.07,24,110.08,08:45:06.971861722
105,110.07,30,110.08,08:45:06.972049816
100,110.07,30,110.08,08:45:06.972422118
98,110.07,30,110.08,08:45:06.972422118
98,110.07,51,110.08,08:45:07.074861224
96,110.07,51,110.08,08:45:07.086122238
94,110.07,51,110.08,08:45:07.086230804
82,110.07,51,110.08,08:45:08.306657503
76,110.07,51,110.08,08:45:08.494719987
46,110.07,51,110.08,08:45:08.608100126
28,110.07,51,110.08,08:45:08.608100126
18,110.07,51,110.08,08:45:08.608205937
17,110.07,51,110.08,08:45:08.614243982
15,110.07,51,110.08,08:45:08.616593014
15,110.07,100,110.08,08:45:08.616631727
14,110.07,100,110.08,08:45:08.620933884
12,110.07,100,110.08,08:45:08.621671535
11,110.07,100,110.08,08:45:08.624998589
11,110.07,122,110.08,08:45:08.881516411
12,110.07,122,110.08,08:45:09.003166873
13,110.07,122,110.08,08:45:09.003235008
14,110.07,122,110.08,08:45:09.003523342
15,110.07,122,110.08,08:45:09.007225623
55,110.07,122,110.08,08:45:09.026130244
15,110.07,122,110.08,08:45:09.053331701
14,110.07,122,110.08,08:45:09.053506098
13,110.07,122,110.08,08:45:09.053584793
12,110.07,122,110.08,08:45:09.053584793
14,110.07,122,110.08,08:45:09.057189680
12,110.07,122,110.08,08:45:09.064149560
11,110.07,122,110.08,08:45:09.069851195
12,110.07,122,110.08,08:45:09.120194601
14,110.07,122,110.08,08:45:09.120496324
15,110.07,122,110.08,08:45:09.126318704
14,110.07,122,110.08,08:45:09.346297554
12,110.07,122,110.08,08:45:09.346371595
11,110.07,122,110.08,08:45:09.346469397
21,110.07,122,110.08,08:45:09.664248261
22,110.07,122,110.08,08:45:09.664316203
62,110.07,122,110.08,08:45:09.664595723
61,110.07,122,110.08,08:45:09.664646776
51,110.07,122,110.08,08:45:09.674566632
11,110.07,122,110.08,08:45:09.675979889
9,110.07,122,110.08,08:45:09.791192284
10,110.07,122,110.08,08:45:09.853471890
11,110.07,122,110.08,08:45:09.853800351
26,110.07,122,110.08,08:45:09.914830984
28,110.07,122,110.08,08:45:10.450040159
29,110.07,122,110.08,08:45:10.450150831
28,110.07,122,110.08,08:45:10.450638227
29,110.07,122,110.08,08:45:10.453677860
30,110.07,122,110.08,08:45:10.453828500
30,110.07,73,110.08,08:45:10.454655865
66,110.07,73,110.08,08:45:10.454655865
78,110.07,73,110.08,08:45:10.454726733
79,110.07,73,110.08,08:45:10.464249872
79,110.07,51,110.08,08:45:10.465502476
78,110.07,51,110.08,08:45:10.874551873
79,110.07,51,110.08,08:45:10.875269276
79,110.07,53,110.08,08:45:10.885867498
78,110.07,53,110.08,08:45:11.717007807
79,110.07,53,110.08,08:45:11.717268268
78,110.07,53,110.08,08:45:11.961135006
42,110.07,53,110.08,08:45:12.198594356
30,110.07,53,110.08,08:45:12.198711206
40,110.07,53,110.08,08:45:12.199847683
41,110.07,53,110.08,08:45:12.218104371
79,110.07,53,110.08,08:45:12.299247710
89,110.07,53,110.08,08:45:12.299351867
51,110.07,53,110.08,08:45:13.618200443
41,110.07,53,110.08,08:45:13.618273105
40,110.07,53,110.08,08:45:13.619229041
41,110.07,53,110.08,08:45:13.621065856
40,110.07,53,110.08,08:45:13.635087809
41,110.07,53,110.08,08:45:13.677019240
40,110.07,53,110.08,08:45:13.707260649
79,110.07,53,110.08,08:45:13.718496706
69,110.07,53,110.08,08:45:14.311673059
30,110.07,53,110.08,08:45:14.765598370
29,110.07,53,110.08,08:45:14.765773941
30,110.07,53,110.08,08:45:14.870812263
70,110.07,53,110.08,08:45:14.875406049
71,110.07,53,110.08,08:45:14.876611972
70,110.07,53,110.08,08:45:14.955319434
71,110.07,53,110.08,08:45:15.321048274
70,110.07,53,110.08,08:45:16.218166462
30,110.07,53,110.08,08:45:16.220948195
31,110.07,53,110.08,08:45:16.221057340
73,110.07,53,110.08,08:45:16.332639140
31,110.07,53,110.08,08:45:17.028358022
41,110.07,53,110.08,08:45:17.160965775
83,110.07,53,110.08,08:45:17.166612414
41,110.07,53,110.08,08:45:17.170555290
84,110.07,53,110.08,08:45:17.751853832
81,110.07,53,110.08,08:45:19.414206058
81,110.07,49,110.08,08:45:19.439434400
38,110.07,49,110.08,08:45:20.173095841
38,110.07,58,110.08,08:45:20.173283527
86,110.07,58,110.08,08:45:21.316407121
38,110.07,58,110.08,08:45:22.224792831
38,110.07,96,110.08,08:45:22.228783188
38,110.07,107,110.08,08:45:22.228874317
38,110.07,108,110.08,08:45:22.240078349
28,110.07,108,110.08,08:45:22.556242577
27,110.07,108,110.08,08:45:22.652392139
28,110.07,108,110.08,08:45:22.919051849
26,110.07,108,110.08,08:45:23.063854065
36,110.07,108,110.08,08:45:23.613485009
61,110.07,108,110.08,08:45:24.487844776
61,110.07,97,110.08,08:45:24.487982990
61,110.07,59,110.08,08:45:24.487982990
66,110.07,59,110.08,08:45:24.487982990
78,110.07,59,110.08,08:45:24.488132503
101,110.07,59,110.08,08:45:24.488132503
101,110.07,50,110.08,08:45:24.488350468
101,110.07,49,110.08,08:45:24.499389617
101,110.07,94,110.08,08:45:25.000956297
91,110.07,94,110.08,08:45:25.000978393
68,110.07,94,110.08,08:45:25.001011196
43,110.07,94,110.08,08:45:25.001011196
43,110.07,104,110.08,08:45:25.001011196
31,110.07,104,110.08,08:45:25.001438823
30,110.07,104,110.08,08:45:25.001438823
25,110.07,104,110.08,08:45:25.001438823
24,110.07,104,110.08,08:45:25.001472192
23,110.07,104,110.08,08:45:25.001472192
24,110.07,104,110.08,08:45:25.001609364
25,110.07,104,110.08,08:45:25.001609364
26,110.07,104,110.08,08:45:25.001624231
36,110.07,104,110.08,08:45:25.001725862
36,110.07,102,110.08,08:45:25.012272021
35,110.07,102,110.08,08:45:25.043694565
25,110.07,102,110.08,08:45:25.043781172
24,110.07,102,110.08,08:45:25.043781172
22,110.07,102,110.08,08:45:25.043931679
23,110.07,102,110.08,08:45:25.044125674
24,110.07,102,110.08,08:45:25.044283525
23,110.07,102,110.08,08:45:25.066332922
22,110.07,102,110.08,08:45:25.066502840
21,110.07,102,110.08,08:45:25.066660428
22,110.07,102,110.08,08:45:25.075541117
23,110.07,102,110.08,08:45:25.127587125
24,110.07,102,110.08,08:45:25.127738146
23,110.07,102,110.08,08:45:25.183467690
22,110.07,102,110.08,08:45:25.183610954
21,110.07,102,110.08,08:45:25.183760415
22,110.07,102,110.08,08:45:25.484900006
23,110.07,102,110.08,08:45:25.485047603
24,110.07,102,110.08,08:45:25.485127276
25,110.07,102,110.08,08:45:25.485202179
26,110.07,102,110.08,08:45:25.559603577
25,110.07,102,110.08,08:45:25.665567306
24,110.07,102,110.08,08:45:25.697320546
23,110.07,102,110.08,08:45:25.697465573
22,110.07,102,110.08,08:45:25.697601643
24,110.07,102,110.08,08:45:25.787651431
22,110.07,102,110.08,08:45:25.896818488
21,110.07,102,110.08,08:45:25.897000806
22,110.07,102,110.08,08:45:26.042503610
23,110.07,102,110.08,08:45:26.120764714
24,110.07,102,110.08,08:45:26.120847117
25,110.07,102,110.08,08:45:26.120957178
26,110.07,102,110.08,08:45:26.386088471
25,110.07,102,110.08,08:45:26.386557600
26,110.07,102,110.08,08:45:26.849811093
25,110.07,102,110.08,08:45:26.916808255
26,110.07,102,110.08,08:45:27.044512146
25,110.07,102,110.08,08:45:27.177990922
24,110.07,102,110.08,08:45:27.178128465
23,110.07,102,110.08,08:45:27.182091706
22,110.07,102,110.08,08:45:27.192197950
21,110.07,102,110.08,08:45:27.192486265
20,110.07,102,110.08,08:45:27.202613623
16,110.07,102,110.08,08:45:27.202888858
15,110.07,102,110.08,08:45:27.202964169
15,110.07,122,110.08,08:45:27.203440544
15,110.07,129,110.08,08:45:27.203440544
14,110.07,129,110.08,08:45:27.205374628
13,110.07,129,110.08,08:45:27.205389060
12,110.07,129,110.08,08:45:27.205468170
131,110.06,129,110.08,08:45:27.205485031
110,110.06,129,110.08,08:45:27.205624610
109,110.06,129,110.08,08:45:27.205744187
101,110.06,129,110.08,08:45:27.206090757
99,110.06,129,110.08,08:45:27.207849785
99,110.06,141,110.08,08:45:27.208020618
99,110.06,144,110.08,08:45:27.216781028
99,110.06,21,110.07,08:45:27.302073161
99,110.06,22,110.07,08:45:27.302257071
121,110.06,22,110.07,08:45:27.313477969
118,110.06,22,110.07,08:45:28.445083244
126,110.06,22,110.07,08:45:28.531527633
126,110.06,21,110.07,08:45:28.531722186
126,110.06,23,110.07,08:45:30.778621254
126,110.06,24,110.07,08:45:30.780170939
126,110.06,23,110.07,08:45:30.823934379
126,110.06,21,110.07,08:45:30.824090552
126,110.06,22,110.07,08:45:31.164234925
126,110.06,21,110.07,08:45:31.598699717
126,110.06,22,110.07,08:45:32.727065229
126,110.06,21,110.07,08:45:32.823093132
126,110.06,22,110.07,08:45:33.112622771
126,110.06,23,110.07,08:45:33.112689212
126,110.06,24,110.07,08:45:33.112760310
126,110.06,27,110.07,08:45:33.112835766
126,110.06,28,110.07,08:45:33.114394600
126,110.06,30,110.07,08:45:33.114416190
126,110.06,31,110.07,08:45:33.114598947
126,110.06,29,110.07,08:45:33.114752408
126,110.06,28,110.07,08:45:33.114913700
126,110.06,29,110.07,08:45:33.115660910
126,110.06,28,110.07,08:45:33.116374343
126,110.06,29,110.07,08:45:33.117140312
126,110.06,28,110.07,08:45:33.118706332
126,110.06,29,110.07,08:45:33.119640644
126,110.06,28,110.07,08:45:33.120416902
126,110.06,30,110.07,08:45:33.125435478
126,110.06,28,110.07,08:45:33.127947982
126,110.06,29,110.07,08:45:33.133180153
126,110.06,28,110.07,08:45:33.145211409
126,110.06,29,110.07,08:45:33.194469896
126,110.06,31,110.07,08:45:33.202102205
126,110.06,29,110.07,08:45:33.683311770
126,110.06,30,110.07,08:45:33.750630178
126,110.06,31,110.07,08:45:33.778952346
126,110.06,30,110.07,08:45:33.819618912
126,110.06,29,110.07,08:45:33.819763325
126,110.06,28,110.07,08:45:33.820481779
126,110.06,25,110.07,08:45:33.825299433
126,110.06,24,110.07,08:45:33.856491849
126,110.06,23,110.07,08:45:34.182827052
126,110.06,22,110.07,08:45:34.182963574
126,110.06,21,110.07,08:45:40.227394582
126,110.06,19,110.07,08:45:40.227550982
126,110.06,18,110.07,08:45:40.227667039
126,110.06,17,110.07,08:45:40.229360456
126,110.06,16,110.07,08:45:40.231743088
126,110.06,15,110.07,08:45:40.231827203
126,110.06,14,110.07,08:45:40.231967900
126,110.06,13,110.07,08:45:40.232086451
126,110.06,11,110.07,08:45:40.232086451
126,110.06,106,110.08,08:45:40.233500242
10,110.07,106,110.08,08:45:40.233861318
14,110.07,106,110.08,08:45:40.233880377
14,110.07,104,110.08,08:45:40.233903873
16,110.07,104,110.08,08:45:40.233903873
6,110.07,104,110.08,08:45:40.234307941
6,110.07,92,110.08,08:45:40.234327889
6,110.07,84,110.08,08:45:40.235355901
4,110.07,84,110.08,08:45:40.236846054
118,110.06,84,110.08,08:45:40.236989421
6,110.07,84,110.08,08:45:40.237561161
33,110.07,84,110.08,08:45:40.237772435
54,110.07,84,110.08,08:45:40.238067982
54,110.07,39,110.08,08:45:40.238085015
55,110.07,39,110.08,08:45:40.238492523
55,110.07,29,110.08,08:45:40.238507550
57,110.07,29,110.08,08:45:40.238690367
57,110.07,31,110.08,08:45:40.249389141
57,110.07,30,110.08,08:45:40.249541549
30,110.07,30,110.08,08:45:40.249691299
9,110.07,30,110.08,08:45:40.249765867
9,110.07,34,110.08,08:45:40.250031326
10,110.07,34,110.08,08:45:40.250031326
20,110.07,34,110.08,08:45:40.250031326
19,110.07,34,110.08,08:45:40.255314871
9,110.07,34,110.08,08:45:40.255432223
9,110.07,48,110.08,08:45:40.255518335
9,110.07,56,110.08,08:45:40.255675303
10,110.07,56,110.08,08:45:40.257595087
20,110.07,56,110.08,08:45:40.262085019
20,110.07,59,110.08,08:45:40.262264694
20,110.07,45,110.08,08:45:40.266875718
20,110.07,37,110.08,08:45:40.266948797
19,110.07,37,110.08,08:45:40.286663341
20,110.07,37,110.08,08:45:40.286947109
20,110.07,68,110.08,08:45:40.338261128
20,110.07,86,110.08,08:45:40.338328673
19,110.07,86,110.08,08:45:40.338485602
20,110.07,86,110.08,08:45:40.378485266
32,110.07,86,110.08,08:45:40.449865355
20,110.07,86,110.08,08:45:40.468186722
19,110.07,86,110.08,08:45:40.605465505
17,110.07,86,110.08,08:45:40.605465505
16,110.07,86,110.08,08:45:40.605734088
16,110.07,100,110.08,08:45:40.605734088
16,110.07,108,110.08,08:45:40.605815015
6,110.07,108,110.08,08:45:40.606162628
129,110.06,108,110.08,08:45:40.607506656
137,110.06,108,110.08,08:45:40.607782274
131,110.06,108,110.08,08:45:40.607930367
128,110.06,108,110.08,08:45:40.609341756
4,110.07,108,110.08,08:45:40.617222154
14,110.07,108,110.08,08:45:40.617303264
17,110.07,108,110.08,08:45:40.617683299
18,110.07,108,110.08,08:45:40.617683299
18,110.07,77,110.08,08:45:40.617699804
18,110.07,59,110.08,08:45:40.617699804
45,110.07,59,110.08,08:45:40.617699804
46,110.07,59,110.08,08:45:40.617802070
36,110.07,59,110.08,08:45:40.617829001
35,110.07,59,110.08,08:45:40.617978028
8,110.07,59,110.08,08:45:40.618501833
9,110.07,59,110.08,08:45:40.618660966
9,110.07,61,110.08,08:45:40.618785263
9,110.07,63,110.08,08:45:40.618939993
19,110.07,63,110.08,08:45:40.623427833
19,110.07,49,110.08,08:45:40.628405350
19,110.07,41,110.08,08:45:40.628472236
20,110.07,41,110.08,08:45:40.628584822
19,110.07,41,110.08,08:45:40.683670799
20,110.07,41,110.08,08:45:40.750194789
21,110.07,41,110.08,08:45:40.839344728
20,110.07,41,110.08,08:45:40.839486782
21,110.07,41,110.08,08:45:40.852670034
20,110.07,41,110.08,08:45:40.852816134
48,110.07,41,110.08,08:45:41.599083199
49,110.07,41,110.08,08:45:41.599179064
69,110.07,41,110.08,08:45:41.599194194
69,110.07,37,110.08,08:45:41.599558945
69,110.07,34,110.08,08:45:41.599575857
69,110.07,28,110.08,08:45:43.997270709
69,110.07,27,110.08,08:45:43.997462382
69,110.07,26,110.08,08:45:43.997486856
69,110.07,25,110.08,08:45:43.997486856
69,110.07,21,110.08,08:45:43.997486856
69,110.07,20,110.08,08:45:43.997486856
69,110.07,18,110.08,08:45:43.997486856
69,110.07,16,110.08,08:45:43.997517809
69,110.07,15,110.08,08:45:43.997517809
69,110.07,14,110.08,08:45:43.997517809
69,110.07,8,110.08,08:45:43.997517809
69,110.07,6,110.08,08:45:43.997517809
69,110.07,4,110.08,08:45:43.997517809
69,110.07,2,110.08,08:45:43.997517809
69,110.07,159,110.09,08:45:43.997517809
83,110.07,159,110.09,08:45:43.997616193
88,110.07,159,110.09,08:45:43.997885811
96,110.07,159,110.09,08:45:43.997885811
101,110.07,159,110.09,08:45:43.997901203
113,110.07,159,110.09,08:45:43.997901203
113,110.07,3,110.08,08:45:43.998051152
113,110.07,6,110.08,08:45:43.998097995
113,110.07,12,110.08,08:45:43.998489473
115,110.07,12,110.08,08:45:43.998489473
115,110.07,9,110.08,08:45:45.473584977
115,110.07,6,110.08,08:45:45.473584977
115,110.07,8,110.08,08:45:45.474159734
115,110.07,9,110.08,08:45:45.475757386
115,110.07,11,110.08,08:45:45.564321061
115,110.07,12,110.08,08:45:45.564447205
115,110.07,13,110.08,08:45:45.837386064
115,110.07,14,110.08,08:45:45.840592619
115,110.07,15,110.08,08:45:45.840805761
115,110.07,25,110.08,08:45:45.840872913
115,110.07,26,110.08,08:45:45.840984218
115,110.07,25,110.08,08:45:45.841303703
115,110.07,24,110.08,08:45:46.088265956
115,110.07,23,110.08,08:45:46.088337751
115,110.07,22,110.08,08:45:46.090466799
115,110.07,12,110.08,08:45:46.090676273
115,110.07,13,110.08,08:45:46.091922430
115,110.07,14,110.08,08:45:46.092798400
115,110.07,13,110.08,08:45:46.094576780
115,110.07,12,110.08,08:45:46.094642979
118,110.07,12,110.08,08:45:46.097822027
118,110.07,13,110.08,08:45:46.101935322
118,110.07,12,110.08,08:45:46.133793205
118,110.07,13,110.08,08:45:46.359844822
118,110.07,12,110.08,08:45:46.360291471
118,110.07,22,110.08,08:45:46.362272123
118,110.07,23,110.08,08:45:46.368426071
115,110.07,23,110.08,08:45:46.369730546
115,110.07,22,110.08,08:45:46.379968031
115,110.07,23,110.08,08:45:47.024350154
115,110.07,24,110.08,08:45:47.024538710
118,110.07,24,110.08,08:45:47.250050145
118,110.07,23,110.08,08:45:47.250194404
118,110.07,25,110.08,08:45:48.485327693
118,110.07,26,110.08,08:45:48.485484813
118,110.07,25,110.08,08:45:48.836727750
118,110.07,26,110.08,08:45:48.839995549
118,110.07,25,110.08,08:45:48.992863418
118,110.07,23,110.08,08:45:48.993017701
118,110.07,24,110.08,08:45:49.459902829
118,110.07,23,110.08,08:45:49.460309155
118,110.07,13,110.08,08:45:49.463844449
118,110.07,14,110.08,08:45:49.472421925
118,110.07,13,110.08,08:45:49.477453375
118,110.07,12,110.08,08:45:49.534859734
118,110.07,10,110.08,08:45:49.534929213
118,110.07,9,110.08,08:45:49.535160710
118,110.07,8,110.08,08:45:49.535514249
118,110.07,6,110.08,08:45:49.536398655
118,110.07,7,110.08,08:45:49.539081284
118,110.07,8,110.08,08:45:49.539451843
118,110.07,9,110.08,08:45:49.539598163
118,110.07,10,110.08,08:45:49.539598163
118,110.07,9,110.08,08:45:49.542245877
118,110.07,8,110.08,08:45:49.542592200
118,110.07,7,110.08,08:45:49.542768884
118,110.07,6,110.08,08:45:49.542835096
118,110.07,7,110.08,08:45:49.544069572
118,110.07,8,110.08,08:45:49.544169149
118,110.07,9,110.08,08:45:49.544425530
118,110.07,11,110.08,08:45:49.544856582
118,110.07,12,110.08,08:45:49.546023717
118,110.07,22,110.08,08:45:49.547045822
118,110.07,23,110.08,08:45:49.547115771
118,110.07,22,110.08,08:45:49.547360034
118,110.07,23,110.08,08:45:49.548549274
118,110.07,24,110.08,08:45:49.548993700
118,110.07,25,110.08,08:45:49.549062992
118,110.07,24,110.08,08:45:49.549466198
118,110.07,23,110.08,08:45:49.549535098
118,110.07,22,110.08,08:45:49.549664474
118,110.07,12,110.08,08:45:49.553149875
118,110.07,13,110.08,08:45:49.553408654
118,110.07,12,110.08,08:45:49.553591002
118,110.07,13,110.08,08:45:49.554417334
118,110.07,12,110.08,08:45:49.554740813
118,110.07,22,110.08,08:45:49.554968653
118,110.07,23,110.08,08:45:49.640232380
118,110.07,24,110.08,08:45:49.640395701
118,110.07,25,110.08,08:45:49.644603702
118,110.07,24,110.08,08:45:49.762831648
118,110.07,25,110.08,08:45:49.888205912
115,110.07,25,110.08,08:45:49.900701208
115,110.07,26,110.08,08:45:49.900891664
115,110.07,25,110.08,08:45:50.529893368
115,110.07,24,110.08,08:45:50.530035838
115,110.07,25,110.08,08:45:50.575623819
115,110.07,24,110.08,08:45:50.954640236
115,110.07,23,110.08,08:45:50.955026761
115,110.07,13,110.08,08:45:50.955602715
118,110.07,13,110.08,08:45:50.956605812
118,110.07,14,110.08,08:45:51.043571279
118,110.07,15,110.08,08:45:51.043633250
118,110.07,16,110.08,08:45:51.043838729
118,110.07,26,110.08,08:45:51.043900805
115,110.07,26,110.08,08:45:51.045108811
115,110.07,28,110.08,08:45:51.118305992
115,110.07,29,110.08,08:45:51.118333653
110,110.07,29,110.08,08:45:51.118333653
110,110.07,30,110.08,08:45:51.118333653
110,110.07,36,110.08,08:45:51.118333653
96,110.07,36,110.08,08:45:51.118333653
88,110.07,36,110.08,08:45:51.118333653
87,110.07,36,110.08,08:45:51.118886267
82,110.07,36,110.08,08:45:51.119204420
80,110.07,36,110.08,08:45:51.119204420
68,110.07,36,110.08,08:45:51.119222379
40,110.07,36,110.08,08:45:51.119396651
40,110.07,78,110.08,08:45:51.119427928
20,110.07,78,110.08,08:45:51.119449923
21,110.07,78,110.08,08:45:51.119464099
21,110.07,88,110.08,08:45:51.119494736
26,110.07,88,110.08,08:45:51.119743226
28,110.07,88,110.08,08:45:51.120014106
28,110.07,46,110.08,08:45:51.120872663
40,110.07,46,110.08,08:45:51.120872663
35,110.07,46,110.08,08:45:51.120895844
35,110.07,36,110.08,08:45:51.121239401
35,110.07,55,110.08,08:45:51.121668691
23,110.07,55,110.08,08:45:51.121725875
23,110.07,57,110.08,08:45:51.130679220
23,110.07,59,110.08,08:45:51.130785066
22,110.07,59,110.08,08:45:51.134729710
22,110.07,67,110.08,08:45:51.136905677
23,110.07,67,110.08,08:45:51.136996145
22,110.07,67,110.08,08:45:51.140810138
22,110.07,68,110.08,08:45:51.141968860
23,110.07,68,110.08,08:45:51.142127139
22,110.07,68,110.08,08:45:51.150043952
23,110.07,68,110.08,08:45:51.160531235
22,110.07,68,110.08,08:45:51.167436115
12,110.07,68,110.08,08:45:51.186388617
11,110.07,68,110.08,08:45:51.190040794
12,110.07,68,110.08,08:45:51.192511631
11,110.07,68,110.08,08:45:51.197015830
12,110.07,68,110.08,08:45:51.204138814
12,110.07,110,110.08,08:45:51.221063997
11,110.07,110,110.08,08:45:51.221173674
12,110.07,110,110.08,08:45:51.230779965
12,110.07,111,110.08,08:45:51.232345538
11,110.07,111,110.08,08:45:51.240138847
10,110.07,111,110.08,08:45:51.249779862
9,110.07,111,110.08,08:45:51.263696871
5,110.07,111,110.08,08:45:51.268879747
6,110.07,111,110.08,08:45:51.271762847
5,110.07,111,110.08,08:45:51.281445676
5,110.07,118,110.08,08:45:51.397860264
6,110.07,118,110.08,08:45:51.409890585
7,110.07,118,110.08,08:45:51.409957187
8,110.07,118,110.08,08:45:51.410433436
9,110.07,118,110.08,08:45:51.414310128
10,110.07,118,110.08,08:45:51.426630347
11,110.07,118,110.08,08:45:51.451760852
21,110.07,118,110.08,08:45:51.453271155
22,110.07,118,110.08,08:45:51.453271155
22,110.07,99,110.08,08:45:51.454362443
23,110.07,99,110.08,08:45:51.454473483
35,110.07,99,110.08,08:45:51.454495345
35,110.07,92,110.08,08:45:51.454587088
40,110.07,92,110.08,08:45:52.338878635
40,110.07,101,110.08,08:45:52.767937243
40,110.07,59,110.08,08:45:52.912572686
80,110.07,59,110.08,08:45:52.915476294
80,110.07,58,110.08,08:45:52.926748808
80,110.07,57,110.08,08:45:52.926818690
80,110.07,56,110.08,08:45:54.406924701
80,110.07,55,110.08,08:45:54.410757765
80,110.07,49,110.08,08:45:54.410831899
80,110.07,48,110.08,08:45:54.411848961
80,110.07,49,110.08,08:45:54.614316518
80,110.07,50,110.08,08:45:54.614480301
80,110.07,51,110.08,08:45:54.618521047
80,110.07,50,110.08,08:45:54.624144406
80,110.07,49,110.08,08:45:54.629295712
80,110.07,48,110.08,08:45:54.629359336
80,110.07,49,110.08,08:45:55.058324543
80,110.07,50,110.08,08:45:55.058506562
80,110.07,49,110.08,08:45:55.177796687
80,110.07,48,110.08,08:45:55.177934965
80,110.07,49,110.08,08:45:55.186638118
80,110.07,50,110.08,08:45:55.622589640
80,110.07,49,110.08,08:45:55.623338347
80,110.07,50,110.08,08:45:56.161939191
80,110.07,51,110.08,08:45:56.162003044
40,110.07,51,110.08,08:45:56.170083944
35,110.07,51,110.08,08:45:56.463524160
35,110.07,100,110.08,08:45:56.954016776
25,110.07,100,110.08,08:45:56.954303464
24,110.07,100,110.08,08:45:56.954327358
12,110.07,100,110.08,08:45:56.954412337
12,110.07,122,110.08,08:45:56.954849393
11,110.07,122,110.08,08:45:56.954985770
12,110.07,122,110.08,08:45:56.955090935
13,110.07,122,110.08,08:45:56.955374436
23,110.07,122,110.08,08:45:56.955698026
28,110.07,122,110.08,08:45:56.956211792
40,110.07,122,110.08,08:45:56.956233389
35,110.07,122,110.08,08:45:56.956349744
35,110.07,100,110.08,08:45:56.956425194
40,110.07,100,110.08,08:45:56.956787437
35,110.07,100,110.08,08:45:56.958160565
23,110.07,100,110.08,08:45:56.959853302
22,110.07,100,110.08,08:45:56.959949322
12,110.07,100,110.08,08:45:56.960153306
17,110.07,100,110.08,08:45:56.960889437
27,110.07,100,110.08,08:45:56.960966180
28,110.07,100,110.08,08:45:56.960966180
27,110.07,100,110.08,08:45:56.961669303
28,110.07,100,110.08,08:45:56.962801619
28,110.07,101,110.08,08:45:56.965321963
27,110.07,101,110.08,08:45:56.965546560
27,110.07,102,110.08,08:45:56.965635182
28,110.07,102,110.08,08:45:56.966618682
40,110.07,102,110.08,08:45:56.968009390
28,110.07,102,110.08,08:45:57.045252587
28,110.07,98,110.08,08:45:57.045490145
72,110.07,98,110.08,08:45:57.879045587
72,110.07,49,110.08,08:45:57.879141875
84,110.07,49,110.08,08:45:57.879224259
84,110.07,45,110.08,08:45:57.879307906
84,110.07,44,110.08,08:45:57.890402991
84,110.07,43,110.08,08:45:57.890512850
84,110.07,42,110.08,08:45:58.781978407
84,110.07,41,110.08,08:45:58.782274609
84,110.07,42,110.08,08:45:58.783844170
84,110.07,43,110.08,08:45:58.784003779
84,110.07,42,110.08,08:45:58.792302426
84,110.07,43,110.08,08:45:58.797142078
84,110.07,42,110.08,08:45:58.801249534
84,110.07,43,110.08,08:45:59.261191187
72,110.07,43,110.08,08:45:59.443104900
28,110.07,43,110.08,08:45:59.514211064
28,110.07,47,110.08,08:45:59.514362159
27,110.07,47,110.08,08:45:59.523926767
28,110.07,47,110.08,08:45:59.524200920
27,110.07,47,110.08,08:45:59.524655892
22,110.07,47,110.08,08:45:59.524818843
22,110.07,73,110.08,08:45:59.525620318
22,110.07,96,110.08,08:45:59.525694542
12,110.07,96,110.08,08:45:59.527757139
12,110.07,97,110.08,08:45:59.537005232
12,110.07,98,110.08,08:45:59.537085840
11,110.07,98,110.08,08:45:59.537157040
12,110.07,98,110.08,08:45:59.668617434
11,110.07,98,110.08,08:45:59.669261798
11,110.07,110,110.08,08:45:59.677698874
11,110.07,120,110.08,08:45:59.677809613
8,110.07,120,110.08,08:45:59.678825843
7,110.07,120,110.08,08:45:59.679149964
5,110.07,120,110.08,08:45:59.679505672
4,110.07,120,110.08,08:45:59.679505672
3,110.07,120,110.08,08:45:59.679505672
2,110.07,120,110.08,08:45:59.679609570
1,110.07,120,110.08,08:45:59.679624940
137,110.06,120,110.08,08:45:59.679624940
137,110.06,125,110.08,08:45:59.679977560
137,110.06,130,110.08,08:45:59.679977560
135,110.06,130,110.08,08:45:59.679994066
133,110.06,130,110.08,08:45:59.679994066
133,110.06,133,110.08,08:45:59.680484117
127,110.06,133,110.08,08:45:59.680847726
127,110.06,1,110.07,08:46:00.010591952
127,110.06,6,110.07,08:46:00.010808995
127,110.06,16,110.07,08:46:00.010916646
127,110.06,18,110.07,08:46:00.011988050
127,110.06,19,110.07,08:46:00.012088487
121,110.06,19,110.07,08:46:00.012390465
121,110.06,20,110.07,08:46:00.012631303
121,110.06,19,110.07,08:46:00.012832244
118,110.06,19,110.07,08:46:00.012976144
96,110.06,19,110.07,08:46:00.013711710
96,110.06,20,110.07,08:46:00.014391164
96,110.06,22,110.07,08:46:00.014408675
96,110.06,28,110.07,08:46:00.014486006
96,110.06,29,110.07,08:46:00.014624111
96,110.06,33,110.07,08:46:00.014646284
96,110.06,32,110.07,08:46:00.015026333
96,110.06,30,110.07,08:46:00.016439173
96,110.06,31,110.07,08:46:00.020842172
96,110.06,30,110.07,08:46:00.021711471
96,110.06,31,110.07,08:46:00.026139346
96,110.06,32,110.07,08:46:00.031826629
96,110.06,31,110.07,08:46:00.037829015
96,110.06,27,110.07,08:46:00.038022961
96,110.06,28,110.07,08:46:00.040204162
96,110.06,27,110.07,08:46:00.052566790
96,110.06,21,110.07,08:46:00.052692756
96,110.06,22,110.07,08:46:00.059792310
96,110.06,21,110.07,08:46:00.079209539
96,110.06,22,110.07,08:46:00.086002029
96,110.06,23,110.07,08:46:00.092135411
96,110.06,22,110.07,08:46:00.143958199
96,110.06,21,110.07,08:46:00.144024718
96,110.06,20,110.07,08:46:00.144098968
96,110.06,21,110.07,08:46:00.236539586
96,110.06,23,110.07,08:46:00.237061472
96,110.06,28,110.07,08:46:00.237483498
96,110.06,29,110.07,08:46:00.237498157
96,110.06,28,110.07,08:46:00.237805322
96,110.06,23,110.07,08:46:00.255880485
96,110.06,21,110.07,08:46:00.256581620
96,110.06,20,110.07,08:46:00.258819219
96,110.06,19,110.07,08:46:00.259823061
96,110.06,20,110.07,08:46:00.259987586
96,110.06,19,110.07,08:46:00.263727158
96,110.06,59,110.07,08:46:00.312585916
96,110.06,80,110.07,08:46:00.315679291
99,110.06,80,110.07,08:46:00.945943811
96,110.06,80,110.07,08:46:00.948370901
96,110.06,78,110.07,08:46:01.061969891
96,110.06,68,110.07,08:46:01.062234806
111,110.06,68,110.07,08:46:01.068087362
118,110.06,68,110.07,08:46:01.068164952
118,110.06,63,110.07,08:46:01.068779547
118,110.06,62,110.07,08:46:01.069405993
121,110.06,62,110.07,08:46:01.069405993
121,110.06,61,110.07,08:46:01.069405993
121,110.06,70,110.07,08:46:01.070591862
121,110.06,49,110.07,08:46:01.177601046
121,110.06,50,110.07,08:46:01.219539026
121,110.06,51,110.07,08:46:01.219620796
121,110.06,52,110.07,08:46:01.220015011
121,110.06,53,110.07,08:46:01.220276700
121,110.06,56,110.07,08:46:01.220383554
121,110.06,57,110.07,08:46:01.220529609
118,110.06,57,110.07,08:46:01.220816872
118,110.06,59,110.07,08:46:01.249192453
118,110.06,61,110.07,08:46:01.249192453
118,110.06,71,110.07,08:46:01.249285929
118,110.06,72,110.07,08:46:01.249366537
103,110.06,72,110.07,08:46:01.249661025
103,110.06,62,110.07,08:46:01.249661025
96,110.06,62,110.07,08:46:01.249661025
96,110.06,83,110.07,08:46:01.329421697
96,110.06,82,110.07,08:46:02.056402119
99,110.06,82,110.07,08:46:02.057978806
99,110.06,80,110.07,08:46:02.061609867
99,110.06,81,110.07,08:46:02.199194517
99,110.06,82,110.07,08:46:02.199697534
99,110.06,83,110.07,08:46:02.204546402
96,110.06,83,110.07,08:46:02.204660734
51,110.06,83,110.07,08:46:02.358123347
51,110.06,82,110.07,08:46:02.995585462
83,110.06,82,110.07,08:46:02.996201727
83,110.06,83,110.07,08:46:02.996273660
100,110.06,83,110.07,08:46:02.996273660
100,110.06,82,110.07,08:46:02.998913156
100,110.06,81,110.07,08:46:02.999287537
100,110.06,80,110.07,08:46:02.999426983
100,110.06,82,110.07,08:46:02.999669901
100,110.06,80,110.07,08:46:03.000068656
103,110.06,80,110.07,08:46:03.000142442
103,110.06,81,110.07,08:46:03.000731222
103,110.06,82,110.07,08:46:03.001473442
103,110.06,83,110.07,08:46:03.002034306
103,110.06,82,110.07,08:46:03.003498340
103,110.06,81,110.07,08:46:03.003645975
103,110.06,82,110.07,08:46:03.004323437
103,110.06,83,110.07,08:46:03.004710752
103,110.06,82,110.07,08:46:03.005658192
103,110.06,83,110.07,08:46:03.006619643
103,110.06,82,110.07,08:46:03.006791784
100,110.06,82,110.07,08:46:03.007419240
100,110.06,81,110.07,08:46:03.008109307
100,110.06,82,110.07,08:46:03.008862026
100,110.06,83,110.07,08:46:03.009110945
100,110.06,82,110.07,08:46:03.653632635
100,110.06,83,110.07,08:46:04.100186579
100,110.06,82,110.07,08:46:06.437905304
100,110.06,83,110.07,08:46:07.480124975
100,110.06,84,110.07,08:46:07.480737407
100,110.06,83,110.07,08:46:07.480950239
100,110.06,82,110.07,08:46:07.481757752
100,110.06,83,110.07,08:46:07.484345292
100,110.06,84,110.07,08:46:07.484447920
100,110.06,83,110.07,08:46:07.484922111
100,110.06,82,110.07,08:46:07.509908165
100,110.06,83,110.07,08:46:07.510591073
100,110.06,82,110.07,08:46:07.523480585
100,110.06,83,110.07,08:46:07.526110231
100,110.06,82,110.07,08:46:07.696916887
100,110.06,81,110.07,08:46:07.839407412
100,110.06,80,110.07,08:46:07.839544606
100,110.06,81,110.07,08:46:07.856151596
100,110.06,82,110.07,08:46:07.856224227
100,110.06,83,110.07,08:46:07.921577472
100,110.06,82,110.07,08:46:09.155618035
100,110.06,81,110.07,08:46:09.155739661
100,110.06,80,110.07,08:46:09.156021494
100,110.06,78,110.07,08:46:09.161241174
100,110.06,77,110.07,08:46:09.161517523
103,110.06,77,110.07,08:46:09.161675782
100,110.06,77,110.07,08:46:09.177653873
100,110.06,78,110.07,08:46:09.219626466
100,110.06,77,110.07,08:46:09.222237265
103,110.06,77,110.07,08:46:09.231183809
103,110.06,78,110.07,08:46:09.656587455
103,110.06,79,110.07,08:46:09.656733862
100,110.06,79,110.07,08:46:09.657381272
100,110.06,80,110.07,08:46:09.657654841
100,110.06,81,110.07,08:46:09.733302509
100,110.06,80,110.07,08:46:09.912041414
100,110.06,79,110.07,08:46:09.916510810
100,110.06,78,110.07,08:46:09.921068496
100,110.06,77,110.07,08:46:09.921186369
103,110.06,77,110.07,08:46:09.922062265
103,110.06,79,110.07,08:46:09.933136930
103,110.06,80,110.07,08:46:09.933291074
103,110.06,81,110.07,08:46:09.933291074
103,110.06,80,110.07,08:46:09.933521948
103,110.06,78,110.07,08:46:09.933585964
103,110.06,79,110.07,08:46:09.934893060
100,110.06,79,110.07,08:46:09.935657975
100,110.06,78,110.07,08:46:09.936794787
100,110.06,79,110.07,08:46:09.937299145
100,110.06,80,110.07,08:46:09.937710226
100,110.06,79,110.07,08:46:09.945015097
100,110.06,81,110.07,08:46:10.022181982
100,110.06,82,110.07,08:46:11.179532333
100,110.06,84,110.07,08:46:11.179532333
83,110.06,84,110.07,08:46:11.182020648
51,110.06,84,110.07,08:46:11.182020648
96,110.06,84,110.07,08:46:11.510744629
96,110.06,83,110.07,08:46:11.510856779
96,110.06,84,110.07,08:46:11.829406566
51,110.06,84,110.07,08:46:11.849159522
51,110.06,124,110.07,08:46:12.007846266
51,110.06,134,110.07,08:46:12.008073427
39,110.06,134,110.07,08:46:12.008160989
39,110.06,124,110.07,08:46:12.008160989
33,110.06,124,110.07,08:46:12.018629251
32,110.06,124,110.07,08:46:12.752897061
31,110.06,124,110.07,08:46:12.753429578
30,110.06,124,110.07,08:46:12.753429578
20,110.06,124,110.07,08:46:12.753793728
19,110.06,124,110.07,08:46:12.753793728
18,110.06,124,110.07,08:46:12.754342787
17,110.06,124,110.07,08:46:12.754481763
17,110.06,134,110.07,08:46:12.754593279
14,110.06,134,110.07,08:46:12.754807896
13,110.06,134,110.07,08:46:12.754955878
13,110.06,141,110.07,08:46:12.755476204
11,110.06,141,110.07,08:46:12.756519128
10,110.06,141,110.07,08:46:12.757124974
7,110.06,141,110.07,08:46:12.838536503
6,110.06,141,110.07,08:46:12.838646058
5,110.06,141,110.07,08:46:12.838864925
5,110.06,161,110.07,08:46:12.838864925
127,110.05,161,110.07,08:46:12.839154048
127,110.05,166,110.07,08:46:12.839278470
125,110.05,166,110.07,08:46:12.839353330
117,110.05,166,110.07,08:46:12.839764713
117,110.05,3,110.06,08:46:12.840881321
117,110.05,161,110.07,08:46:12.846348369
117,110.05,159,110.07,08:46:12.846824628
117,110.05,138,110.07,08:46:12.938898615
121,110.05,138,110.07,08:46:12.939466342
121,110.05,159,110.07,08:46:13.089899204
117,110.05,159,110.07,08:46:13.090448074
117,110.05,4,110.06,08:46:13.314735100
117,110.05,5,110.06,08:46:13.314774268
117,110.05,7,110.06,08:46:13.314800742
114,110.05,7,110.06,08:46:13.314800742
114,110.05,8,110.06,08:46:13.314817123
114,110.05,51,110.06,08:46:13.314991698
114,110.05,53,110.06,08:46:13.315004738
114,110.05,63,110.06,08:46:13.315128370
114,110.05,64,110.06,08:46:13.315399676
114,110.05,73,110.06,08:46:13.315425078
108,110.05,73,110.06,08:46:13.315575414
108,110.05,63,110.06,08:46:13.315597071
108,110.05,61,110.06,08:46:13.315597071
108,110.05,60,110.06,08:46:13.315755500
108,110.05,17,110.06,08:46:13.315908286
108,110.05,8,110.06,08:46:13.316161224
108,110.05,18,110.06,08:46:13.316270238
111,110.05,18,110.06,08:46:13.325318444
108,110.05,18,110.06,08:46:13.326501106
108,110.05,16,110.06,08:46:14.209412788
113,110.05,16,110.06,08:46:14.209964729
115,110.05,16,110.06,08:46:14.210084349
115,110.05,15,110.06,08:46:14.210368141
115,110.05,14,110.06,08:46:14.210368141
115,110.05,10,110.06,08:46:14.210474624
115,110.05,158,110.07,08:46:14.210546461
115,110.05,146,110.07,08:46:14.211158908
110,110.05,146,110.07,08:46:14.211158908
108,110.05,146,110.07,08:46:14.211158908
108,110.05,138,110.07,08:46:14.211262805
111,110.05,138,110.07,08:46:14.215670003
111,110.05,159,110.07,08:46:14.314869461
111,110.05,2,110.06,08:46:14.620254355
111,110.05,3,110.06,08:46:14.620328899
111,110.05,4,110.06,08:46:14.620424300
111,110.05,5,110.06,08:46:14.620424300
111,110.05,6,110.06,08:46:14.620578813
111,110.05,16,110.06,08:46:14.620578813
116,110.05,16,110.06,08:46:14.620648915
118,110.05,16,110.06,08:46:14.620648915
115,110.05,16,110.06,08:46:14.621790776
115,110.05,17,110.06,08:46:14.711671670
115,110.05,19,110.06,08:46:14.711756806
115,110.05,20,110.06,08:46:14.711756806
115,110.05,29,110.06,08:46:14.712049221
113,110.05,29,110.06,08:46:14.715770138
108,110.05,29,110.06,08:46:14.715866076
108,110.05,30,110.06,08:46:14.716133392
108,110.05,32,110.06,08:46:14.716410630
108,110.05,30,110.06,08:46:14.716410630
108,110.05,29,110.06,08:46:14.716580810
108,110.05,35,110.06,08:46:14.717649125
108,110.05,29,110.06,08:46:14.718931089
108,110.05,30,110.06,08:46:14.719637844
108,110.05,29,110.06,08:46:14.719912996
108,110.05,28,110.06,08:46:14.722086002
108,110.05,19,110.06,08:46:14.722184425
108,110.05,20,110.06,08:46:14.723913323
108,110.05,19,110.06,08:46:14.724372567
108,110.05,18,110.06,08:46:14.725977110
108,110.05,19,110.06,08:46:14.728781581
108,110.05,18,110.06,08:46:14.729172221
108,110.05,19,110.06,08:46:14.729345693
108,110.05,20,110.06,08:46:14.732320020
108,110.05,21,110.06,08:46:14.733537284
108,110.05,22,110.06,08:46:14.734135898
108,110.05,28,110.06,08:46:14.735035193
108,110.05,29,110.06,08:46:14.737454766
108,110.05,28,110.06,08:46:14.737609521
108,110.05,22,110.06,08:46:14.737932209
108,110.05,21,110.06,08:46:14.738086171
108,110.05,22,110.06,08:46:14.738664094
108,110.05,23,110.06,08:46:14.738811482
108,110.05,22,110.06,08:46:14.739407811
108,110.05,21,110.06,08:46:14.740081353
108,110.05,20,110.06,08:46:14.740729353
108,110.05,19,110.06,08:46:14.741535317
108,110.05,20,110.06,08:46:14.742480769
108,110.05,21,110.06,08:46:14.742557518
108,110.05,22,110.06,08:46:14.743223678
108,110.05,21,110.06,08:46:14.750038700
108,110.05,20,110.06,08:46:14.750802617
108,110.05,21,110.06,08:46:14.752103678
108,110.05,20,110.06,08:46:14.752174929
108,110.05,19,110.06,08:46:14.752278030
108,110.05,21,110.06,08:46:14.783606041
108,110.05,22,110.06,08:46:14.789680411
108,110.05,28,110.06,08:46:14.789782062
108,110.05,29,110.06,08:46:14.789992532
108,110.05,38,110.06,08:46:14.790197108
108,110.05,37,110.06,08:46:14.794202130
108,110.05,36,110.06,08:46:14.794482738
108,110.05,27,110.06,08:46:14.796861184
108,110.05,21,110.06,08:46:14.797060950
108,110.05,19,110.06,08:46:14.801878435
108,110.05,21,110.06,08:46:14.802001187
108,110.05,19,110.06,08:46:14.818802952
108,110.05,20,110.06,08:46:14.820721472
108,110.05,21,110.06,08:46:14.857742455
108,110.05,20,110.06,08:46:14.870871051
108,110.05,19,110.06,08:46:14.872033908
108,110.05,20,110.06,08:46:14.874118390
108,110.05,21,110.06,08:46:14.874640191
108,110.05,20,110.06,08:46:14.887609402
108,110.05,19,110.06,08:46:14.887685565
108,110.05,22,110.06,08:46:14.961603429
108,110.05,19,110.06,08:46:15.083871625
108,110.05,20,110.06,08:46:15.085338792
108,110.05,19,110.06,08:46:15.085612635
108,110.05,20,110.06,08:46:15.085890610
108,110.05,21,110.06,08:46:15.086633204
108,110.05,22,110.06,08:46:15.086753527
108,110.05,21,110.06,08:46:15.088377846
108,110.05,20,110.06,08:46:15.095388385
108,110.05,21,110.06,08:46:15.095818238
108,110.05,20,110.06,08:46:15.319450133
108,110.05,19,110.06,08:46:15.574121706
108,110.05,17,110.06,08:46:15.574623866
108,110.05,18,110.06,08:46:15.576481615
108,110.05,19,110.06,08:46:15.576559445
108,110.05,20,110.06,08:46:15.577240609
108,110.05,19,110.06,08:46:15.577630942
108,110.05,18,110.06,08:46:15.578549604
108,110.05,20,110.06,08:46:15.584595811
108,110.05,26,110.06,08:46:15.689609247
108,110.05,27,110.06,08:46:15.689912495
108,110.05,28,110.06,08:46:15.690219832
86,110.05,28,110.06,08:46:15.704356534
91,110.05,28,110.06,08:46:16.003952319
91,110.05,29,110.06,08:46:16.244221439
91,110.05,28,110.06,08:46:16.425806694
91,110.05,29,110.06,08:46:16.635767388
91,110.05,30,110.06,08:46:16.635834309
90,110.05,30,110.06,08:46:16.656718858
89,110.05,30,110.06,08:46:16.656789245
90,110.05,30,110.06,08:46:16.657431946
91,110.05,30,110.06,08:46:16.657585123
90,110.05,30,110.06,08:46:16.677239123
89,110.05,30,110.06,08:46:16.713025952
89,110.05,79,110.06,08:46:16.713179976
82,110.05,79,110.06,08:46:16.713179976
70,110.05,79,110.06,08:46:16.713363233
70,110.05,88,110.06,08:46:16.713599076
70,110.05,39,110.06,08:46:16.723960906
71,110.05,39,110.06,08:46:16.724105597
72,110.05,39,110.06,08:46:16.727392881
72,110.05,60,110.06,08:46:16.734399229
71,110.05,60,110.06,08:46:16.813360113
72,110.05,60,110.06,08:46:16.834484634
71,110.05,60,110.06,08:46:17.452504066
27,110.05,60,110.06,08:46:17.462393573
28,110.05,60,110.06,08:46:17.462573688
27,110.05,60,110.06,08:46:17.466799055
28,110.05,60,110.06,08:46:17.485241542
27,110.05,60,110.06,08:46:18.024948116
62,110.05,60,110.06,08:46:18.052300214
75,110.05,60,110.06,08:46:18.052372726
62,110.05,60,110.06,08:46:18.290617243
27,110.05,60,110.06,08:46:18.290617243
27,110.05,109,110.06,08:46:18.290913639
26,110.05,109,110.06,08:46:18.935411033
27,110.05,109,110.06,08:46:18.935858726
26,110.05,109,110.06,08:46:18.936796545
16,110.05,109,110.06,08:46:18.939522067
15,110.05,109,110.06,08:46:18.939697497
14,110.05,109,110.06,08:46:18.939780467
13,110.05,109,110.06,08:46:18.941168181
12,110.05,109,110.06,08:46:18.941261051
12,110.05,117,110.06,08:46:18.941261051
11,110.05,117,110.06,08:46:18.941440856
10,110.05,117,110.06,08:46:18.941465429
8,110.05,117,110.06,08:46:18.941766008
8,110.05,139,110.06,08:46:18.942158907
9,110.05,139,110.06,08:46:18.942286545
8,110.05,139,110.06,08:46:18.942803043
9,110.05,139,110.06,08:46:18.943488980
8,110.05,139,110.06,08:46:18.943720160
9,110.05,139,110.06,08:46:18.997405463
8,110.05,139,110.06,08:46:19.008803778
9,110.05,139,110.06,08:46:19.043294539
8,110.05,139,110.06,08:46:19.043451474
9,110.05,139,110.06,08:46:19.047691916
14,110.05,139,110.06,08:46:19.047806210
15,110.05,139,110.06,08:46:19.048107995
27,110.05,139,110.06,08:46:19.048124792
27,110.05,117,110.06,08:46:19.048318337
28,110.05,117,110.06,08:46:19.647267832
28,110.05,68,110.06,08:46:19.650722710
64,110.05,68,110.06,08:46:19.650799391
76,110.05,68,110.06,08:46:19.650882159
86,110.05,68,110.06,08:46:19.650882159
76,110.05,68,110.06,08:46:19.651222489
64,110.05,68,110.06,08:46:19.660814341
28,110.05,68,110.06,08:46:19.660888006
16,110.05,68,110.06,08:46:19.661051356
26,110.05,68,110.06,08:46:19.661131484
25,110.05,68,110.06,08:46:19.677229761
15,110.05,68,110.06,08:46:19.677721777
16,110.05,68,110.06,08:46:20.135538019
26,110.05,68,110.06,08:46:20.234239531
27,110.05,68,110.06,08:46:20.238259855
26,110.05,68,110.06,08:46:20.383077195
27,110.05,68,110.06,08:46:20.579652892
39,110.05,68,110.06,08:46:20.700135003
39,110.05,60,110.06,08:46:20.700493061
76,110.05,60,110.06,08:46:21.434893224
87,110.05,60,110.06,08:46:21.434893224
50,110.05,60,110.06,08:46:21.615549916
39,110.05,60,110.06,08:46:21.615618482
77,110.05,60,110.06,08:46:21.974494812
87,110.05,60,110.06,08:46:21.974597849
87,110.05,59,110.06,08:46:21.983112073
87,110.05,57,110.06,08:46:21.983390946
87,110.05,56,110.06,08:46:21.984187413
105,110.05,56,110.06,08:46:21.984392588
105,110.05,55,110.06,08:46:21.987890470
105,110.05,49,110.06,08:46:21.988071600
105,110.05,40,110.06,08:46:21.988393960
105,110.05,39,110.06,08:46:22.001027978
105,110.05,38,110.06,08:46:22.001102909
105,110.05,17,110.06,08:46:22.144013527
105,110.05,18,110.06,08:46:22.178574288
105,110.05,19,110.06,08:46:22.178722368
105,110.05,21,110.06,08:46:22.178958026
105,110.05,19,110.06,08:46:22.180836978
105,110.05,18,110.06,08:46:22.182752177
105,110.05,19,110.06,08:46:22.183263034
105,110.05,20,110.06,08:46:22.183411607
105,110.05,19,110.06,08:46:22.189713983
105,110.05,18,110.06,08:46:22.189860534
105,110.05,17,110.06,08:46:22.199813004
105,110.05,19,110.06,08:46:22.246309245
105,110.05,20,110.06,08:46:22.246370067
105,110.05,21,110.06,08:46:22.248289960
105,110.05,20,110.06,08:46:22.270335002
105,110.05,18,110.06,08:46:22.273843678
105,110.05,17,110.06,08:46:22.274533581
105,110.05,18,110.06,08:46:22.276468690
105,110.05,19,110.06,08:46:22.276635420
105,110.05,18,110.06,08:46:22.305223490
105,110.05,17,110.06,08:46:22.305436418
109,110.05,17,110.06,08:46:22.305550520
105,110.05,17,110.06,08:46:22.305943588
105,110.05,18,110.06,08:46:22.307404522
105,110.05,39,110.06,08:46:22.346244436
105,110.05,18,110.06,08:46:22.429404485
105,110.05,19,110.06,08:46:22.598012047
105,110.05,18,110.06,08:46:22.600584014
105,110.05,17,110.06,08:46:22.608373964
105,110.05,18,110.06,08:46:22.608564914
105,110.05,17,110.06,08:46:22.687498812
105,110.05,18,110.06,08:46:22.738184294
105,110.05,19,110.06,08:46:22.738761913
105,110.05,20,110.06,08:46:22.739469449
105,110.05,19,110.06,08:46:22.740165938
105,110.05,20,110.06,08:46:22.743207075
105,110.05,21,110.06,08:46:22.743750482
105,110.05,20,110.06,08:46:22.744713064
105,110.05,19,110.06,08:46:22.745950029
105,110.05,18,110.06,08:46:22.838565611
105,110.05,24,110.06,08:46:22.897633181
105,110.05,27,110.06,08:46:22.897633181
105,110.05,28,110.06,08:46:22.898935935
87,110.05,28,110.06,08:46:22.940544825
77,110.05,28,110.06,08:46:22.997139360
39,110.05,28,110.06,08:46:22.997207286
27,110.05,28,110.06,08:46:22.997327241
27,110.05,49,110.06,08:46:23.013623192
66,110.05,49,110.06,08:46:23.183426484
27,110.05,49,110.06,08:46:23.474451572
26,110.05,49,110.06,08:46:23.474772884
26,110.05,53,110.06,08:46:23.474842081
66,110.05,53,110.06,08:46:24.220418216
66,110.05,49,110.06,08:46:24.220566166
66,110.05,51,110.06,08:46:24.241501130
66,110.05,50,110.06,08:46:24.374876700
86,110.05,50,110.06,08:46:24.414091038
98,110.05,50,110.06,08:46:24.414345922
98,110.05,47,110.06,08:46:24.415195137
98,110.05,45,110.06,08:46:24.618498566
98,110.05,39,110.06,08:46:24.623068931
98,110.05,38,110.06,08:46:24.623277842
98,110.05,17,110.06,08:46:24.719504025
98,110.05,18,110.06,08:46:24.935226079
98,110.05,19,110.06,08:46:24.935378161
98,110.05,18,110.06,08:46:25.020477933
98,110.05,19,110.06,08:46:25.288184035
98,110.05,18,110.06,08:46:25.317630540
98,110.05,17,110.06,08:46:25.323544677
98,110.05,18,110.06,08:46:25.337107068
98,110.05,20,110.06,08:46:25.339942537
98,110.05,25,110.06,08:46:25.340008394
98,110.05,26,110.06,08:46:25.340947795
98,110.05,24,110.06,08:46:25.442087282
98,110.05,23,110.06,08:46:25.442160028
98,110.05,44,110.06,08:46:25.445440730
98,110.05,23,110.06,08:46:25.555278176
98,110.05,18,110.06,08:46:25.559291495
98,110.05,19,110.06,08:46:25.607610899
98,110.05,20,110.06,08:46:25.642828450
98,110.05,19,110.06,08:46:25.678826016
98,110.05,20,110.06,08:46:25.710442045
98,110.05,21,110.06,08:46:25.763636391
98,110.05,20,110.06,08:46:25.763987703
98,110.05,25,110.06,08:46:25.763987703
98,110.05,26,110.06,08:46:25.764141385
98,110.05,27,110.06,08:46:25.764313248
98,110.05,26,110.06,08:46:25.764397696
98,110.05,27,110.06,08:46:25.768639930
78,110.05,27,110.06,08:46:25.776677198
78,110.05,48,110.06,08:46:25.871322092
78,110.05,50,110.06,08:46:26.378667823
78,110.05,54,110.06,08:46:26.643380940
78,110.05,85,110.06,08:46:26.643537627
38,110.05,85,110.06,08:46:26.643537627
26,110.05,85,110.06,08:46:26.643537627
16,110.05,85,110.06,08:46:26.643537627
16,110.05,103,110.06,08:46:26.643662263
15,110.05,103,110.06,08:46:26.644078244
16,110.05,103,110.06,08:46:26.644602125
15,110.05,103,110.06,08:46:26.679862275
16,110.05,103,110.06,08:46:27.275246926
59,110.05,103,110.06,08:46:27.275901811
59,110.05,85,110.06,08:46:27.276471532
59,110.05,54,110.06,08:46:27.276504658
58,110.05,54,110.06,08:46:27.276504658
58,110.05,50,110.06,08:46:27.276545872
59,110.05,50,110.06,08:46:27.277491890
16,110.05,50,110.06,08:46:27.297094946
15,110.05,50,110.06,08:46:27.297462709
15,110.05,54,110.06,08:46:27.297462709
25,110.05,54,110.06,08:46:27.297480411
26,110.05,54,110.06,08:46:27.297493589
25,110.05,54,110.06,08:46:27.324462669
26,110.05,54,110.06,08:46:27.324482403
25,110.05,54,110.06,08:46:27.342074538
68,110.05,54,110.06,08:46:27.499642687
69,110.05,54,110.06,08:46:27.499642687
68,110.05,54,110.06,08:46:27.499873683
68,110.05,50,110.06,08:46:27.499959295
69,110.05,50,110.06,08:46:27.502761351
26,110.05,50,110.06,08:46:27.511564651
26,110.05,54,110.06,08:46:27.519561840
26,110.05,50,110.06,08:46:27.601119638
26,110.05,54,110.06,08:46:27.621504736
25,110.05,54,110.06,08:46:27.646411436
26,110.05,54,110.06,08:46:27.875112969
25,110.05,54,110.06,08:46:28.521080872
15,110.05,54,110.06,08:46:29.472799258
14,110.05,54,110.06,08:46:29.472903990
24,110.05,54,110.06,08:46:29.602632172
25,110.05,54,110.06,08:46:29.602853996
15,110.05,54,110.06,08:46:30.608400483
14,110.05,54,110.06,08:46:30.608603068
15,110.05,54,110.06,08:46:31.095283930
25,110.05,54,110.06,08:46:31.095425478
26,110.05,54,110.06,08:46:31.655277966
25,110.05,54,110.06,08:46:31.667343574
15,110.05,54,110.06,08:46:32.143571378
15,110.05,90,110.06,08:46:32.143728034
14,110.05,90,110.06,08:46:32.143728034
14,110.05,103,110.06,08:46:32.143876091
15,110.05,103,110.06,08:46:32.144051668
14,110.05,103,110.06,08:46:32.172982382
9,110.05,103,110.06,08:46:32.209073766
8,110.05,103,110.06,08:46:32.209191685
9,110.05,103,110.06,08:46:32.331856691
8,110.05,103,110.06,08:46:32.340017838
5,110.05,103,110.06,08:46:32.392525297
5,110.05,110,110.06,08:46:32.392685754
6,110.05,110,110.06,08:46:32.578294495
8,110.05,110,110.06,08:46:32.578444290
9,110.05,110,110.06,08:46:32.585879540
10,110.05,110,110.06,08:46:32.586028874
20,110.05,110,110.06,08:46:32.628464343
21,110.05,110,110.06,08:46:32.882040705
22,110.05,110,110.06,08:46:32.883720079
23,110.05,110,110.06,08:46:32.886076427
24,110.05,110,110.06,08:46:32.888627750
23,110.05,110,110.06,08:46:33.118712366
22,110.05,110,110.06,08:46:33.118789817
20,110.05,110,110.06,08:46:33.118789817
19,110.05,110,110.06,08:46:33.118855855
21,110.05,110,110.06,08:46:33.129630728
23,110.05,110,110.06,08:46:33.218582904
24,110.05,110,110.06,08:46:33.218655915
22,110.05,110,110.06,08:46:34.006650389
21,110.05,110,110.06,08:46:34.006836033
20,110.05,110,110.06,08:46:34.006951147
10,110.05,110,110.06,08:46:34.007094935
9,110.05,110,110.06,08:46:34.007362835
7,110.05,110,110.06,08:46:34.007362835
6,110.05,110,110.06,08:46:34.007610142
5,110.05,110,110.06,08:46:34.007767495
5,110.05,128,110.06,08:46:34.010841844
4,110.05,128,110.06,08:46:34.012906774
119,110.04,128,110.06,08:46:34.013184160
119,110.04,1,110.05,08:46:34.013341234
122,110.04,1,110.05,08:46:34.013424313
122,110.04,128,110.06,08:46:34.013614213
122,110.04,121,110.06,08:46:34.013686386
116,110.04,121,110.06,08:46:34.014178245
116,110.04,4,110.05,08:46:34.030692141
112,110.04,4,110.05,08:46:34.031010654
112,110.04,6,110.05,08:46:34.031032765
112,110.04,16,110.05,08:46:34.034008325
112,110.04,18,110.05,08:46:34.036900764
112,110.04,19,110.05,08:46:34.055021974
112,110.04,18,110.05,08:46:34.055957704
112,110.04,19,110.05,08:46:34.083299354
112,110.04,20,110.05,08:46:34.097113431
112,110.04,21,110.05,08:46:34.104953784
112,110.04,22,110.05,08:46:34.105144910
112,110.04,27,110.05,08:46:34.106677869
112,110.04,28,110.05,08:46:34.112203498
92,110.04,28,110.05,08:46:34.121907378
86,110.04,28,110.05,08:46:34.122662338
86,110.04,27,110.05,08:46:34.123042370
86,110.04,28,110.05,08:46:34.124791816
86,110.04,27,110.05,08:46:34.126492528
86,110.04,28,110.05,08:46:34.129551863
86,110.04,27,110.05,08:46:34.131257705
86,110.04,26,110.05,08:46:34.132335185
86,110.04,25,110.05,08:46:34.132521346
86,110.04,24,110.05,08:46:34.132822089
86,110.04,25,110.05,08:46:34.134713850
86,110.04,26,110.05,08:46:34.135447722
86,110.04,25,110.05,08:46:34.135715194
86,110.04,26,110.05,08:46:34.136001571
86,110.04,25,110.05,08:46:34.136339491
86,110.04,24,110.05,08:46:34.137197365
86,110.04,25,110.05,08:46:34.138176283
86,110.04,26,110.05,08:46:34.139117006
86,110.04,25,110.05,08:46:34.142032732
86,110.04,24,110.05,08:46:34.142342914
86,110.04,25,110.05,08:46:34.144477190
86,110.04,24,110.05,08:46:34.156441221
86,110.04,25,110.05,08:46:34.175883378
86,110.04,26,110.05,08:46:34.181709514
86,110.04,25,110.05,08:46:34.195083742
86,110.04,24,110.05,08:46:34.195328036
86,110.04,25,110.05,08:46:34.197249440
86,110.04,20,110.05,08:46:34.206323875
86,110.04,19,110.05,08:46:34.206394282
86,110.04,21,110.05,08:46:34.206845673
86,110.04,19,110.05,08:46:34.218382225
106,110.04,19,110.05,08:46:34.222400060
106,110.04,40,110.05,08:46:34.321798299
106,110.04,38,110.05,08:46:34.598154322
106,110.04,36,110.05,08:46:34.605871859
106,110.04,32,110.05,08:46:34.605947418
106,110.04,31,110.05,08:46:34.610573360
106,110.04,33,110.05,08:46:34.889940966
106,110.04,38,110.05,08:46:34.889940966
106,110.04,40,110.05,08:46:34.890419020
106,110.04,41,110.05,08:46:34.890419020
86,110.04,41,110.05,08:46:34.890605692
86,110.04,42,110.05,08:46:34.890815324
86,110.04,44,110.05,08:46:34.891022320
86,110.04,45,110.05,08:46:34.892938374
86,110.04,46,110.05,08:46:34.894025255
86,110.04,47,110.05,08:46:34.894324426
86,110.04,48,110.05,08:46:34.895398182
86,110.04,47,110.05,08:46:35.024903145
86,110.04,46,110.05,08:46:35.026078114
86,110.04,44,110.05,08:46:35.028880330
86,110.04,43,110.05,08:46:35.029021808
86,110.04,38,110.05,08:46:35.029173565
86,110.04,39,110.05,08:46:35.031146709
86,110.04,38,110.05,08:46:35.181500011
106,110.04,38,110.05,08:46:35.327467687
106,110.04,37,110.05,08:46:35.332436285
106,110.04,36,110.05,08:46:35.332509090
106,110.04,34,110.05,08:46:35.332600476
106,110.04,32,110.05,08:46:35.333020370
106,110.04,31,110.05,08:46:37.001005437
106,110.04,21,110.05,08:46:37.001842793
114,110.04,21,110.05,08:46:37.002001432
114,110.04,31,110.05,08:46:37.399690618
114,110.04,36,110.05,08:46:37.399971694
114,110.04,26,110.05,08:46:37.462419440
114,110.04,21,110.05,08:46:37.462623014
114,110.04,20,110.05,08:46:38.427478707
114,110.04,18,110.05,08:46:38.427923382
114,110.04,13,110.05,08:46:38.427923382
114,110.04,10,110.05,08:46:38.427923382
114,110.04,9,110.05,08:46:38.428053359
114,110.04,3,110.05,08:46:38.428053359
114,110.04,99,110.06,08:46:38.428193759
1,110.05,99,110.06,08:46:38.428210021
2,110.05,99,110.06,08:46:38.428386414
4,110.05,99,110.06,08:46:38.428421813
5,110.05,99,110.06,08:46:38.428441698
6,110.05,99,110.06,08:46:38.428509157
5,110.05,99,110.06,08:46:38.428628197
5,110.05,97,110.06,08:46:38.428784507
5,110.05,85,110.06,08:46:38.428915992
4,110.05,85,110.06,08:46:38.428949268
5,110.05,85,110.06,08:46:38.428949268
4,110.05,85,110.06,08:46:38.428971854
4,110.05,83,110.06,08:46:38.430012957
3,110.05,83,110.06,08:46:38.459219094
1,110.05,83,110.06,08:46:38.508959054
112,110.04,83,110.06,08:46:38.509151502
108,110.04,83,110.06,08:46:38.509593911
10,110.05,83,110.06,08:46:38.580518600
108,110.04,83,110.06,08:46:38.581029662
116,110.04,83,110.06,08:46:38.581129836
10,110.05,83,110.06,08:46:38.581663684
108,110.04,83,110.06,08:46:38.581910224
116,110.04,83,110.06,08:46:38.582269062
108,110.04,83,110.06,08:46:38.582653369
108,110.04,103,110.06,08:46:38.735231487
108,110.04,83,110.06,08:46:39.233331155
1,110.05,83,110.06,08:46:39.899122519
1,110.05,47,110.06,08:46:39.899364816
4,110.05,47,110.06,08:46:39.899458861
46,110.05,47,110.06,08:46:39.899458861
46,110.05,34,110.06,08:46:39.899476464
47,110.05,34,110.06,08:46:39.899531766
47,110.05,29,110.06,08:46:39.899796988
46,110.05,29,110.06,08:46:39.899813071
47,110.05,29,110.06,08:46:39.900091451
46,110.05,29,110.06,08:46:39.907731009
4,110.05,29,110.06,08:46:39.912629518
4,110.05,30,110.06,08:46:39.912708478
14,110.05,30,110.06,08:46:39.912896638
14,110.05,33,110.06,08:46:39.912975767
14,110.05,78,110.06,08:46:40.012504185
14,110.05,80,110.06,08:46:40.012616719
15,110.05,80,110.06,08:46:40.293315169
14,110.05,80,110.06,08:46:40.293674699
15,110.05,80,110.06,08:46:40.467353471
57,110.05,80,110.06,08:46:40.476833049
57,110.05,78,110.06,08:46:40.477015462
69,110.05,78,110.06,08:46:40.477097036
69,110.05,33,110.06,08:46:40.483702350
69,110.05,32,110.06,08:46:40.483908043
69,110.05,29,110.06,08:46:40.483908043
89,110.05,29,110.06,08:46:40.485509949
89,110.05,28,110.06,08:46:40.485701625
69,110.05,28,110.06,08:46:40.507098696
69,110.05,33,110.06,08:46:40.507098696
57,110.05,33,110.06,08:46:40.507266062
57,110.05,34,110.06,08:46:40.515725135
57,110.05,33,110.06,08:46:40.549481699
57,110.05,34,110.06,08:46:40.641145385
15,110.05,34,110.06,08:46:40.752044966
15,110.05,83,110.06,08:46:41.016872733
5,110.05,83,110.06,08:46:41.017129145
4,110.05,83,110.06,08:46:41.017129145
4,110.05,91,110.06,08:46:41.019016758
1,110.05,91,110.06,08:46:41.030211729
119,110.04,91,110.06,08:46:41.030432662
119,110.04,83,110.06,08:46:41.030644500
111,110.04,83,110.06,08:46:41.030843475
108,110.04,83,110.06,08:46:41.031199489
108,110.04,105,110.06,08:46:41.984486973
1,110.05,105,110.06,08:46:43.171571435
2,110.05,105,110.06,08:46:43.171884307
5,110.05,105,110.06,08:46:43.171884307
6,110.05,105,110.06,08:46:43.177042119
6,110.05,83,110.06,08:46:43.177195204
16,110.05,83,110.06,08:46:43.177339872
61,110.05,83,110.06,08:46:43.618228483
61,110.05,34,110.06,08:46:44.182945562
66,110.05,34,110.06,08:46:44.183019779
68,110.05,34,110.06,08:46:44.183390998
68,110.05,29,110.06,08:46:44.183503802
68,110.05,28,110.06,08:46:44.183503802
80,110.05,28,110.06,08:46:44.183614697
102,110.05,28,110.06,08:46:44.184806174
80,110.05,28,110.06,08:46:44.205750052
80,110.05,29,110.06,08:46:44.222066370
80,110.05,28,110.06,08:46:44.222362111
80,110.05,33,110.06,08:46:44.222493455
68,110.05,33,110.06,08:46:44.222606539
68,110.05,34,110.06,08:46:44.222755825
68,110.05,33,110.06,08:46:44.229356202
63,110.05,33,110.06,08:46:44.234451137
18,110.05,33,110.06,08:46:44.234596381
18,110.05,34,110.06,08:46:44.234749849
18,110.05,83,110.06,08:46:44.284732866
18,110.05,91,110.06,08:46:44.449796463
17,110.05,91,110.06,08:46:44.534886744
7,110.05,91,110.06,08:46:44.535084450
4,110.05,91,110.06,08:46:44.676435857
4,110.05,113,110.06,08:46:44.676721873
3,110.05,113,110.06,08:46:44.676795576
4,110.05,113,110.06,08:46:44.685493554
3,110.05,113,110.06,08:46:44.685669310
4,110.05,113,110.06,08:46:44.705736695
6,110.05,113,110.06,08:46:44.705837668
7,110.05,113,110.06,08:46:44.709975649
6,110.05,113,110.06,08:46:44.732042302
4,110.05,113,110.06,08:46:44.732180709
5,110.05,113,110.06,08:46:44.732406117
4,110.05,113,110.06,08:46:44.755742527
5,110.05,113,110.06,08:46:44.880061341
6,110.05,113,110.06,08:46:44.880216921
7,110.05,113,110.06,08:46:44.884236257
6,110.05,113,110.06,08:46:44.894086513
5,110.05,113,110.06,08:46:44.894222227
4,110.05,113,110.06,08:46:44.894355876
5,110.05,113,110.06,08:46:44.941482164
4,110.05,113,110.06,08:46:44.985777788
3,110.05,113,110.06,08:46:44.987167154
2,110.05,113,110.06,08:46:44.987357739
119,110.04,113,110.06,08:46:44.993304209
116,110.04,113,110.06,08:46:44.993845727
108,110.04,113,110.06,08:46:44.993992393
108,110.04,105,110.06,08:46:45.354918356
108,110.04,6,110.05,08:46:45.974662912
108,110.04,16,110.05,08:46:45.974786520
108,110.04,21,110.05,08:46:45.975192319
106,110.04,21,110.05,08:46:45.975545608
106,110.04,16,110.05,08:46:45.975951685
106,110.04,6,110.05,08:46:45.976197599
111,110.04,6,110.05,08:46:45.976356763
114,110.04,6,110.05,08:46:45.976627176
114,110.04,117,110.06,08:46:46.009258382
114,110.04,105,110.06,08:46:46.009474155
109,110.04,105,110.06,08:46:46.009552779
106,110.04,105,110.06,08:46:46.009552779
108,110.04,105,110.06,08:46:46.077462126
110,110.04,105,110.06,08:46:46.077889995
110,110.04,108,110.06,08:46:46.126732352
110,110.04,121,110.06,08:46:46.261079031
110,110.04,126,110.06,08:46:46.391392515
108,110.04,126,110.06,08:46:48.002368047
108,110.04,10,110.05,08:46:48.002472348
108,110.04,14,110.05,08:46:48.003068402
108,110.04,24,110.05,08:46:48.003657387
106,110.04,24,110.05,08:46:48.003677480
106,110.04,14,110.05,08:46:48.033602519
106,110.04,4,110.05,08:46:48.033841805
106,110.04,137,110.06,08:46:48.034008228
112,110.04,137,110.06,08:46:48.034078746
114,110.04,137,110.06,08:46:48.034158391
114,110.04,125,110.06,08:46:48.034245315
114,110.04,121,110.06,08:46:48.034351094
108,110.04,121,110.06,08:46:48.035040681
106,110.04,121,110.06,08:46:48.035115689
108,110.04,121,110.06,08:46:48.076335961
110,110.04,121,110.06,08:46:48.076697302
110,110.04,118,110.06,08:46:48.115924789
110,110.04,105,110.06,08:46:48.116177823
110,110.04,100,110.06,08:46:48.116391183
110,110.04,121,110.06,08:46:48.333301413
108,110.04,121,110.06,08:46:48.422964733
108,110.04,2,110.05,08:46:48.424843911
108,110.04,12,110.05,08:46:48.425026608
106,110.04,12,110.05,08:46:48.425144207
106,110.04,14,110.05,08:46:48.425237964
106,110.04,24,110.05,08:46:48.425339059
106,110.04,26,110.05,08:46:48.494408744
106,110.04,47,110.05,08:46:48.521667348
106,110.04,26,110.05,08:46:48.702204403
106,110.04,47,110.05,08:46:48.898830818
106,110.04,37,110.05,08:46:50.275418552
106,110.04,27,110.05,08:46:50.710219287
106,110.04,6,110.05,08:46:50.871333778
114,110.04,6,110.05,08:46:50.871584888
114,110.04,7,110.05,08:46:50.945278955
114,110.04,17,110.05,08:46:50.945450423
114,110.04,19,110.05,08:46:50.945528586
114,110.04,17,110.05,08:46:50.945682730
114,110.04,16,110.05,08:46:50.946018220
114,110.04,6,110.05,08:46:50.946018220
114,110.04,27,110.05,08:46:51.043098828
118,110.04,27,110.05,08:46:51.045112989
114,110.04,27,110.05,08:46:51.045503565
114,110.04,6,110.05,08:46:51.126616856
114,110.04,11,110.05,08:46:51.752446383
114,110.04,6,110.05,08:46:51.752963919
114,110.04,16,110.05,08:46:51.753492072
114,110.04,21,110.05,08:46:51.753913722
114,110.04,16,110.05,08:46:51.754280293
114,110.04,6,110.05,08:46:51.754429576
114,110.04,4,110.05,08:46:52.037109443
114,110.04,2,110.05,08:46:52.037109443
114,110.04,118,110.06,08:46:52.037109443
1,110.05,118,110.06,08:46:52.037359657
1,110.05,124,110.06,08:46:52.037597694
1,110.05,126,110.06,08:46:52.037699126
106,110.04,126,110.06,08:46:52.037812659
106,110.04,120,110.06,08:46:52.037830930
106,110.04,108,110.06,08:46:52.037830930
6,110.05,108,110.06,08:46:52.104985630
7,110.05,108,110.06,08:46:52.105175515
8,110.05,108,110.06,08:46:52.109750157
9,110.05,108,110.06,08:46:52.109964606
9,110.05,102,110.06,08:46:52.110187550
9,110.05,100,110.06,08:46:52.110270196
10,110.05,100,110.06,08:46:52.112653462
11,110.05,100,110.06,08:46:52.114255588
10,110.05,100,110.06,08:46:52.119461430
11,110.05,100,110.06,08:46:52.119632286
10,110.05,100,110.06,08:46:52.119705450
11,110.05,100,110.06,08:46:52.119943354
10,110.05,100,110.06,08:46:52.123416757
9,110.05,100,110.06,08:46:52.123556462
11,110.05,100,110.06,08:46:52.124496836
13,110.05,100,110.06,08:46:52.124566071
14,110.05,100,110.06,08:46:52.124664957
15,110.05,100,110.06,08:46:52.125320275
16,110.05,100,110.06,08:46:52.125412848
16,110.05,78,110.06,08:46:52.125575933
26,110.05,78,110.06,08:46:52.125750035
26,110.05,99,110.06,08:46:52.138646189
16,110.05,99,110.06,08:46:52.250897654
15,110.05,99,110.06,08:46:52.251041360
14,110.05,99,110.06,08:46:52.251240022
12,110.05,99,110.06,08:46:52.285145085
14,110.05,99,110.06,08:46:52.304980529
12,110.05,99,110.06,08:46:52.314908589
13,110.05,99,110.06,08:46:52.323748415
14,110.05,99,110.06,08:46:52.325442591
15,110.05,99,110.06,08:46:52.325664459
16,110.05,99,110.06,08:46:52.325770946
15,110.05,99,110.06,08:46:52.370973593
14,110.05,99,110.06,08:46:52.371043536
13,110.05,99,110.06,08:46:52.371162496
14,110.05,99,110.06,08:46:52.438835806
15,110.05,99,110.06,08:46:52.438938730
14,110.05,99,110.06,08:46:52.495883862
13,110.05,99,110.06,08:46:52.496235283
14,110.05,99,110.06,08:46:52.522778919
15,110.05,99,110.06,08:46:52.530680056
25,110.05,99,110.06,08:46:52.537660534
24,110.05,99,110.06,08:46:52.549255563
23,110.05,99,110.06,08:46:52.583268378
13,110.05,99,110.06,08:46:52.583522390
12,110.05,99,110.06,08:46:52.583776572
11,110.05,99,110.06,08:46:52.641670948
9,110.05,99,110.06,08:46:52.642052513
8,110.05,99,110.06,08:46:52.642253373
7,110.05,99,110.06,08:46:52.642268045
6,110.05,99,110.06,08:46:52.642338903
7,110.05,99,110.06,08:46:52.805964115
6,110.05,99,110.06,08:46:52.811705435
2,110.05,99,110.06,08:46:53.402431532
2,110.05,114,110.06,08:46:53.402502921
2,110.05,121,110.06,08:46:53.402517651
2,110.05,127,110.06,08:46:53.402846111
2,110.05,129,110.06,08:46:53.402929221
110,110.04,129,110.06,08:46:53.405162881
108,110.04,129,110.06,08:46:53.405974502
108,110.04,1,110.05,08:46:53.407430931
108,110.04,11,110.05,08:46:53.407705560
108,110.04,16,110.05,08:46:53.407705560
106,110.04,16,110.05,08:46:53.408018734
106,110.04,26,110.05,08:46:53.408379727
106,110.04,16,110.05,08:46:53.435966968
106,110.04,6,110.05,08:46:53.436107951
113,110.04,6,110.05,08:46:53.503607344
113,110.04,27,110.05,08:46:53.521700962
113,110.04,37,110.05,08:46:53.961880847
113,110.04,36,110.05,08:46:53.989030010
113,110.04,31,110.05,08:46:53.989030010
113,110.04,24,110.05,08:46:53.989134499
113,110.04,22,110.05,08:46:53.989469520
113,110.04,16,110.05,08:46:53.989585945
113,110.04,6,110.05,08:46:53.989720056
113,110.04,7,110.05,08:46:53.990531262
113,110.04,8,110.05,08:46:53.998892281
113,110.04,6,110.05,08:46:54.141181833
113,110.04,5,110.05,08:46:54.141784319
113,110.04,4,110.05,08:46:54.141866300
115,110.04,4,110.05,08:46:54.142522744
117,110.04,4,110.05,08:46:54.177714517
117,110.04,3,110.05,08:46:54.204431085
117,110.04,102,110.06,08:46:54.205544481
110,110.04,102,110.06,08:46:54.205609829
110,110.04,100,110.06,08:46:54.206246402
110,110.04,2,110.05,08:46:54.296468109
117,110.04,2,110.05,08:46:54.309035563
117,110.04,1,110.05,08:46:54.334347458
117,110.04,2,110.05,08:46:54.353191816
117,110.04,3,110.05,08:46:54.353649829
117,110.04,7,110.05,08:46:54.354008135
117,110.04,17,110.05,08:46:54.354256481
117,110.04,7,110.05,08:46:54.355063924
117,110.04,17,110.05,08:46:54.358558520
117,110.04,13,110.05,08:46:54.361008611
117,110.04,12,110.05,08:46:54.361189609
117,110.04,11,110.05,08:46:54.361368940
117,110.04,10,110.05,08:46:54.417284548
117,110.04,119,110.06,08:46:54.423974477
110,110.04,119,110.06,08:46:54.424240679
110,110.04,109,110.06,08:46:54.424412489
115,110.04,109,110.06,08:46:54.454168258
115,110.04,110,110.06,08:46:54.574673209
116,110.04,110,110.06,08:46:54.893409627
116,110.04,95,110.06,08:46:55.185923057
116,110.04,88,110.06,08:46:55.185923057
10,110.05,88,110.06,08:46:55.185954225
16,110.05,88,110.06,08:46:55.186699315
17,110.05,88,110.06,08:46:55.187146573
18,110.05,88,110.06,08:46:55.187146573
30,110.05,88,110.06,08:46:55.187146573
31,110.05,88,110.06,08:46:55.187146573
31,110.05,96,110.06,08:46:55.187375229
33,110.05,96,110.06,08:46:55.187442855
33,110.05,88,110.06,08:46:55.196735177
39,110.05,88,110.06,08:46:55.300016918
42,110.05,88,110.06,08:46:55.311302319
45,110.05,88,110.06,08:46:55.311370689
44,110.05,88,110.06,08:46:55.899631027
42,110.05,88,110.06,08:46:55.904335667
43,110.05,88,110.06,08:46:55.918370970
44,110.05,88,110.06,08:46:55.918440663
43,110.05,88,110.06,08:46:55.918717840
42,110.05,88,110.06,08:46:55.918828550
44,110.05,88,110.06,08:46:56.011924023
45,110.05,88,110.06,08:46:56.020917402
45,110.05,39,110.06,08:46:56.027752863
44,110.05,39,110.06,08:46:56.124470233
42,110.05,39,110.06,08:46:56.124570992
43,110.05,39,110.06,08:46:56.124817718
44,110.05,39,110.06,08:46:56.124970712
44,110.05,75,110.06,08:46:56.127802036
44,110.05,88,110.06,08:46:56.127946948
43,110.05,88,110.06,08:46:56.128020157
42,110.05,88,110.06,08:46:56.128183188
43,110.05,88,110.06,08:46:56.128939805
44,110.05,88,110.06,08:46:56.131419371
44,110.05,75,110.06,08:46:56.232465065
44,110.05,39,110.06,08:46:56.232465065
45,110.05,39,110.06,08:46:56.232795570
44,110.05,39,110.06,08:46:56.235425626
45,110.05,39,110.06,08:46:56.235612951
44,110.05,39,110.06,08:46:56.257930699
44,110.05,77,110.06,08:46:57.805247983
44,110.05,88,110.06,08:46:57.805396623
43,110.05,88,110.06,08:46:57.805604635
42,110.05,88,110.06,08:46:57.805833960
32,110.05,88,110.06,08:46:57.806289365
33,110.05,88,110.06,08:46:57.806440414
34,110.05,88,110.06,08:46:57.806602967
33,110.05,88,110.06,08:46:57.808441661
32,110.05,88,110.06,08:46:57.809118390
34,110.05,88,110.06,08:46:57.813716521
32,110.05,88,110.06,08:46:57.947552306
33,110.05,88,110.06,08:46:57.950257736
34,110.05,88,110.06,08:46:57.950325592
35,110.05,88,110.06,08:46:58.625274138
34,110.05,88,110.06,08:46:58.690663379
35,110.05,88,110.06,08:46:58.708908186
34,110.05,88,110.06,08:46:59.296107529
40,110.05,88,110.06,08:46:59.334664207
41,110.05,88,110.06,08:46:59.562549499
40,110.05,88,110.06,08:46:59.775368700
39,110.05,88,110.06,08:46:59.778774685
38,110.05,88,110.06,08:46:59.778838240
39,110.05,88,110.06,08:46:59.780519266
40,110.05,88,110.06,08:46:59.780666732
41,110.05,88,110.06,08:47:00.407622077
51,110.05,88,110.06,08:47:00.407729213
41,110.05,88,110.06,08:47:00.413363421
40,110.05,88,110.06,08:47:00.433789231
39,110.05,88,110.06,08:47:00.694693565
38,110.05,88,110.06,08:47:00.695608105
39,110.05,88,110.06,08:47:00.699858448
40,110.05,88,110.06,08:47:00.699983065
39,110.05,88,110.06,08:47:01.101771130
38,110.05,88,110.06,08:47:01.104506568
39,110.05,88,110.06,08:47:01.136420361
40,110.05,88,110.06,08:47:01.136569273
39,110.05,88,110.06,08:47:01.465991943
38,110.05,88,110.06,08:47:01.466838119
39,110.05,88,110.06,08:47:01.469862862
40,110.05,88,110.06,08:47:01.469978049
41,110.05,88,110.06,08:47:01.487337189
40,110.05,88,110.06,08:47:01.493423605
50,110.05,88,110.06,08:47:01.769256198
51,110.05,88,110.06,08:47:01.769334761
52,110.05,88,110.06,08:47:01.788859791
53,110.05,88,110.06,08:47:01.789099666
53,110.05,77,110.06,08:47:01.789253045
53,110.05,39,110.06,08:47:01.789344235
92,110.05,39,110.06,08:47:01.789879316
93,110.05,39,110.06,08:47:01.801260293
93,110.05,38,110.06,08:47:01.801392831
93,110.05,29,110.06,08:47:01.902306040
93,110.05,28,110.06,08:47:01.902616606
93,110.05,27,110.06,08:47:02.915100777
93,110.05,28,110.06,08:47:02.938987459
54,110.05,28,110.06,08:47:03.036615104
54,110.05,29,110.06,08:47:03.036772976
54,110.05,73,110.06,08:47:03.559919320
44,110.05,73,110.06,08:47:03.560369134
44,110.05,83,110.06,08:47:03.661114075
50,110.05,83,110.06,08:47:04.334872680
49,110.05,83,110.06,08:47:04.647491884
48,110.05,83,110.06,08:47:04.651074592
47,110.05,83,110.06,08:47:04.651137638
47,110.05,39,110.06,08:47:04.651240928
48,110.05,39,110.06,08:47:04.678325185
47,110.05,39,110.06,08:47:04.986791414
48,110.05,39,110.06,08:47:04.987155730
58,110.05,39,110.06,08:47:05.099160425
100,110.05,39,110.06,08:47:05.104829355
100,110.05,38,110.06,08:47:05.104976010
100,110.05,28,110.06,08:47:05.213020734
100,110.05,27,110.06,08:47:05.814182729
100,110.05,26,110.06,08:47:05.814182729
100,110.05,25,110.06,08:47:05.814182729
100,110.05,23,110.06,08:47:05.814703458
100,110.05,22,110.06,08:47:05.814703458
100,110.05,21,110.06,08:47:05.814703458
102,110.05,21,110.06,08:47:05.814703458
102,110.05,20,110.06,08:47:05.814803302
102,110.05,19,110.06,08:47:05.814803302
102,110.05,18,110.06,08:47:05.814819228
102,110.05,13,110.06,08:47:05.815049845
102,110.05,11,110.06,08:47:05.815272341
102,110.05,12,110.06,08:47:05.815361608
102,110.05,11,110.06,08:47:05.815361608
102,110.05,1,110.06,08:47:05.817065463
122,110.05,1,110.06,08:47:05.817220740
122,110.05,151,110.07,08:47:05.817711626
127,110.05,151,110.07,08:47:05.817882132
127,110.05,139,110.07,08:47:05.817966189
130,110.05,139,110.07,08:47:05.819604375
127,110.05,139,110.07,08:47:05.821310088
127,110.05,1,110.06,08:47:05.853508699
127,110.05,2,110.06,08:47:05.853584306
127,110.05,6,110.06,08:47:05.853706472
127,110.05,7,110.06,08:47:05.853706472
127,110.05,8,110.06,08:47:05.856567878
127,110.05,13,110.06,08:47:05.856829498
127,110.05,23,110.06,08:47:05.856829498
127,110.05,24,110.06,08:47:05.856897481
127,110.05,23,110.06,08:47:05.857283708
127,110.05,24,110.06,08:47:05.860881751
107,110.05,24,110.06,08:47:05.861030544
107,110.05,25,110.06,08:47:05.861174739
107,110.05,24,110.06,08:47:05.865282628
107,110.05,23,110.06,08:47:05.868727700
107,110.05,24,110.06,08:47:05.949404936
107,110.05,23,110.06,08:47:06.003562234
107,110.05,25,110.06,08:47:06.262034430
107,110.05,26,110.06,08:47:06.262112785
102,110.05,26,110.06,08:47:06.262112785
102,110.05,27,110.06,08:47:06.262261910
102,110.05,26,110.06,08:47:06.262982951
102,110.05,27,110.06,08:47:06.263219839
102,110.05,26,110.06,08:47:06.267736867
102,110.05,27,110.06,08:47:06.267983328
102,110.05,26,110.06,08:47:06.276761521
102,110.05,27,110.06,08:47:06.287333865
102,110.05,26,110.06,08:47:07.878933264
102,110.05,27,110.06,08:47:07.882269550
102,110.05,26,110.06,08:47:08.013743002
102,110.05,25,110.06,08:47:08.013743002
102,110.05,21,110.06,08:47:08.013743002
102,110.05,20,110.06,08:47:08.013743002
102,110.05,19,110.06,08:47:08.013764281
102,110.05,14,110.06,08:47:08.013764281
102,110.05,4,110.06,08:47:08.013764281
102,110.05,2,110.06,08:47:08.013764281
60,110.05,2,110.06,08:47:08.014062448
60,110.05,1,110.06,08:47:08.014252229
60,110.05,181,110.07,08:47:08.014531871
65,110.05,181,110.07,08:47:08.014797512
63,110.05,181,110.07,08:47:08.015155297
63,110.05,170,110.07,08:47:08.015219066
63,110.05,162,110.07,08:47:08.015219066
63,110.05,153,110.07,08:47:08.015240079
63,110.05,6,110.06,08:47:08.015240079
63,110.05,16,110.06,08:47:08.015240079
63,110.05,18,110.06,08:47:08.015240079
63,110.05,19,110.06,08:47:08.015240079
63,110.05,25,110.06,08:47:08.015258920
63,110.05,27,110.06,08:47:08.015507832
108,110.05,27,110.06,08:47:08.015687841
103,110.05,27,110.06,08:47:08.015869451
103,110.05,28,110.06,08:47:08.015901173
103,110.05,77,110.06,08:47:08.015920098
103,110.05,80,110.06,08:47:08.015920098
103,110.05,78,110.06,08:47:08.016077901
103,110.05,77,110.06,08:47:08.016077901
103,110.05,74,110.06,08:47:08.016140586
103,110.05,25,110.06,08:47:08.016319121
103,110.05,26,110.06,08:47:08.016663255
104,110.05,26,110.06,08:47:08.025819704
104,110.05,28,110.06,08:47:08.169536462
104,110.05,26,110.06,08:47:08.204140026
104,110.05,24,110.06,08:47:08.329657503
104,110.05,18,110.06,08:47:08.330126665
104,110.05,17,110.06,08:47:08.330365707
104,110.05,18,110.06,08:47:08.831992518
104,110.05,19,110.06,08:47:08.832151165
104,110.05,20,110.06,08:47:08.836346670
104,110.05,21,110.06,08:47:08.836544413
104,110.05,26,110.06,08:47:08.836618442
104,110.05,25,110.06,08:47:08.840532049
104,110.05,24,110.06,08:47:08.840675736
104,110.05,25,110.06,08:47:09.107389353
104,110.05,24,110.06,08:47:09.107604875
104,110.05,23,110.06,08:47:10.008009559
104,110.05,22,110.06,08:47:10.030221440
104,110.05,17,110.06,08:47:10.030359136
104,110.05,18,110.06,08:47:10.397596323
104,110.05,19,110.06,08:47:10.397672071
104,110.05,20,110.06,08:47:10.397742503
104,110.05,21,110.06,08:47:10.397816083
104,110.05,26,110.06,08:47:10.411572835
104,110.05,25,110.06,08:47:10.500363202
104,110.05,24,110.06,08:47:10.500526131
104,110.05,25,110.06,08:47:10.500713913
104,110.05,24,110.06,08:47:10.502245298
104,110.05,25,110.06,08:47:10.504802346
104,110.05,24,110.06,08:47:10.524686700
104,110.05,25,110.06,08:47:11.258121081
104,110.05,24,110.06,08:47:11.435630512
104,110.05,23,110.06,08:47:11.435764394
104,110.05,22,110.06,08:47:11.697255427
104,110.05,17,110.06,08:47:11.697408057
104,110.05,18,110.06,08:47:11.816549417
104,110.05,17,110.06,08:47:11.894027775
104,110.05,18,110.06,08:47:11.959814078
104,110.05,19,110.06,08:47:11.959949801
104,110.05,20,110.06,08:47:11.960024741
104,110.05,19,110.06,08:47:11.974868207
104,110.05,18,110.06,08:47:11.975130312
104,110.05,17,110.06,08:47:11.975282507
104,110.05,19,110.06,08:47:12.015639206
104,110.05,17,110.06,08:47:12.026038876
104,110.05,11,110.06,08:47:12.085345166
104,110.05,13,110.06,08:47:12.095794659
104,110.05,14,110.06,08:47:12.095976352
104,110.05,16,110.06,08:47:12.117465157
104,110.05,17,110.06,08:47:12.117637981
104,110.05,15,110.06,08:47:12.118680628
104,110.05,14,110.06,08:47:12.148918957
104,110.05,13,110.06,08:47:12.149111548
104,110.05,11,110.06,08:47:12.149182982
104,110.05,1,110.06,08:47:12.149504702
104,110.05,151,110.07,08:47:12.149862370
104,110.05,141,110.07,08:47:12.150081278
109,110.05,141,110.07,08:47:12.150180658
111,110.05,141,110.07,08:47:12.159833907
111,110.05,129,110.07,08:47:12.162612189
116,110.05,129,110.07,08:47:12.170728731
116,110.05,139,110.07,08:47:12.253628236
111,110.05,139,110.07,08:47:14.892106206
105,110.05,139,110.07,08:47:14.892171595
100,110.05,139,110.07,08:47:14.892295181
100,110.05,149,110.07,08:47:14.892461354
100,110.05,154,110.07,08:47:14.892646542
100,110.05,156,110.07,08:47:14.892792317
100,110.05,6,110.06,08:47:15.524382889
100,110.05,37,110.06,08:47:15.524822633
100,110.05,40,110.06,08:47:15.524840784
100,110.05,45,110.06,08:47:15.524840784
55,110.05,45,110.06,08:47:15.524840784
55,110.05,46,110.06,08:47:15.524840784
55,110.05,56,110.06,08:47:15.524840784
55,110.05,60,110.06,08:47:15.524840784
55,110.05,70,110.06,08:47:15.524944300
53,110.05,70,110.06,08:47:15.525134630
53,110.05,60,110.06,08:47:15.525546095
53,110.05,56,110.06,08:47:15.525546095
53,110.05,53,110.06,08:47:15.525617507
53,110.05,43,110.06,08:47:15.534843152
53,110.05,12,110.06,08:47:15.534995446
53,110.05,13,110.06,08:47:15.535271545
53,110.05,23,110.06,08:47:15.535473330
53,110.05,24,110.06,08:47:15.541548173
53,110.05,23,110.06,08:47:15.558190591
53,110.05,25,110.06,08:47:15.561023725
53,110.05,33,110.06,08:47:15.583070100
53,110.05,34,110.06,08:47:15.583347997
53,110.05,26,110.06,08:47:15.595108066
81,110.05,26,110.06,08:47:15.624367517
101,110.05,26,110.06,08:47:15.624474980
101,110.05,36,110.06,08:47:15.624553085
101,110.05,34,110.06,08:47:15.733427591
101,110.05,44,110.06,08:47:15.773601668
103,110.05,44,110.06,08:47:16.037554991
103,110.05,43,110.06,08:47:16.049974771
103,110.05,42,110.06,08:47:16.050292143
103,110.05,32,110.06,08:47:16.050599772
103,110.05,22,110.06,08:47:16.050624019
103,110.05,16,110.06,08:47:16.052667528
103,110.05,11,110.06,08:47:16.052827857
116,110.05,11,110.06,08:47:16.052898276
125,110.05,11,110.06,08:47:16.053064408
128,110.05,11,110.06,08:47:16.054535133
128,110.05,10,110.06,08:47:16.054701859
125,110.05,10,110.06,08:47:16.055639221
128,110.05,10,110.06,08:47:16.060686145
128,110.05,12,110.06,08:47:16.070316478
128,110.05,18,110.06,08:47:16.070316478
128,110.05,16,110.06,08:47:16.070681282
128,110.05,10,110.06,08:47:16.073966726
128,110.05,16,110.06,08:47:16.097657415
128,110.05,10,110.06,08:47:16.111524434
128,110.05,14,110.06,08:47:16.130359589
128,110.05,15,110.06,08:47:16.151424646
128,110.05,16,110.06,08:47:16.151602108
128,110.05,26,110.06,08:47:16.151666792
115,110.05,26,110.06,08:47:16.151775701
106,110.05,26,110.06,08:47:16.151849503
106,110.05,27,110.06,08:47:16.151964934
106,110.05,17,110.06,08:47:16.156891803
106,110.05,18,110.06,08:47:16.162636622
106,110.05,23,110.06,08:47:16.197727026
106,110.05,33,110.06,08:47:16.309843427
106,110.05,34,110.06,08:47:16.360137054
106,110.05,35,110.06,08:47:16.360150113
104,110.05,35,110.06,08:47:16.360680519
104,110.05,34,110.06,08:47:16.391993415
104,110.05,33,110.06,08:47:16.392181764
104,110.05,32,110.06,08:47:16.397612906
104,110.05,31,110.06,08:47:16.398097341
104,110.05,26,110.06,08:47:16.402065703
104,110.05,25,110.06,08:47:16.402132740
104,110.05,15,110.06,08:47:16.402233936
124,110.05,15,110.06,08:47:16.405094705
130,110.05,15,110.06,08:47:16.405169915
130,110.05,11,110.06,08:47:16.405261754
130,110.05,10,110.06,08:47:16.405387063
132,110.05,10,110.06,08:47:16.405805059
130,110.05,10,110.06,08:47:16.406351165
130,110.05,15,110.06,08:47:16.425285843
130,110.05,17,110.06,08:47:16.425375514
130,110.05,15,110.06,08:47:16.425649110
130,110.05,25,110.06,08:47:16.425812054
130,110.05,26,110.06,08:47:16.425828192
110,110.05,26,110.06,08:47:16.426026230
104,110.05,26,110.06,08:47:16.426110969
104,110.05,31,110.06,08:47:16.426621327
104,110.05,32,110.06,08:47:16.426779721
104,110.05,33,110.06,08:47:16.449172979
104,110.05,34,110.06,08:47:16.449381049
104,110.05,35,110.06,08:47:16.450143010
104,110.05,34,110.06,08:47:16.457659382
104,110.05,33,110.06,08:47:16.457659382
104,110.05,32,110.06,08:47:16.457792755
104,110.05,34,110.06,08:47:16.462787823
104,110.05,35,110.06,08:47:16.463633932
104,110.05,25,110.06,08:47:16.538119842
106,110.05,25,110.06,08:47:16.669660442
106,110.05,35,110.06,08:47:16.691318895
104,110.05,35,110.06,08:47:16.741452366
104,110.05,36,110.06,08:47:16.757132184
104,110.05,37,110.06,08:47:16.807508555
104,110.05,36,110.06,08:47:16.807677525
104,110.05,37,110.06,08:47:16.810058582
99,110.05,37,110.06,08:47:16.813902935
99,110.05,38,110.06,08:47:16.814093008
96,110.05,38,110.06,08:47:16.815379635
96,110.05,37,110.06,08:47:16.850309947
96,110.05,32,110.06,08:47:16.863667211
96,110.05,31,110.06,08:47:16.863847419
96,110.05,30,110.06,08:47:16.863989550
95,110.05,30,110.06,08:47:16.874949373
92,110.05,30,110.06,08:47:16.875018680
91,110.05,30,110.06,08:47:16.875106816
88,110.05,30,110.06,08:47:16.875177289
88,110.05,31,110.06,08:47:16.875253596
88,110.05,32,110.06,08:47:16.875253596
88,110.05,27,110.06,08:47:17.012292702
88,110.05,26,110.06,08:47:17.012440361
88,110.05,27,110.06,08:47:17.040620551
88,110.05,28,110.06,08:47:17.388613671
88,110.05,29,110.06,08:47:17.388781591
68,110.05,29,110.06,08:47:19.234038290
40,110.05,29,110.06,08:47:19.234119631
41,110.05,29,110.06,08:47:19.891537277
41,110.05,65,110.06,08:47:21.278832099
41,110.05,78,110.06,08:47:21.278895300
29,110.05,78,110.06,08:47:21.278981508
29,110.05,88,110.06,08:47:21.278981508
29,110.05,108,110.06,08:47:21.812517704
29,110.05,114,110.06,08:47:21.812587138
19,110.05,114,110.06,08:47:21.812694851
18,110.05,114,110.06,08:47:21.813129256
17,110.05,114,110.06,08:47:21.813129256
17,110.05,121,110.06,08:47:21.813247295
16,110.05,121,110.06,08:47:21.813264114
15,110.05,121,110.06,08:47:21.813427444
16,110.05,121,110.06,08:47:21.813836405
17,110.05,121,110.06,08:47:21.813836405
18,110.05,121,110.06,08:47:21.814054513
19,110.05,121,110.06,08:47:21.814949383
18,110.05,121,110.06,08:47:21.815424637
17,110.05,121,110.06,08:47:21.815580186
16,110.05,121,110.06,08:47:21.827322754
15,110.05,121,110.06,08:47:21.829453764
16,110.05,121,110.06,08:47:21.830675638
17,110.05,121,110.06,08:47:21.830893142
16,110.05,121,110.06,08:47:21.833822542
15,110.05,121,110.06,08:47:21.834154247
9,110.05,121,110.06,08:47:21.838159125
8,110.05,121,110.06,08:47:21.839594727
2,110.05,121,110.06,08:47:21.933545314
1,110.05,121,110.06,08:47:21.933545314
107,110.04,121,110.06,08:47:21.933618197
107,110.04,2,110.05,08:47:21.933618197
107,110.04,7,110.05,08:47:21.933953618
114,110.04,7,110.05,08:47:21.933970482
106,110.04,7,110.05,08:47:21.934131365
106,110.04,2,110.05,08:47:21.947742393
128,110.04,2,110.05,08:47:21.947804060
128,110.04,115,110.06,08:47:22.087102655
121,110.04,115,110.06,08:47:22.087400805
121,110.04,113,110.06,08:47:22.087965320
1,110.05,113,110.06,08:47:22.088080180
2,110.05,113,110.06,08:47:22.088304693
3,110.05,113,110.06,08:47:22.088304693
6,110.05,113,110.06,08:47:22.088390898
6,110.05,120,110.06,08:47:22.088406260
6,110.05,122,110.06,08:47:22.098369847
6,110.05,124,110.06,08:47:22.098473166
7,110.05,124,110.06,08:47:22.180148347
9,110.05,124,110.06,08:47:22.242815961
10,110.05,124,110.06,08:47:22.242911907
9,110.05,124,110.06,08:47:22.243149565
8,110.05,124,110.06,08:47:22.245777445
7,110.05,124,110.06,08:47:22.245859105
6,110.05,124,110.06,08:47:22.245876462
3,110.05,124,110.06,08:47:22.245876462
1,110.05,124,110.06,08:47:22.245996107
129,110.04,124,110.06,08:47:22.246209630
1,110.05,124,110.06,08:47:22.246301623
2,110.05,124,110.06,08:47:22.254887724
6,110.05,124,110.06,08:47:22.255234712
8,110.05,124,110.06,08:47:22.255475925
6,110.05,124,110.06,08:47:22.338888423
2,110.05,124,110.06,08:47:22.339236690
1,110.05,124,110.06,08:47:22.339681597
127,110.04,124,110.06,08:47:22.339768522
123,110.04,124,110.06,08:47:22.339984711
121,110.04,124,110.06,08:47:22.340340688
127,110.04,124,110.06,08:47:22.462437804
121,110.04,124,110.06,08:47:22.462750614
121,110.04,4,110.05,08:47:22.463037385
128,110.04,4,110.05,08:47:22.463342834
126,110.04,4,110.05,08:47:22.610135231
126,110.04,125,110.06,08:47:22.611258017
119,110.04,125,110.06,08:47:22.611493950
119,110.04,121,110.06,08:47:22.611823761
119,110.04,127,110.06,08:47:22.761649193
119,110.04,121,110.06,08:47:22.855107465
119,110.04,10,110.05,08:47:22.937989549
126,110.04,10,110.05,08:47:22.938166958
126,110.04,14,110.05,08:47:23.720682415
126,110.04,24,110.05,08:47:23.721043443
126,110.04,25,110.05,08:47:24.074659214
126,110.04,26,110.05,08:47:24.074859319
126,110.04,25,110.05,08:47:25.161721318
126,110.04,24,110.05,08:47:25.161721318
126,110.04,14,110.05,08:47:25.162897967
126,110.04,5,110.05,08:47:25.226862700
126,110.04,1,110.05,08:47:25.227211307
126,110.04,10,110.05,08:47:25.539173065
126,110.04,11,110.05,08:47:25.540722404
126,110.04,13,110.05,08:47:25.680741529
126,110.04,23,110.05,08:47:25.681182815
126,110.04,24,110.05,08:47:25.681284223
126,110.04,23,110.05,08:47:26.854824892
126,110.04,21,110.05,08:47:26.856050543
126,110.04,22,110.05,08:47:26.876641697
126,110.04,23,110.05,08:47:26.877085516
126,110.04,24,110.05,08:47:26.877161684
126,110.04,25,110.05,08:47:26.877262340
126,110.04,27,110.05,08:47:27.552383289
126,110.04,28,110.05,08:47:27.552487436
126,110.04,33,110.05,08:47:27.552647382
104,110.04,33,110.05,08:47:27.553050821
104,110.04,36,110.05,08:47:27.553050821
104,110.04,37,110.05,08:47:27.553334239
104,110.04,47,110.05,08:47:27.553558757
104,110.04,48,110.05,08:47:27.553558757
97,110.04,48,110.05,08:47:27.553841562
97,110.04,49,110.05,08:47:27.553841562
97,110.04,48,110.05,08:47:27.553904872
97,110.04,47,110.05,08:47:27.553904872
85,110.04,47,110.05,08:47:27.554003569
85,110.04,48,110.05,08:47:27.557732291
85,110.04,47,110.05,08:47:27.557878358
85,110.04,37,110.05,08:47:27.558822930
85,110.04,38,110.05,08:47:27.558969842
97,110.04,38,110.05,08:47:27.559057503
97,110.04,37,110.05,08:47:27.559213149
97,110.04,38,110.05,08:47:27.559548382
97,110.04,37,110.05,08:47:27.561371440
97,110.04,38,110.05,08:47:27.565143447
97,110.04,39,110.05,08:47:27.565264439
97,110.04,40,110.05,08:47:27.569569978
97,110.04,41,110.05,08:47:27.569654231
97,110.04,51,110.05,08:47:27.569654231
85,110.04,51,110.05,08:47:27.569827958
86,110.04,51,110.05,08:47:27.573943722
75,110.04,51,110.05,08:47:27.577247285
31,110.04,51,110.05,08:47:27.577313778
24,110.04,51,110.05,08:47:27.577421349
24,110.04,47,110.05,08:47:27.577609236
24,110.04,48,110.05,08:47:27.588618045
24,110.04,49,110.05,08:47:27.588697824
36,110.04,49,110.05,08:47:27.597642941
85,110.04,49,110.05,08:47:27.678466873
85,110.04,43,110.05,08:47:27.678764971
85,110.04,42,110.05,08:47:27.741255764
85,110.04,41,110.05,08:47:27.741616224
85,110.04,38,110.05,08:47:27.756094768
85,110.04,39,110.05,08:47:27.756554412
85,110.04,38,110.05,08:47:27.767299041
85,110.04,39,110.05,08:47:27.896526088
85,110.04,40,110.05,08:47:27.941805119
85,110.04,39,110.05,08:47:28.073123755
85,110.04,38,110.05,08:47:28.073231259
85,110.04,39,110.05,08:47:28.242846062
85,110.04,40,110.05,08:47:28.242918193
85,110.04,41,110.05,08:47:28.243218443
85,110.04,40,110.05,08:47:28.501252497
85,110.04,39,110.05,08:47:28.513011939
85,110.04,38,110.05,08:47:28.550903186
85,110.04,37,110.05,08:47:28.550986859
85,110.04,36,110.05,08:47:28.551122567
85,110.04,35,110.05,08:47:28.551122567
85,110.04,34,110.05,08:47:28.551122567
85,110.04,32,110.05,08:47:28.551122567
85,110.04,22,110.05,08:47:28.551209538
85,110.04,21,110.05,08:47:28.551378533
111,110.04,21,110.05,08:47:28.551378533
111,110.04,20,110.05,08:47:28.551378533
111,110.04,15,110.05,08:47:28.551459624
111,110.04,14,110.05,08:47:28.551459624
119,110.04,14,110.05,08:47:28.551814724
119,110.04,13,110.05,08:47:28.552307859
119,110.04,5,110.05,08:47:28.552630657
119,110.04,4,110.05,08:47:28.552788134
119,110.04,3,110.05,08:47:28.552788134
119,110.04,2,110.05,08:47:28.552788134
119,110.04,1,110.05,08:47:28.552956381
120,110.04,1,110.05,08:47:28.553063552
120,110.04,137,110.06,08:47:28.553208288
125,110.04,137,110.06,08:47:28.553415731
125,110.04,129,110.06,08:47:28.553886912
125,110.04,117,110.06,08:47:28.554158796
127,110.04,117,110.06,08:47:28.564265884
139,110.04,117,110.06,08:47:28.576432090
4,110.05,117,110.06,08:47:28.609750633
6,110.05,117,110.06,08:47:28.609986258
7,110.05,117,110.06,08:47:28.610179736
8,110.05,117,110.06,08:47:28.610257788
8,110.05,115,110.06,08:47:28.621034611
8,110.05,113,110.06,08:47:28.621112897
9,110.05,113,110.06,08:47:28.621186190
10,110.05,113,110.06,08:47:28.640435847
22,110.05,113,110.06,08:47:28.768770823
10,110.05,113,110.06,08:47:28.769127261
10,110.05,114,110.06,08:47:28.897554833
10,110.05,122,110.06,08:47:28.982848549
10,110.05,123,110.06,08:47:29.065348060
9,110.05,123,110.06,08:47:29.725101216
8,110.05,123,110.06,08:47:29.725326001
7,110.05,123,110.06,08:47:29.725506414
28,110.05,123,110.06,08:47:29.890951949
40,110.05,123,110.06,08:47:29.891318007
41,110.05,123,110.06,08:47:30.862565087
43,110.05,123,110.06,08:47:30.872893403
41,110.05,123,110.06,08:47:31.896037342
40,110.05,123,110.06,08:47:31.896180587
36,110.05,123,110.06,08:47:31.971171082
24,110.05,123,110.06,08:47:31.971171082
22,110.05,123,110.06,08:47:31.971276043
21,110.05,123,110.06,08:47:31.971485507
16,110.05,123,110.06,08:47:31.971577354
9,110.05,123,110.06,08:47:31.971682871
9,110.05,131,110.06,08:47:31.972586175
7,110.05,131,110.06,08:47:31.973468751
112,110.04,131,110.06,08:47:31.973889874
112,110.04,1,110.05,08:47:31.973999989
112,110.04,8,110.05,08:47:31.973999989
112,110.04,10,110.05,08:47:31.974265541
112,110.04,12,110.05,08:47:31.974376559
111,110.04,12,110.05,08:47:31.974376559
111,110.04,11,110.05,08:47:31.974511422
111,110.04,9,110.05,08:47:31.974814347
111,110.04,2,110.05,08:47:31.975158929
103,110.04,2,110.05,08:47:31.975708199
103,110.04,3,110.05,08:47:31.982060256
103,110.04,13,110.05,08:47:31.982166662
91,110.04,13,110.05,08:47:31.982750239
91,110.04,14,110.05,08:47:31.982920457
91,110.04,19,110.05,08:47:31.983316540
91,110.04,18,110.05,08:47:32.007549042
91,110.04,13,110.05,08:47:32.007721336
91,110.04,3,110.05,08:47:32.007789147
91,110.04,13,110.05,08:47:32.007893563
91,110.04,14,110.05,08:47:32.044975067
91,110.04,15,110.05,08:47:32.045047786
91,110.04,16,110.05,08:47:32.045121655
91,110.04,17,110.05,08:47:32.045201218
91,110.04,22,110.05,08:47:32.045201218
91,110.04,23,110.05,08:47:32.045340657
91,110.04,24,110.05,08:47:32.054341403
91,110.04,25,110.05,08:47:32.061814749
91,110.04,26,110.05,08:47:32.061991587
105,110.04,26,110.05,08:47:32.083016542
117,110.04,26,110.05,08:47:32.083092094
117,110.04,25,110.05,08:47:32.093595924
117,110.04,24,110.05,08:47:32.099214787
117,110.04,23,110.05,08:47:32.099388098
117,110.04,22,110.05,08:47:32.099940214
117,110.04,23,110.05,08:47:32.138662939
117,110.04,22,110.05,08:47:32.142291358
117,110.04,23,110.05,08:47:32.145742112
117,110.04,24,110.05,08:47:32.171230993
117,110.04,45,110.05,08:47:32.277727049
117,110.04,44,110.05,08:47:32.604124351
117,110.04,43,110.05,08:47:32.604197928
117,110.04,42,110.05,08:47:32.665496995
117,110.04,41,110.05,08:47:32.984831489
117,110.04,40,110.05,08:47:32.985528503
117,110.04,39,110.05,08:47:32.986063626
122,110.04,39,110.05,08:47:32.986223571
125,110.04,39,110.05,08:47:32.986338032
125,110.04,38,110.05,08:47:32.988746862
125,110.04,37,110.05,08:47:32.988853272
125,110.04,36,110.05,08:47:32.988914894
125,110.04,31,110.05,08:47:32.989060555
125,110.04,21,110.05,08:47:32.989298916
128,110.04,21,110.05,08:47:32.989713905
129,110.04,21,110.05,08:47:35.191330543
129,110.04,19,110.05,08:47:35.191735503
129,110.04,18,110.05,08:47:35.191735503
129,110.04,14,110.05,08:47:35.192056914
129,110.04,11,110.05,08:47:35.192292066
129,110.04,125,110.06,08:47:35.192317414
129,110.04,105,110.06,08:47:35.192317414
2,110.05,105,110.06,08:47:35.192496584
2,110.05,99,110.06,08:47:35.192496584
2,110.05,89,110.06,08:47:35.193030391
125,110.04,89,110.06,08:47:35.195781034
123,110.04,89,110.06,08:47:35.196371790
121,110.04,89,110.06,08:47:35.197070069
132,110.04,89,110.06,08:47:35.202077801
133,110.04,89,110.06,08:47:35.207117726
136,110.04,89,110.06,08:47:35.207198666
140,110.04,89,110.06,08:47:35.207759598
142,110.04,89,110.06,08:47:35.342864872
142,110.04,101,110.06,08:47:35.342864872
142,110.04,89,110.06,08:47:35.343411588
138,110.04,89,110.06,08:47:35.353218929
136,110.04,89,110.06,08:47:35.353375362
127,110.04,89,110.06,08:47:35.363328077
132,110.04,89,110.06,08:47:35.364050060
143,110.04,89,110.06,08:47:35.374101285
143,110.04,94,110.06,08:47:36.248285729
143,110.04,108,110.06,08:47:36.248285729
143,110.04,111,110.06,08:47:36.248303515
143,110.04,123,110.06,08:47:36.248394772
141,110.04,123,110.06,08:47:36.248501438
141,110.04,125,110.06,08:47:36.248561402
141,110.04,123,110.06,08:47:36.249020676
141,110.04,124,110.06,08:47:36.400499954
141,110.04,4,110.05,08:47:37.444084524
141,110.04,6,110.05,08:47:37.444355154
140,110.04,6,110.05,08:47:37.444438740
140,110.04,9,110.05,08:47:37.444548401
140,110.04,19,110.05,08:47:37.444568260
140,110.04,21,110.05,08:47:37.444568260
141,110.04,21,110.05,08:47:37.444777896
141,110.04,19,110.05,08:47:37.444941867
140,110.04,19,110.05,08:47:37.454748269
135,110.04,19,110.05,08:47:37.455056286
124,110.04,19,110.05,08:47:37.455460538
124,110.04,24,110.05,08:47:37.464654189
124,110.04,25,110.05,08:47:37.545331070
124,110.04,26,110.05,08:47:38.112235734
124,110.04,27,110.05,08:47:38.112496450
121,110.04,27,110.05,08:47:38.116963519
121,110.04,26,110.05,08:47:38.153566812
121,110.04,25,110.05,08:47:38.153715996
124,110.04,25,110.05,08:47:38.159304666
124,110.04,20,110.05,08:47:38.160142157
130,110.04,20,110.05,08:47:38.160335361
132,110.04,20,110.05,08:47:38.160421726
132,110.04,17,110.05,08:47:38.391334868
132,110.04,20,110.05,08:47:38.404146942
132,110.04,17,110.05,08:47:39.215159956
132,110.04,15,110.05,08:47:39.215483428
132,110.04,11,110.05,08:47:39.215656083
132,110.04,12,110.05,08:47:39.220950147
132,110.04,13,110.05,08:47:39.221110822
132,110.04,14,110.05,08:47:39.221455107
132,110.04,15,110.05,08:47:39.222364011
132,110.04,16,110.05,08:47:39.222560632
132,110.04,17,110.05,08:47:39.222560632
132,110.04,18,110.05,08:47:39.222699736
132,110.04,19,110.05,08:47:39.227340066
132,110.04,20,110.05,08:47:39.230814405
132,110.04,25,110.05,08:47:39.333676765
132,110.04,20,110.05,08:47:39.436929014
132,110.04,25,110.05,08:47:40.688674178
129,110.04,25,110.05,08:47:40.689712667
129,110.04,26,110.05,08:47:40.689846238
129,110.04,25,110.05,08:47:40.690249207
129,110.04,26,110.05,08:47:40.693344889
129,110.04,27,110.05,08:47:40.694277397
129,110.04,26,110.05,08:47:40.694952811
129,110.04,25,110.05,08:47:40.716716764
129,110.04,24,110.05,08:47:41.768994369
129,110.04,23,110.05,08:47:41.768994369
129,110.04,18,110.05,08:47:41.769201765
129,110.04,17,110.05,08:47:41.769272555
129,110.04,16,110.05,08:47:41.769447102
129,110.04,15,110.05,08:47:41.769447102
