price,volume,timestamp
110.08,1,08:45:01.264644920
110.08,1,08:45:01.277799449
110.08,5,08:45:01.279359103
110.08,1,08:45:04.301251298
110.08,1,08:45:04.301329422
110.08,4,08:45:19.439434400
110.07,1,08:45:27.205374628
110.07,1,08:45:27.205389060
110.07,1,08:45:27.205468170
110.07,12,08:45:27.205485031
110.07,1,08:45:40.227394582
110.07,2,08:45:40.227550982
110.07,1,08:45:40.229360456
110.07,1,08:45:40.231743088
110.07,1,08:45:40.231827203
110.07,1,08:45:40.231967900
110.07,1,08:45:40.232086451
110.07,2,08:45:40.232086451
110.07,11,08:45:40.233500242
110.08,6,08:45:43.997270709
110.08,1,08:45:43.997462382
110.08,1,08:45:43.997486856
110.08,4,08:45:43.997486856
110.08,2,08:45:43.997486856
110.08,2,08:45:43.997517809
110.08,1,08:45:43.997517809
110.08,6,08:45:43.997517809
110.07,1,08:45:59.679505672
110.07,2,08:45:59.679505672
110.07,1,08:45:59.679609570
110.07,1,08:45:59.679624940
110.06,3,08:46:12.838536503
110.06,1,08:46:12.838646058
110.06,1,08:46:12.838864925
110.06,5,08:46:12.839154048
110.05,1,08:46:34.012906774
110.05,4,08:46:34.013184160
110.05,1,08:46:38.427478707
110.05,3,08:46:38.427923382
110.05,5,08:46:38.427923382
110.05,2,08:46:38.427923382
110.05,1,08:46:38.428053359
110.05,6,08:46:38.428053359
110.05,3,08:46:38.428193759
110.05,2,08:46:52.037109443
110.05,4,08:46:53.402431532
110.05,2,08:46:53.405162881
110.05,5,08:46:53.989030010
110.05,1,08:46:53.989030010
110.05,7,08:46:53.989134499
110.05,2,08:46:53.989469520
110.05,6,08:46:53.989585945
110.05,2,08:46:54.141181833
110.05,1,08:46:54.204431085
110.05,3,08:46:54.205544481
110.05,1,08:46:54.334347458
110.06,1,08:47:08.013743002
110.06,4,08:47:08.013743002
110.06,5,08:47:08.013764281
110.06,2,08:47:08.013764281
110.06,10,08:47:08.013764281
110.06,1,08:47:08.013764281
110.06,5,08:47:16.863667211
110.06,5,08:47:17.012292702
110.05,6,08:47:21.933545314
110.05,1,08:47:21.933545314
110.05,1,08:47:21.933618197
110.05,2,08:47:22.087102655
110.05,1,08:47:22.245777445
110.05,1,08:47:22.245859105
110.05,1,08:47:22.245876462
110.05,3,08:47:22.245876462
110.05,9,08:47:25.226862700
110.05,1,08:47:28.552307859
110.05,8,08:47:28.552630657
110.05,1,08:47:28.552788134
110.05,1,08:47:28.552956381
110.05,1,08:47:28.553208288
110.05,1,08:47:31.971485507
110.05,5,08:47:31.971577354
110.05,7,08:47:31.971682871
110.05,2,08:47:31.973468751
110.05,7,08:47:31.973889874
110.05,1,08:47:32.007549042
110.05,2,08:47:35.191735503
110.05,1,08:47:35.191735503
110.05,4,08:47:35.192056914
110.05,3,08:47:35.192292066
110.05,11,08:47:35.192317414
110.04,1,08:47:49.467506991
110.04,1,08:47:49.468221374
110.04,1,08:47:49.468573585
110.04,3,08:47:49.468613576
110.04,1,08:47:49.468613576
110.04,1,08:47:49.479015972
110.04,1,08:47:50.599971657
110.05,6,08:48:05.733893697
110.05,1,08:48:12.724722703
110.05,1,08:48:34.708742138
110.05,1,08:48:34.708839159
110.05,1,08:48:39.708813837
110.05,1,08:48:39.708827875
110.05,1,08:48:39.708899629
110.05,1,08:48:39.708913888
110.05,1,08:48:44.709144361
110.05,2,08:48:44.709220997
110.05,1,08:48:55.441306200
110.05,1,08:48:55.441319559
110.05,1,08:48:55.441333307
110.05,1,08:48:55.441394859
110.05,2,08:48:55.441468587
110.07,29,08:49:03.529156728
110.07,4,08:49:03.529378097
110.07,7,08:49:03.529378097
110.07,1,08:49:03.529378097
110.07,2,08:49:03.529392488
110.07,1,08:49:03.529392488
110.07,2,08:49:03.529408910
110.07,2,08:49:03.529425073
110.07,25,08:49:03.530368116
110.07,2,08:49:03.530368116
110.08,1,08:49:03.530389895
110.08,1,08:49:03.530564839
110.07,2,08:49:03.530800666
110.07,1,08:49:04.970824400
110.07,6,08:49:04.970857331
110.07,2,08:49:04.970878432
110.07,1,08:49:04.970878432
110.07,7,08:49:04.970878432
110.07,1,08:49:04.971022426
110.07,1,08:49:04.971039382
110.07,1,08:49:04.971226284
110.07,5,08:49:04.971241132
110.07,3,08:49:04.971359097
110.07,4,08:49:04.971378928
110.07,1,08:49:04.971432032
110.07,1,08:49:04.971838288
110.07,26,08:49:04.972824021
110.08,4,08:49:07.492875809
110.08,1,08:49:07.492875809
110.08,1,08:49:07.492992770
110.08,1,08:49:07.493015362
110.08,2,08:49:07.493015362
110.08,1,08:49:07.708017293
110.08,2,08:49:07.708017293
110.08,1,08:49:08.935087271
110.08,2,08:49:08.935177098
110.08,1,08:49:08.935193066
110.08,2,08:49:09.492061456
110.08,2,08:49:09.661508512
110.08,1,08:49:09.661991702
110.08,2,08:49:22.077609014
110.08,4,08:49:22.077741902
110.08,1,08:49:22.077772193
110.08,10,08:49:22.077772193
110.08,2,08:49:26.294033485
110.07,1,08:49:41.611700364
110.07,1,08:49:41.611720242
110.07,1,08:50:16.076852771
110.07,3,08:50:16.076923872
110.07,1,08:50:16.076941159
110.06,5,08:50:34.621816921
110.06,2,08:50:34.621924217
110.06,5,08:50:34.621924217
110.06,1,08:50:34.677034431
110.06,1,08:50:34.677229189
110.06,8,08:50:34.677417595
110.06,1,08:50:34.677417595
110.06,2,08:50:34.677541116
110.06,1,08:50:34.677541116
110.06,10,08:50:34.677644965
110.06,1,08:50:34.677644965
110.06,1,08:50:34.677757947
110.06,2,08:51:00.970040184
110.06,2,08:51:02.674347250
110.05,2,08:51:17.637195841
110.05,3,08:51:17.637317479
110.05,1,08:51:17.637331054
110.05,1,08:51:17.637346417
110.05,5,08:51:17.637346417
110.05,2,08:51:17.637363934
110.06,1,08:51:33.464086966
110.06,1,08:51:46.091663504
110.06,1,08:51:46.091731974
110.06,1,08:51:46.156768239
110.06,2,08:51:51.923487510
110.06,1,08:51:51.923487510
110.06,4,08:51:51.923503424
110.06,1,08:51:51.923503424
110.06,2,08:51:51.923503424
110.06,1,08:52:06.005163182
110.06,1,08:52:06.005512894
110.06,1,08:52:06.005528484
110.06,1,08:52:06.005543329
110.06,1,08:52:06.005561150
110.06,11,08:52:06.006786074
110.07,2,08:52:12.704948011
110.07,2,08:52:12.725560492
110.07,4,08:52:12.725560492
110.07,1,08:52:12.775829874
110.07,1,08:52:12.775941135
110.07,1,08:52:12.806434148
110.08,1,08:52:26.599565317
110.08,5,08:52:26.617674031
110.08,2,08:52:33.406336873
110.08,1,08:52:54.709683212
110.08,1,08:52:54.709841964
110.08,4,08:52:54.709856898
110.08,2,08:53:03.122510426
110.07,1,08:53:32.169006806
110.08,3,08:54:00.316684563
110.08,4,08:54:00.316684563
110.08,1,08:54:00.316684563
110.08,6,08:54:00.316773023
110.07,1,08:55:03.972895808
110.08,1,08:55:18.266952832
110.08,1,08:55:18.267234346
110.08,1,08:55:58.529844208
110.08,1,08:55:58.529978950
110.08,1,08:55:58.529999268
110.08,2,08:55:58.529999268
110.08,13,08:55:58.529999268
110.08,1,08:55:58.530013616
110.08,53,08:55:58.530013616
110.08,10,08:56:05.334560663
110.07,5,08:56:17.771796978
110.07,24,08:56:17.771796978
110.07,10,08:56:28.069943526
110.07,14,08:56:28.178424429
110.07,26,08:56:28.191000195
110.08,3,08:56:45.599271370
110.08,1,08:56:45.599284234
110.08,1,08:56:45.599299370
110.08,13,08:56:45.599675712
110.08,66,08:56:45.599691222
110.08,21,08:56:45.600208252
110.08,4,08:56:45.600239370
110.08,56,08:56:45.600340860
110.08,3,08:56:45.600340860
110.08,3,08:56:45.600355640
110.09,13,08:56:45.670491427
110.09,12,08:56:45.670668125
110.09,1,08:56:45.670682026
110.09,1,08:56:45.670696032
110.09,19,08:56:45.670715844
110.09,18,08:56:45.670732762
110.09,9,08:56:45.670732762
110.09,2,08:56:45.670837069
110.09,7,08:56:45.670852726
110.09,9,08:56:45.670872042
110.09,3,08:56:45.671366595
110.09,9,08:56:45.671366595
110.09,13,08:56:45.684690956
110.09,1,08:56:45.684690956
110.09,1,08:56:45.684799862
110.09,1,08:56:45.686949186
110.09,1,08:56:45.693627302
110.09,1,08:56:45.721104128
110.09,1,08:57:03.637961619
110.09,2,08:57:03.638150380
110.09,30,08:57:03.638172608
110.09,1,08:57:03.638172608
110.09,13,08:57:03.638172608
110.09,25,08:57:03.638172608
110.09,2,08:57:03.638172608
110.09,1,08:57:03.638196707
110.09,17,08:57:03.638196707
110.09,2,08:57:03.638196707
110.09,1,08:57:03.686296942
110.09,1,08:57:08.811631639
110.09,6,08:57:08.811663557
110.09,1,08:57:08.811663557
110.09,1,08:57:25.559093685
110.09,2,08:57:25.559093685
110.09,3,08:57:25.559093685
110.09,1,08:57:25.559506991
110.09,1,08:57:25.559710731
110.09,10,08:57:25.559710731
110.09,1,08:57:25.607116662
110.1,4,08:57:31.872143836
110.1,3,08:57:31.872236274
110.1,1,08:57:31.872678171
110.1,3,08:57:31.872678171
110.1,2,08:57:31.872678171
110.1,1,08:57:31.872877800
110.1,2,08:57:31.872877800
110.1,1,08:57:31.872894215
110.1,5,08:57:31.873177671
110.1,1,08:57:31.873399901
110.1,1,08:57:31.873558989
110.1,1,08:57:31.873618270
110.1,1,08:57:31.873711172
110.1,1,08:57:38.584392383
110.09,20,08:58:10.377991653
110.09,23,08:58:10.377991653
110.09,11,08:58:10.378197100
110.09,1,08:58:10.378197100
110.09,1,08:58:10.378219964
110.09,2,08:58:10.378243794
110.09,1,08:58:10.378243794
110.09,2,08:58:10.891806327
110.09,11,08:58:12.489839103
110.09,6,08:58:12.489839103
110.09,12,08:58:12.489839103
110.09,1,08:58:18.425048213
110.09,2,08:58:18.425048213
110.09,4,08:58:18.425134681
110.09,1,08:58:18.425150208
110.09,12,08:58:18.425150208
110.09,1,08:58:18.425304297
110.09,1,08:58:19.411270378
110.09,1,08:58:28.026205763
110.09,1,08:58:38.976188101
110.09,2,08:58:38.976188101
110.09,1,08:58:38.976637406
110.09,3,08:58:38.976791582
110.08,1,08:58:48.195483127
110.08,1,08:58:48.982841816
110.08,12,08:58:48.982857054
110.07,4,08:58:52.223198038
110.07,26,08:58:52.223198038
110.07,2,08:58:52.223373988
110.07,12,08:58:52.223387947
110.07,1,08:58:52.223407439
110.07,1,08:58:52.233956520
110.07,13,08:58:52.233956520
110.07,3,08:58:58.981075484
110.07,3,08:58:58.981090479
110.07,1,08:58:58.981332028
110.07,2,08:58:58.981524684
110.07,3,08:58:58.981732409
110.07,1,08:59:01.917811515
110.07,26,08:59:01.918104980
110.07,1,08:59:01.952800075
110.07,1,08:59:01.953191700
110.07,24,08:59:01.956436818
110.07,13,08:59:01.967067437
110.07,4,08:59:01.967067437
110.07,6,08:59:01.967067437
110.07,1,08:59:01.967067437
110.07,13,08:59:01.977790684
110.07,1,08:59:01.977921749
110.07,6,08:59:01.977938636
110.07,1,08:59:01.977938636
110.07,1,08:59:01.977953615
110.07,6,08:59:01.988585154
110.07,43,08:59:10.462400644
110.07,1,08:59:11.870552854
110.07,2,08:59:18.541409182
110.07,47,08:59:18.541885192
110.07,7,08:59:18.541885192
110.07,1,08:59:18.541885192
110.07,6,08:59:45.042781644
110.07,4,08:59:45.042781644
110.07,1,08:59:45.042781644
110.07,1,08:59:45.043200627
110.07,3,08:59:45.043218559
110.07,2,08:59:45.043218559
110.07,3,08:59:45.043251919
110.07,9,08:59:45.043251919
110.07,4,08:59:45.043251919
110.07,6,08:59:45.043489788
110.07,1,08:59:45.043513702
110.07,1,08:59:45.043528345
110.07,13,08:59:45.055121908
110.07,1,08:59:45.055121908
110.07,2,08:59:45.055121908
110.07,2,08:59:45.055616941
110.07,4,08:59:45.055920947
110.07,9,08:59:45.055920947
110.07,1,08:59:45.059400446
110.07,1,08:59:46.517139168
110.07,2,08:59:46.517231065
110.07,1,08:59:46.517250487
110.07,2,08:59:49.869271681
110.07,2,08:59:49.869366238
110.07,2,08:59:52.974340277
110.07,6,09:00:04.555027536
110.07,2,09:00:04.555027536
110.07,2,09:00:04.555046890
110.07,6,09:00:04.555066334
110.07,2,09:00:04.555082727
110.07,2,09:00:04.555095863
110.07,1,09:00:04.555109991
110.07,1,09:00:07.197573191
110.06,10,09:00:16.543647601
110.05,1,09:00:18.613745417
110.05,1,09:00:25.193101848
110.05,3,09:00:25.193101848
110.05,1,09:00:25.193116597
110.05,2,09:00:25.193116597
110.05,13,09:00:25.193460155
110.05,5,09:00:26.202438623
110.05,2,09:00:45.273868636
110.05,1,09:00:45.273883045
110.05,2,09:00:45.273944542
110.05,1,09:00:46.986013833
110.05,1,09:00:46.986646706
110.05,8,09:00:47.872129432
110.05,2,09:00:47.872489803
110.05,2,09:00:47.872604839
110.05,1,09:00:47.873440759
110.05,2,09:00:55.002827943
110.05,2,09:00:55.009353957
110.05,2,09:00:55.009558232
110.05,4,09:00:58.047842402
110.05,1,09:00:58.047964795
110.05,24,09:00:59.594571511
110.06,1,09:01:02.628962799
110.06,1,09:01:02.629197275
110.06,1,09:01:02.630318445
110.06,4,09:01:03.007640677
110.06,3,09:01:03.711629326
110.06,2,09:01:03.968194015
110.06,3,09:01:06.841116107
110.06,1,09:01:06.841192078
110.06,1,09:01:06.841206602
110.06,1,09:01:51.662850817
110.05,1,09:01:57.220003505
110.05,1,09:01:57.220588545
110.05,2,09:01:57.220698772
110.05,1,09:01:57.220718718
110.05,1,09:01:57.719630194
110.05,1,09:01:57.874825820
110.05,1,09:01:58.004647467
110.05,1,09:01:58.135119065
110.05,1,09:01:58.265070782
110.05,1,09:01:58.393874564
110.05,1,09:01:58.524068095
110.05,1,09:01:58.653038331
110.05,1,09:01:58.783340172
110.05,1,09:02:01.437637919
110.05,1,09:02:01.437666466
110.05,5,09:02:01.437685999
110.05,1,09:02:01.437701145
110.05,2,09:02:01.437715285
110.05,1,09:02:01.437730469
110.05,1,09:02:01.437745702
110.05,1,09:02:01.437760767
110.05,1,09:02:01.590757248
110.05,1,09:02:01.743823854
110.05,1,09:02:01.878975434
110.05,1,09:02:02.009192264
110.05,1,09:02:02.138506288
110.05,1,09:02:02.248186176
110.05,1,09:02:02.342761889
110.05,2,09:02:02.390560543
110.05,1,09:02:02.594390932
110.05,1,09:02:02.817304772
110.05,1,09:02:03.067513188
110.05,1,09:02:03.256280934
110.05,1,09:02:03.345164319
110.05,1,09:02:03.438321075
110.05,1,09:02:03.537235957
110.05,1,09:02:03.690409548
110.05,1,09:02:03.940734398
110.05,1,09:02:04.099818276
110.05,1,09:02:04.233294530
110.05,1,09:02:04.324842192
110.05,1,09:02:04.426943437
110.05,1,09:02:04.676383776
110.05,1,09:02:04.926348488
110.05,1,09:02:05.176711107
110.05,1,09:02:05.369501494
110.05,1,09:02:05.619816005
110.05,1,09:02:05.869039458
110.05,1,09:02:06.048716022
110.05,1,09:02:06.198704684
110.05,1,09:02:06.448419125
110.05,1,09:02:06.698260645
110.05,1,09:02:06.948526706
110.05,1,09:02:07.198699832
110.05,1,09:02:07.447670880
110.05,1,09:02:07.597433360
110.05,1,09:02:07.746659223
110.05,1,09:02:07.997083132
110.05,1,09:02:08.111751079
110.05,1,09:02:08.361289037
110.05,1,09:02:08.611370472
110.05,1,09:02:08.697184845
110.05,1,09:02:08.948831959
110.05,1,09:02:09.090938638
110.05,1,09:02:09.339851638
110.05,1,09:02:09.590176898
110.05,1,09:02:09.840378128
110.05,1,09:02:10.090133210
110.05,1,09:02:10.340578334
110.04,1,09:02:10.542629750
110.04,1,09:02:10.542645686
110.04,2,09:02:10.542645686
110.04,49,09:02:10.542661097
110.04,5,09:02:10.542661097
110.04,27,09:02:10.542675407
110.04,1,09:02:10.542690009
110.04,1,09:02:10.542704108
110.04,17,09:02:10.542718159
110.04,9,09:02:10.542731903
110.04,1,09:02:10.543025698
110.04,12,09:02:10.543039497
110.04,3,09:02:10.543053631
110.04,8,09:02:10.543068165
110.04,1,09:02:10.543082098
110.04,1,09:02:10.543097970
110.04,2,09:02:10.543112101
110.04,4,09:02:10.543126098
110.04,6,09:02:10.543139826
110.04,4,09:02:10.543158914
110.04,6,09:02:10.543172824
110.04,4,09:02:10.543191951
110.04,1,09:02:10.543207964
110.04,3,09:02:10.543226837
110.04,1,09:02:10.543295653
110.04,2,09:02:10.543317234
110.04,2,09:02:10.543335922
110.04,13,09:02:10.543807432
110.04,3,09:02:10.545473508
110.04,8,09:02:10.545853885
110.04,3,09:02:10.546174141
110.04,2,09:02:10.546174141
110.04,1,09:02:10.546187722
110.04,3,09:02:10.546217665
110.04,1,09:02:10.547470320
110.04,2,09:02:10.547491804
110.04,1,09:02:10.547966150
110.04,1,09:02:10.547980530
110.04,1,09:02:10.548064565
110.04,1,09:02:10.548080245
110.05,1,09:02:10.590690271
110.04,10,09:02:30.352245262
110.04,13,09:02:30.352755764
110.04,3,09:02:30.380560232
110.04,26,09:02:30.459639309
110.04,2,09:02:31.505884870
110.04,4,09:02:31.506066647
110.04,2,09:02:31.506244883
110.04,1,09:02:31.506349367
110.04,1,09:02:31.506444640
110.04,13,09:02:31.506605357
110.04,24,09:02:31.517194953
110.04,16,09:02:31.527788639
110.04,10,09:02:31.527885839
110.04,1,09:02:31.527901157
110.04,14,09:02:31.538567272
110.04,2,09:02:31.538647825
110.04,8,09:02:31.538662763
110.04,5,09:02:31.549465866
110.04,1,09:02:31.549465866
110.04,10,09:02:31.549568855
110.04,2,09:02:31.549587063
110.04,1,09:02:31.549587063
110.04,14,09:02:31.560556978
110.04,12,09:02:31.560556978
110.04,10,09:02:31.571317135
110.04,1,09:02:31.571317135
110.04,1,09:02:31.571430325
110.04,8,09:02:31.571446117
110.04,2,09:02:31.571446117
110.03,24,09:02:49.910624753
110.03,2,09:02:49.910638836
110.03,1,09:02:49.910846887
110.03,1,09:02:49.910874561
110.03,2,09:02:49.910874561
110.03,2,09:02:49.910917351
110.03,25,09:02:49.910917351
110.03,20,09:02:49.910917351
110.03,1,09:02:49.910917351
110.03,5,09:02:49.910917351
110.03,35,09:02:49.910917351
110.03,2,09:02:49.912186947
110.03,1,09:03:28.376643432
110.03,2,09:03:28.376643432
110.03,1,09:03:28.376773471
110.03,3,09:03:28.376800057
110.03,2,09:03:28.376800057
110.03,1,09:03:28.376800057
110.03,23,09:03:28.376800057
110.03,1,09:03:28.376814783
110.03,1,09:03:28.377287285
110.03,2,09:03:28.474700698
110.03,2,09:03:28.474767853
110.03,1,09:03:53.617097773
110.03,25,09:03:53.617111548
110.03,1,09:03:53.617125212
110.03,2,09:03:53.617140518
110.03,1,09:03:53.617140518
110.03,2,09:03:53.617154550
110.03,13,09:03:53.627005615
110.03,6,09:03:53.627110082
110.03,1,09:03:53.627126403
110.03,4,09:03:53.627126403
110.03,6,09:03:53.627477961
110.03,24,09:03:53.696379733
110.03,1,09:03:53.696634623
110.03,6,09:03:53.707380205
110.03,12,09:03:53.720604993
110.03,2,09:03:53.720719645
110.03,4,09:03:53.720844983
110.03,8,09:03:53.740956429
110.03,1,09:03:53.741062579
110.03,13,09:03:53.741082102
110.03,16,09:03:53.760794508
110.03,1,09:03:53.761000469
110.03,6,09:03:53.761231044
110.03,2,09:03:53.762037809
110.03,1,09:03:53.799779194
110.03,1,09:03:53.799854861
110.03,4,09:03:53.799874375
110.03,4,09:03:59.086181062
110.03,1,09:03:59.551801952
110.03,2,09:03:59.552038529
110.03,1,09:03:59.552170471
110.03,5,09:03:59.555413390
110.03,16,09:03:59.555679909
110.03,2,09:03:59.566310208
110.03,4,09:03:59.566327502
110.03,18,09:04:01.560118112
110.03,1,09:04:01.560118112
110.03,2,09:04:01.560262166
110.03,12,09:04:01.560285229
110.03,1,09:04:01.560285229
110.03,1,09:04:03.680629574
110.03,2,09:04:03.805132395
110.03,1,09:04:04.361597125
110.03,1,09:04:04.517729165
110.03,1,09:04:04.611990835
110.03,1,09:04:08.151691705
110.03,1,09:04:08.248649869
110.03,1,09:04:08.403490681
110.03,1,09:04:08.533365637
110.03,24,09:04:08.533552747
110.03,1,09:04:08.662438777
110.03,1,09:04:08.792194108
110.03,1,09:04:08.922206613
110.03,1,09:04:09.051281617
110.03,1,09:04:09.181678157
110.03,1,09:04:09.311877625
110.03,1,09:04:09.441703935
110.03,5,09:04:09.462994285
110.03,4,09:04:09.463013095
110.03,1,09:04:09.560012027
110.03,1,09:04:09.623909056
110.03,1,09:04:09.659395899
110.03,1,09:04:09.814864737
110.03,1,09:04:09.949820291
110.03,1,09:04:10.080001059
110.02,3,09:04:26.564185579
110.02,1,09:04:26.564200091
110.02,2,09:04:26.564214577
110.02,1,09:04:26.564593374
110.02,1,09:04:26.564609486
110.02,1,09:04:26.564624804
110.02,1,09:04:26.564646225
110.02,1,09:04:26.564662399
110.02,1,09:04:26.564721505
110.02,22,09:04:26.564959147
110.02,1,09:04:26.565290753
110.02,2,09:04:26.565352539
110.02,1,09:04:34.787772680
110.02,6,09:04:34.789041383
110.02,1,09:04:57.843383224
110.03,2,09:05:01.266980457
110.03,2,09:05:01.267112522
110.03,25,09:05:01.267129347
110.03,2,09:05:01.267129347
110.03,1,09:05:01.267150887
110.03,2,09:05:01.267150887
110.03,26,09:05:01.267914297
110.03,1,09:05:01.281331814
110.03,2,09:05:01.281561514
110.03,21,09:05:01.281681846
110.03,1,09:05:01.281984418
110.03,5,09:05:01.282120321
110.03,2,09:05:01.282600281
110.03,2,09:05:01.285297539
110.03,4,09:05:01.285297539
110.03,39,09:05:02.365866822
110.03,14,09:05:02.366017068
110.03,1,09:05:02.366044191
110.03,25,09:05:02.366044191
110.03,1,09:05:02.377553502
110.03,1,09:05:07.809922737
110.03,1,09:05:08.747249736
110.03,1,09:05:08.747279811
110.03,1,09:05:18.092365851
110.03,1,09:05:18.092444203
110.03,14,09:05:18.095086217
110.03,1,09:05:18.750493958
110.03,5,09:05:18.750493958
110.03,12,09:05:18.750879494
110.03,1,09:05:18.751090201
110.03,10,09:05:18.751493166
110.03,13,09:05:22.730886208
110.03,2,09:05:22.730886208
110.03,1,09:05:22.730960573
110.03,3,09:05:36.031218839
110.03,1,09:05:47.444392890
110.03,2,09:05:47.444392890
110.03,1,09:05:47.444467105
110.03,1,09:05:54.159041658
110.03,1,09:05:54.159143194
110.03,4,09:05:54.159166679
110.03,13,09:05:54.159166679
110.03,1,09:05:54.159166679
110.03,1,09:05:54.259837684
110.03,1,09:05:54.415278234
110.03,10,09:05:54.415472500
110.03,1,09:06:10.983878806
110.03,4,09:06:16.312173479
110.03,1,09:06:16.312173479
110.03,1,09:06:16.312359412
110.03,3,09:06:16.312375390
110.03,1,09:06:16.312375390
110.03,2,09:06:16.312375390
110.03,1,09:06:16.312576225
110.03,1,09:06:16.312590855
110.03,13,09:06:16.312590855
110.03,32,09:06:16.312590855
110.03,10,09:06:16.312741133
110.03,23,09:06:16.312741133
110.03,1,09:06:16.312776208
110.03,1,09:06:18.096945157
110.04,1,09:06:38.228919001
110.04,1,09:06:38.229023342
110.04,8,09:06:38.229041112
110.04,4,09:06:38.229041112
110.04,2,09:06:38.229041112
110.04,13,09:06:38.229342489
110.05,1,09:06:42.234925170
110.05,1,09:06:43.628968443
110.05,2,09:06:43.629571444
110.05,1,09:06:43.640760553
110.05,3,09:06:43.641290779
110.05,1,09:06:43.716492304
110.05,1,09:06:43.847386776
110.04,1,09:06:47.178689087
110.04,1,09:06:47.178703458
110.04,1,09:06:47.178770504
110.04,2,09:06:47.183741073
110.04,1,09:06:47.183741073
110.04,2,09:06:48.031850081
110.05,1,09:06:48.695564693
110.04,2,09:07:00.466575005
110.04,1,09:07:10.262539551
110.04,1,09:07:10.263163558
110.04,1,09:07:10.360861141
110.04,1,09:07:10.449189756
110.04,5,09:07:13.098754219
110.04,1,09:07:14.221504111
110.04,1,09:07:14.311369276
110.04,3,09:07:14.311455585
110.04,2,09:07:14.311455585
110.04,1,09:07:14.376525466
110.04,1,09:07:15.244502200
110.04,1,09:07:17.587189079
110.04,1,09:07:17.587598125
110.04,19,09:07:17.587598125
110.04,1,09:07:17.587744349
110.04,2,09:07:17.587763062
110.04,13,09:07:17.587763062
110.04,3,09:07:17.587763062
110.04,1,09:07:17.587763062
110.05,1,09:07:17.741138950
110.05,1,09:07:17.827256797
110.05,1,09:07:17.957379946
110.05,1,09:07:18.087599581
110.05,1,09:07:18.181341388
110.05,1,09:07:18.313270874
110.05,1,09:07:18.443390468
110.05,1,09:07:18.573825961
110.05,1,09:07:18.662675482
110.05,1,09:07:18.754716728
110.05,1,09:07:18.863835355
110.05,1,09:07:18.993911498
110.05,1,09:07:19.123045199
110.05,1,09:07:19.253099171
110.05,1,09:07:19.383315429
110.05,1,09:07:19.481982360
110.05,1,09:07:19.622434649
110.05,1,09:07:19.750628762
110.05,1,09:07:21.279233014
110.05,1,09:07:21.434415065
110.05,1,09:07:21.524400563
110.05,1,09:07:21.619243964
110.05,1,09:07:21.749671262
110.05,1,09:07:21.879432021
110.05,1,09:07:22.009816789
110.05,1,09:07:22.138773477
110.05,1,09:07:22.268977815
110.05,1,09:07:22.398945379
110.05,1,09:07:22.528991986
110.05,1,09:07:22.665006074
110.05,1,09:07:22.761798168
110.05,1,09:07:22.891812222
110.05,1,09:07:23.010182604
110.05,1,09:07:23.102223789
110.05,1,09:07:23.237279837
110.05,1,09:07:23.367252350
110.05,1,09:07:23.502544198
110.05,1,09:07:23.631362078
110.05,1,09:07:23.744416049
110.05,1,09:07:23.843606300
110.05,1,09:07:30.840792209
110.05,1,09:07:30.968347064
110.05,1,09:07:31.098538672
110.05,1,09:07:31.228591350
110.05,1,09:07:31.363771256
110.05,1,09:07:37.159211502
110.05,1,09:07:37.268979811
110.05,1,09:07:37.390069991
110.05,1,09:07:37.489276292
110.05,1,09:07:37.606182273
110.05,1,09:07:37.741246326
110.05,1,09:07:37.871441263
110.05,1,09:07:37.978259318
110.05,8,09:07:38.064216828
110.05,2,09:07:38.064232047
110.05,1,09:07:38.064232047
110.05,11,09:07:38.064250216
110.05,1,09:07:38.064250216
110.05,10,09:07:38.064250216
110.05,2,09:07:38.064250216
110.05,11,09:07:38.064452291
110.05,1,09:07:38.064469663
110.05,1,09:07:38.064483980
110.05,13,09:07:38.064501219
110.05,11,09:07:38.064515244
110.05,10,09:07:38.064529126
110.05,12,09:07:38.064659606
110.05,1,09:07:38.064674044
110.05,1,09:07:38.064693702
110.05,20,09:07:38.064711491
110.05,1,09:07:38.109421054
110.05,1,09:07:38.236796397
110.05,1,09:07:38.237474339
110.05,1,09:07:38.237649523
110.05,1,09:07:38.361601907
110.05,1,09:07:38.491866499
110.05,1,09:07:38.598792120
110.05,1,09:07:38.727562929
110.05,1,09:07:38.821082135
110.05,1,09:07:38.949857051
110.05,1,09:07:39.050085016
110.05,1,09:07:39.250231701
110.05,1,09:07:42.396293219
110.05,1,09:07:42.553158787
110.05,1,09:07:42.683054999
110.05,1,09:07:42.812161502
110.05,1,09:07:42.942104065
110.05,1,09:07:43.072166913
110.05,1,09:07:43.202267807
110.05,1,09:07:43.325262446
110.05,1,09:07:43.418304503
110.05,1,09:07:43.505305675
110.05,1,09:07:43.634458454
110.05,1,09:07:43.763546411
110.05,1,09:07:43.865131764
110.05,1,09:07:43.999779052
110.05,1,09:07:44.129926649
110.05,1,09:07:44.258772779
110.05,1,09:07:44.388962570
110.05,1,09:07:44.489014948
110.05,1,09:07:50.343506125
110.05,1,09:07:50.498427110
110.05,1,09:07:50.633604577
110.05,1,09:07:50.763374540
110.05,1,09:07:50.878420606
110.05,1,09:07:51.008562296
110.05,1,09:07:51.138675689
110.05,1,09:07:51.267558609
110.05,1,09:07:51.397789851
110.05,1,09:07:51.502696385
110.05,1,09:07:51.632980385
110.05,1,09:07:51.763008206
110.05,1,09:07:51.893205030
110.05,1,09:07:52.022197585
110.05,1,09:07:52.153356999
110.05,1,09:07:52.281402364
110.05,1,09:07:52.415847178
110.05,1,09:07:52.439410789
110.05,1,09:07:55.468538033
110.05,1,09:07:55.558935900
110.05,1,09:07:55.647020850
110.05,1,09:07:55.810333297
110.05,1,09:07:55.901400289
110.05,1,09:07:56.011285313
110.05,1,09:07:56.107377345
110.05,1,09:07:56.196689843
110.05,1,09:07:56.285761881
110.05,1,09:07:56.411531590
110.05,1,09:07:56.546646195
110.05,1,09:07:56.650786799
110.05,1,09:07:56.774719465
110.05,3,09:07:58.144288298
110.05,51,09:07:58.144453945
110.05,1,09:07:58.144477754
110.05,2,09:07:58.144477754
110.05,10,09:07:58.144477754
110.05,1,09:07:58.144498327
110.05,10,09:07:58.144498327
110.05,2,09:07:58.144498327
110.05,8,09:07:58.144498327
110.05,2,09:08:01.701799564
110.05,13,09:08:01.702014528
110.05,3,09:08:01.712659320
110.05,1,09:08:01.712659320
110.05,1,09:08:08.440332789
110.05,2,09:08:08.454333764
110.05,3,09:08:08.454440498
110.05,1,09:08:08.454440498
110.05,1,09:08:08.460458477
110.05,5,09:08:11.425941498
110.05,1,09:08:11.425960141
110.05,3,09:08:11.425960141
110.05,13,09:08:11.425980006
110.05,1,09:08:11.992900743
110.05,5,09:08:11.993131360
110.05,1,09:08:18.794325014
110.05,1,09:08:20.274212811
110.07,1,09:08:33.296264131
110.07,13,09:08:33.296264131
110.07,4,09:08:33.296264131
110.07,2,09:08:33.296264131
110.06,10,09:08:35.140366979
110.06,1,09:08:35.140380953
110.06,1,09:08:35.140746904
110.06,4,09:08:35.140773327
110.06,1,09:08:35.140773327
110.06,45,09:08:35.140773327
110.06,13,09:08:35.140773327
110.06,2,09:08:35.140773327
110.06,3,09:08:35.140773327
110.06,10,09:08:35.140803689
110.06,1,09:08:35.140803689
110.06,2,09:08:35.140803689
110.06,1,09:08:35.141065739
110.07,1,09:08:46.038406602
110.07,2,09:08:46.038420701
110.07,13,09:08:46.038420701
110.07,1,09:08:46.038434934
110.07,1,09:08:46.038455155
110.07,1,09:08:46.038498384
110.07,1,09:08:46.038540262
110.07,2,09:08:46.038605481
110.07,4,09:08:51.190738205
110.07,2,09:08:51.190738205
110.07,55,09:08:51.190751171
110.07,9,09:08:51.191148294
110.07,1,09:08:51.413612500
110.07,2,09:08:51.413612500
110.07,5,09:08:51.414321196
110.08,1,09:08:58.096186515
110.08,2,09:08:58.096200505
110.08,1,09:08:58.126980896
110.08,1,09:09:01.821509487
110.08,2,09:09:01.821509487
110.08,7,09:09:01.821509487
110.08,10,09:09:01.941702131
110.08,2,09:09:01.963692741
110.08,1,09:09:02.359924824
110.08,1,09:09:07.117801874
110.08,3,09:09:07.117801874
110.08,2,09:09:07.285855872
110.09,1,09:09:14.939551304
110.09,1,09:09:14.939639488
110.09,2,09:09:14.939658026
110.09,4,09:09:14.947628207
110.09,3,09:09:27.982313243
110.09,1,09:09:27.982328110
110.09,1,09:09:27.982393668
110.09,4,09:09:27.982409317
110.09,1,09:09:27.982409317
110.09,2,09:09:27.982760168
110.09,2,09:09:27.983044217
110.09,2,09:09:27.983058553
110.09,1,09:09:34.834355941
110.09,3,09:09:34.834355941
110.09,11,09:09:34.834355941
110.09,2,09:09:34.834355941
110.09,2,09:09:34.835223677
110.09,2,09:09:34.835249786
110.09,1,09:09:34.835249786
110.09,6,09:09:51.010017257
110.09,6,09:09:51.010419481
110.09,2,09:09:51.010438882
110.09,2,09:09:51.010527132
110.09,3,09:09:51.010663522
110.09,1,09:09:51.010663522
110.09,2,09:09:51.010663522
110.09,1,09:09:51.010790951
110.09,1,09:09:51.010808891
110.09,6,09:09:51.010825835
110.09,2,09:09:51.011062056
110.09,1,09:09:59.574101209
110.09,1,09:09:59.574119906
110.09,2,09:09:59.574137858
110.09,5,09:09:59.574137858
110.09,10,09:09:59.574137858
110.09,13,09:09:59.574151698
110.09,5,09:09:59.604801854
110.09,4,09:10:25.800124132
110.09,2,09:10:28.615739874
110.1,2,09:11:06.153184057
110.1,1,09:11:06.153336988
110.1,1,09:11:06.153359868
110.1,2,09:11:06.153359868
110.1,1,09:11:06.153377599
110.1,2,09:11:06.153377599
110.1,13,09:11:06.153671919
110.1,13,09:11:14.406404797
110.1,2,09:11:14.406664768
110.1,3,09:11:14.406683686
110.1,1,09:11:14.406683686
110.11,1,09:11:16.512307342
110.11,28,09:11:16.512458375
110.11,12,09:11:16.512473339
110.11,10,09:11:16.512473339
110.11,9,09:11:16.512473339
110.11,6,09:11:16.512687223
110.11,6,09:11:16.512715447
110.11,9,09:11:16.512715447
110.11,1,09:11:16.512715447
110.1,1,09:11:16.711336918
110.11,10,09:11:21.381908967
110.11,3,09:11:21.382131137
110.11,11,09:11:21.382145121
110.11,2,09:11:21.382161326
110.11,1,09:11:21.382161326
110.11,15,09:11:21.382161326
110.11,2,09:11:21.382175483
110.11,10,09:11:21.382193047
110.11,13,09:11:21.382193047
110.11,5,09:11:21.382193047
110.11,1,09:11:21.382208715
110.11,1,09:11:21.382223784
110.11,20,09:11:21.382241102
110.13,1,09:11:56.516368225
110.13,13,09:11:57.771164947
110.13,1,09:11:57.771251123
110.14,1,09:11:58.008789022
110.14,7,09:11:58.008896286
110.14,17,09:11:58.008911598
110.14,12,09:11:58.008911598
110.14,3,09:11:58.008911598
110.14,10,09:11:58.008911598
110.14,1,09:11:58.496394166
110.14,6,09:11:58.496499356
110.14,9,09:11:58.496499356
110.14,18,09:11:58.496514325
110.14,10,09:11:58.496514325
110.14,6,09:11:58.496514325
110.14,3,09:11:59.002290964
110.14,1,09:11:59.002411325
110.14,1,09:11:59.002430708
110.14,10,09:11:59.002430708
110.14,27,09:11:59.002430708
110.14,7,09:11:59.002430708
110.14,6,09:12:02.511704662
110.14,2,09:12:02.511704662
110.14,2,09:12:02.511890070
110.14,1,09:12:02.511908464
110.14,61,09:12:02.516743071
110.14,6,09:12:03.282312519
110.14,13,09:12:03.282312519
110.14,1,09:12:03.282402391
110.15,5,09:12:14.293348739
110.15,4,09:12:14.293559074
110.15,1,09:12:14.293559074
110.15,2,09:12:14.293580383
110.15,1,09:12:14.293636178
110.15,2,09:12:14.293796037
110.15,1,09:12:14.294458775
110.15,1,09:12:14.294643320
110.15,1,09:12:32.350815280
110.15,10,09:12:32.351366342
110.15,2,09:12:32.351366342
110.15,1,09:12:34.087794009
110.16,1,09:12:35.629512332
110.16,10,09:12:35.629512332
110.16,2,09:12:35.629512332
110.16,3,09:12:35.630846192
110.16,5,09:12:35.631532964
110.16,4,09:12:35.631549735
110.16,4,09:12:40.928129198
110.16,2,09:12:40.929364177
110.17,2,09:12:45.039904208
110.17,1,09:12:45.040603297
110.17,2,09:12:45.049620596
110.17,1,09:12:45.049620596
110.17,13,09:12:45.090464477
110.17,13,09:12:47.354477875
110.17,1,09:12:47.354603536
110.17,1,09:12:47.354623853
110.17,23,09:12:47.354623853
110.17,26,09:12:47.354623853
110.17,3,09:12:47.354623853
110.17,1,09:12:47.354643994
110.17,3,09:12:47.354643994
110.17,2,09:12:47.354643994
110.16,6,09:13:00.397914649
110.16,1,09:13:00.397914649
110.16,1,09:13:06.532338790
110.16,10,09:13:10.619559310
110.16,3,09:13:10.619590174
110.16,1,09:13:10.619590174
110.16,1,09:13:11.017538412
110.16,1,09:13:44.090554684
110.17,2,09:14:05.251782985
110.17,1,09:14:05.251950254
110.17,1,09:14:05.251965125
110.17,2,09:14:05.251979762
110.17,6,09:14:05.251994821
110.17,1,09:14:05.252011903
110.18,2,09:14:11.126800854
110.18,2,09:14:11.127039164
110.18,1,09:14:14.201409903
110.19,1,09:14:21.459749247
110.19,24,09:14:21.764922837
110.19,3,09:14:21.764922837
110.19,1,09:14:22.314576202
110.19,1,09:14:22.387429399
110.19,1,09:14:23.046166426
110.19,2,09:14:23.049038759
110.19,3,09:14:23.049038759
110.2,6,09:14:23.064050716
110.2,1,09:14:23.079113201
110.2,1,09:14:24.726522727
110.2,1,09:14:24.726924433
110.2,10,09:14:24.728089342
110.2,1,09:14:24.728089342
110.2,1,09:14:25.773612818
110.2,2,09:14:25.773916322
110.19,1,09:14:29.229894799
110.19,6,09:14:29.229910841
110.19,2,09:14:29.229910841
110.19,2,09:14:29.251088651
110.19,5,09:14:29.251088651
110.19,6,09:14:29.256178299
110.19,1,09:14:30.781921563
110.19,2,09:14:30.783439526
110.18,1,09:14:41.437610056
110.18,1,09:14:57.709141829
110.18,1,09:14:57.709157032
110.18,1,09:14:57.709170603
110.18,1,09:14:57.711162996
110.18,1,09:15:19.531243109
110.17,2,09:15:26.808822067
110.17,1,09:15:26.808922405
110.17,1,09:15:26.808937894
110.17,3,09:15:26.808937894
110.17,1,09:15:26.808952780
110.18,1,09:15:27.414799885
110.17,1,09:15:46.149463043
110.17,1,09:15:46.149860119
110.16,1,09:16:03.024995847
110.16,1,09:16:03.025082381
110.16,1,09:16:48.758507771
110.16,2,09:16:48.758507771
110.16,2,09:16:55.679677013
110.16,11,09:16:55.679899058
110.16,1,09:17:00.194861906
110.16,1,09:17:03.222657575
110.16,5,09:17:11.737867152
110.16,1,09:17:11.737867152
110.16,1,09:17:11.737920883
110.16,1,09:17:11.737939965
110.16,1,09:17:13.381078278
110.16,1,09:17:45.765199359
110.15,2,09:18:12.400420227
110.15,1,09:18:12.400420227
110.15,4,09:18:12.400420227
110.15,5,09:18:12.400552608
110.16,2,09:18:16.540830044
110.16,1,09:18:16.540980975
110.16,1,09:18:16.541001903
110.16,2,09:18:16.541001903
110.16,1,09:18:16.541020713
110.16,2,09:18:16.541020713
110.16,1,09:18:24.929337545
110.16,1,09:18:24.930014583
110.15,13,09:18:36.963487668
110.15,1,09:18:36.963487668
110.15,1,09:18:36.963567233
110.15,1,09:18:36.963583185
110.15,32,09:18:36.963583185
110.15,2,09:18:36.963583185
110.15,9,09:18:37.421800483
110.15,1,09:18:37.421923205
110.15,1,09:18:37.421942060
110.15,6,09:18:37.421942060
110.15,5,09:18:37.421942060
110.15,17,09:18:37.421942060
110.15,11,09:18:37.421942060
110.15,1,09:18:37.875594497
110.15,4,09:18:37.875747781
110.15,1,09:18:37.875770948
110.15,2,09:18:37.875770948
110.15,3,09:18:37.875770948
110.15,1,09:18:37.875794772
110.15,3,09:18:37.875794772
110.15,29,09:18:37.875794772
110.15,1,09:18:49.396147368
110.15,1,09:18:49.396233905
110.15,3,09:18:49.396248766
110.16,4,09:19:07.110203435
110.16,2,09:19:07.110203435
110.16,2,09:19:07.110682523
110.16,1,09:19:07.110682523
110.16,1,09:19:07.110700327
110.16,1,09:19:07.907059376
110.16,3,09:19:07.907059376
110.16,1,09:19:07.907321856
110.16,1,09:19:07.907338845
110.16,1,09:19:10.370579657
110.16,1,09:19:12.726324814
110.16,1,09:19:24.250287575
110.16,13,09:19:24.251382563
110.16,1,09:19:34.689479418
110.16,1,09:19:34.747358901
110.16,1,09:19:45.060991001
110.16,2,09:19:45.060991001
110.16,1,09:19:48.421412775
110.16,6,09:19:48.421412775
110.16,1,09:19:48.421428388
110.16,10,09:19:48.421700340
110.16,7,09:19:48.422415853
110.16,1,09:19:48.422415853
110.16,1,09:19:53.484226848
110.16,1,09:19:53.484389031
110.16,1,09:19:53.484413027
110.16,1,09:20:37.796984367
110.16,5,09:20:40.268387669
110.16,1,09:20:40.268899710
110.16,1,09:20:44.253156394
110.16,7,09:21:02.732747270
110.16,5,09:21:02.733228623
110.16,3,09:21:02.733789896
110.16,14,09:21:02.734025384
110.16,1,09:21:02.734025384
110.16,16,09:21:02.734503057
110.16,2,09:21:02.734503057
110.16,1,09:21:02.734611419
110.16,50,09:21:02.735449837
110.17,1,09:21:09.302742075
110.16,1,09:21:35.999519197
110.16,1,09:21:35.999615690
110.16,1,09:22:01.809150540
110.16,1,09:22:01.820246518
110.16,2,09:22:01.820263443
110.16,2,09:22:01.830729154
110.16,1,09:22:04.186158465
110.15,1,09:22:17.633947522
110.15,13,09:22:17.633963784
110.15,5,09:22:17.706493913
110.15,3,09:22:17.706767269
110.16,1,09:22:41.118450224
110.16,1,09:22:41.118471587
110.16,1,09:22:41.119052918
110.16,1,09:22:41.119067353
110.16,1,09:22:41.119088688
110.15,1,09:22:57.503921176
110.14,2,09:23:22.584602342
110.14,1,09:23:22.584602342
110.14,3,09:23:22.584621437
110.14,4,09:23:22.584621437
110.14,1,09:23:22.584621437
110.14,6,09:23:22.584961164
110.14,12,09:23:22.584975396
110.14,6,09:23:22.584990193
110.14,1,09:23:22.585004299
110.14,1,09:23:22.585020124
110.14,1,09:23:22.585033609
110.14,1,09:23:22.585048153
110.14,1,09:23:22.585064633
110.14,1,09:23:22.588824440
110.14,1,09:23:22.588837829
110.14,5,09:23:22.588837829
110.14,3,09:23:22.588837829
110.14,3,09:23:22.588855606
110.14,6,09:23:22.589566325
110.14,1,09:23:22.589691060
110.14,3,09:23:22.589691060
110.14,1,09:23:22.589803614
110.14,1,09:24:04.534102607
110.14,2,09:24:28.008734274
110.14,3,09:24:28.008749419
110.14,1,09:24:32.381092293
110.14,13,09:24:32.381282239
110.14,1,09:24:32.381297272
110.14,2,09:24:32.381297272
110.14,1,09:24:32.381498030
110.14,3,09:24:32.381515236
110.14,1,09:24:32.381515236
110.14,40,09:24:32.381515236
110.14,2,09:24:32.381723688
110.14,1,09:24:32.381751385
110.15,1,09:25:07.477886075
110.15,1,09:25:07.478002878
110.15,1,09:25:07.478204020
110.15,1,09:25:07.478233630
110.16,2,09:25:10.871378729
110.16,1,09:25:10.871480165
110.16,1,09:25:10.871499553
110.16,3,09:25:10.871499553
110.16,2,09:25:10.871515644
110.16,1,09:25:13.899495793
110.16,2,09:25:14.537674849
110.16,3,09:25:14.537674849
110.16,2,09:25:14.537761800
110.16,1,09:25:14.537777572
110.16,1,09:25:15.738606698
110.16,5,09:25:15.738620672
110.16,3,09:25:15.738691895
110.16,3,09:25:37.057114544
110.16,3,09:26:20.895661450
110.16,2,09:26:25.277759786
110.16,2,09:26:25.277856467
110.15,1,09:26:39.798556085
110.15,2,09:26:39.798761221
110.15,13,09:26:39.798775803
110.15,1,09:26:39.798791372
110.15,12,09:26:39.798791372
110.15,1,09:26:39.798806757
110.15,40,09:26:39.798824117
110.15,1,09:26:39.798824117
110.15,9,09:26:39.798824117
110.15,1,09:26:39.798839372
110.15,6,09:26:39.798839372
110.15,5,09:26:39.798854197
110.15,4,09:26:39.798854197
110.15,3,09:26:39.798869985
110.15,3,09:26:39.799069877
110.15,1,09:26:39.799084267
110.15,1,09:26:39.799098475
110.15,3,09:26:39.799113781
110.15,1,09:26:39.799113781
110.15,7,09:26:39.799131499
110.15,12,09:26:39.799336751
110.15,13,09:26:39.799743926
110.15,57,09:26:39.800054900
110.15,7,09:26:39.800337834
110.15,4,09:26:39.800373319
110.15,4,09:27:07.719857482
110.15,2,09:27:07.720336032
110.15,1,09:27:07.720390032
110.15,2,09:27:07.720419444
110.15,2,09:27:07.720440630
110.15,1,09:27:11.269753560
110.15,3,09:27:17.528592847
110.15,1,09:27:17.528606843
110.15,1,09:27:17.528737922
110.15,13,09:27:17.528752975
110.15,1,09:27:17.528752975
110.15,1,09:27:17.529065371
110.15,1,09:27:17.529079691
110.15,2,09:27:17.529079691
110.15,6,09:27:17.529142712
110.15,6,09:27:17.529165384
110.15,1,09:27:17.529570262
110.15,10,09:27:17.529676308
110.14,1,09:27:29.414173668
110.14,1,09:27:29.414384139
110.14,13,09:27:29.414384139
110.14,1,09:27:29.414399457
110.14,42,09:27:29.414399457
110.14,2,09:27:29.414399457
110.14,15,09:27:29.414415384
110.14,1,09:27:29.414415384
110.14,5,09:27:29.414415384
110.14,2,09:27:29.414429428
110.14,6,09:27:29.414429428
110.14,2,09:27:29.414443486
110.14,1,09:27:29.414443486
110.14,1,09:27:29.414460459
110.14,13,09:27:29.414861978
110.14,10,09:27:29.415237318
110.14,12,09:27:29.415311926
110.14,3,09:27:29.415515853
110.14,1,09:27:29.415530870
110.14,3,09:27:29.415556733
110.14,68,09:27:29.415723565
110.13,3,09:27:40.547115253
110.13,2,09:27:40.548362730
110.13,1,09:27:40.548362730
110.13,3,09:27:40.548362730
110.13,1,09:27:40.548388826
110.13,3,09:27:40.548388826
110.13,1,09:27:40.548738026
110.13,5,09:27:40.650499705
110.13,1,09:27:40.650682822
110.13,1,09:27:40.650709302
110.13,1,09:27:40.740028491
110.13,2,09:27:40.740028491
110.13,1,09:27:44.791538392
110.13,22,09:27:44.791538392
110.13,1,09:27:52.569760626
110.13,3,09:27:52.570079506
110.12,1,09:28:00.153152271
110.12,9,09:28:00.153152271
110.12,1,09:28:01.417548128
110.11,1,09:28:17.208093970
110.12,3,09:28:27.090169480
110.12,3,09:28:27.090183658
110.12,1,09:28:27.090414508
110.12,1,09:28:27.090429923
110.12,13,09:28:27.090429923
110.12,1,09:28:27.090444572
110.12,1,09:28:27.090459513
110.12,2,09:28:27.090459513
110.12,22,09:28:27.090475606
110.12,20,09:28:27.090475606
110.12,12,09:28:27.090475606
110.12,12,09:28:27.090489699
110.12,10,09:28:27.090489699
110.12,4,09:28:27.090506345
110.12,1,09:28:27.090521639
110.12,3,09:28:27.090521639
110.12,1,09:28:27.090771155
110.12,1,09:28:27.090785770
110.12,84,09:28:27.090805642
110.11,16,09:28:27.100990581
110.11,1,09:28:43.642471827
110.11,6,09:28:43.642824374
110.11,2,09:28:43.642839091
110.11,1,09:28:43.642853679
110.11,12,09:28:43.642882614
110.11,22,09:28:43.642882614
110.11,8,09:28:43.642914899
110.11,1,09:28:43.642929926
110.11,2,09:28:43.642986531
110.11,4,09:28:43.643456054
110.11,15,09:28:43.643489385
110.11,1,09:28:43.643636790
110.11,5,09:28:43.643653202
110.11,8,09:28:43.652972453
110.11,5,09:28:43.654540784
110.11,1,09:28:43.734905311
110.11,1,09:28:43.734978220
110.11,1,09:28:43.740171198
110.11,1,09:28:43.740256990
110.11,1,09:28:43.740273374
110.11,1,09:28:44.392182980
110.11,1,09:28:44.392273892
110.12,1,09:29:08.790751203
110.12,1,09:29:08.790766326
110.12,1,09:29:08.790952054
110.12,1,09:29:08.790968672
110.12,6,09:29:08.790968672
110.12,1,09:29:08.791168066
110.12,28,09:29:08.791183081
110.12,14,09:29:08.791183081
110.12,2,09:29:08.791183081
110.12,1,09:29:08.791449108
110.12,1,09:29:08.791487394
110.12,12,09:29:08.791487394
110.12,1,09:29:34.017996036
110.12,2,09:29:34.018119446
110.12,1,09:29:34.018119446
110.12,9,09:29:34.018364330
110.12,1,09:29:34.018528919
110.12,2,09:29:34.018667738
110.12,2,09:29:34.018740445
110.12,1,09:29:34.018740445
110.12,1,09:29:34.019008390
110.12,1,09:29:34.019116551
110.12,12,09:29:42.023266606
110.12,1,09:29:45.140509199
110.12,1,09:29:45.140627158
110.12,1,09:29:45.140641891
110.12,1,09:29:45.140656112
110.12,1,09:29:45.140674796
110.12,2,09:29:51.193095407
110.12,3,09:29:51.193801438
110.12,65,09:29:51.193801438
110.12,1,09:29:51.193801438
110.12,1,09:29:51.194019677
110.11,2,09:30:12.984532547
110.11,1,09:30:12.984653622
110.11,2,09:30:12.984684895
110.11,1,09:30:12.984684895
110.11,28,09:30:15.578506795
110.11,1,09:30:15.578687585
110.11,7,09:30:15.578886887
110.11,7,09:30:20.634729508
110.1,2,09:30:34.242847337
110.1,1,09:30:34.242847337
110.1,10,09:30:34.243479208
110.1,10,09:30:34.243589769
110.1,4,09:30:34.243649906
110.1,1,09:30:34.243649906
110.1,2,09:30:37.071931514
110.1,1,09:30:46.395248001
110.09,1,09:31:45.520519561
110.09,1,09:31:55.321855148
110.09,1,09:32:05.570225716
110.09,1,09:32:40.731947829
110.09,2,09:32:46.956124692
110.09,2,09:32:47.564058426
110.09,1,09:32:47.564162331
110.09,1,09:32:47.564182006
110.09,2,09:32:47.564182006
110.09,1,09:32:47.565290741
110.09,1,09:32:53.178347427
110.09,1,09:32:59.402580067
110.09,1,09:33:00.301809660
110.09,1,09:33:07.265637099
110.09,1,09:33:07.266535358
110.09,1,09:33:07.266631530
110.09,2,09:33:07.266647380
110.09,1,09:33:08.930242772
110.09,4,09:33:08.930257828
110.09,2,09:33:11.070268840
110.09,3,09:33:11.070734841
110.09,1,09:33:11.070734841
110.1,1,09:33:16.569479929
110.1,1,09:33:16.569668278
110.1,12,09:33:16.569698563
110.1,1,09:33:16.569698563
110.1,3,09:33:16.569698563
110.1,6,09:33:16.569698563
110.1,2,09:33:16.569698563
110.1,14,09:33:16.569719769
110.1,35,09:33:16.569719769
110.1,6,09:33:16.569719769
110.1,12,09:33:16.569719769
110.09,1,09:33:50.883984365
110.09,1,09:33:50.884232257
110.09,3,09:33:50.884354618
110.09,2,09:33:50.884354618
110.09,1,09:33:50.884354618
110.09,1,09:33:50.884475795
110.09,2,09:33:50.884475795
110.09,6,09:34:45.799328133
110.09,3,09:34:45.799342364
110.09,2,09:34:45.799356322
110.09,1,09:34:45.799370345
110.09,1,09:34:45.799383733
110.09,2,09:34:45.799401935
110.09,1,09:34:45.799415858
110.09,12,09:34:45.799429884
110.09,2,09:34:45.799444485
110.09,1,09:34:45.799459718
110.09,2,09:34:45.799473762
110.09,6,09:34:45.799674088
110.09,30,09:34:45.799687967
110.09,2,09:34:45.799703304
110.09,4,09:34:50.707931793
110.09,2,09:34:50.707931793
110.09,1,09:34:53.968034282
110.08,2,09:35:04.172520153
110.08,2,09:35:04.172605081
110.08,1,09:35:04.172633325
110.08,7,09:35:04.172648838
110.08,2,09:35:04.172714838
110.08,1,09:35:04.173685260
110.08,2,09:35:05.179908024
110.09,1,09:35:37.496641075
110.09,2,09:35:37.496751142
110.09,3,09:35:37.496766598
110.09,1,09:35:37.496781437
110.09,9,09:35:37.496781437
110.09,1,09:35:37.496796333
110.09,2,09:35:37.496811904
110.09,1,09:35:37.498523643
110.09,3,09:35:37.498702433
110.09,1,09:35:37.499515655
110.09,2,09:35:37.499515655
110.09,6,09:35:37.500844461
110.09,1,09:36:12.626353632
110.09,5,09:36:12.626353632
110.09,1,09:36:12.626367564
110.09,1,09:36:38.065330564
110.09,2,09:36:38.065330564
110.09,7,09:36:48.332422822
110.09,4,09:36:48.332422822
110.09,2,09:36:48.332534115
110.09,2,09:36:48.335751034
110.09,1,09:36:48.344842326
110.09,1,09:36:48.344947965
110.08,1,09:36:52.723297993
110.09,1,09:37:01.021916855
110.09,1,09:37:31.858632285
110.09,1,09:37:31.858645971
110.09,2,09:37:31.858660787
110.09,4,09:37:31.858700140
110.09,8,09:37:31.859037174
110.08,1,09:37:32.715103169
110.09,3,09:37:48.022309680
110.09,1,09:37:48.022309680
110.09,8,09:37:48.022324643
110.09,1,09:38:12.716014580
110.1,1,09:38:16.626367507
110.1,1,09:38:16.626381631
110.1,2,09:38:16.626541315
110.1,1,09:38:16.626556359
110.1,2,09:38:16.626556359
110.1,1,09:38:16.626570080
110.1,1,09:38:16.626585321
110.1,2,09:38:16.626585321
110.1,1,09:38:16.626599056
110.1,1,09:38:16.668854831
110.09,2,09:38:20.150744335
110.09,1,09:38:59.770302507
110.09,3,09:38:59.770317707
110.09,1,09:38:59.770317707
110.09,3,09:38:59.770335169
110.09,1,09:38:59.770348711
110.09,3,09:38:59.770363579
110.09,1,09:38:59.770363579
110.09,2,09:38:59.770377223
110.09,1,09:38:59.770394766
110.09,12,09:38:59.770413198
110.09,3,09:39:00.164540023
110.09,1,09:39:00.196480856
110.09,2,09:39:00.223523240
110.08,1,09:39:23.071051385
110.08,1,09:39:32.721610589
110.08,3,09:39:52.286854168
110.08,1,09:39:52.286854168
110.08,1,09:39:54.297317451
110.09,2,09:40:03.171991783
110.09,10,09:40:03.201181970
110.09,1,09:40:03.201386700
110.1,4,09:40:03.613537622
110.1,1,09:40:03.613537622
110.09,3,09:40:03.623148102
110.09,7,09:40:03.623148102
110.09,1,09:40:03.623162072
110.09,1,09:40:03.623176501
110.09,1,09:40:08.681656878
110.09,4,09:40:35.133092898
110.09,2,09:40:35.133092898
110.09,2,09:40:35.133666460
110.09,1,09:40:35.133860124
110.08,3,09:40:43.062881092
110.08,1,09:41:02.724989757
110.09,1,09:43:15.669589245
110.09,1,09:43:15.730282383
110.09,1,09:43:15.730387368
110.1,1,09:43:21.040305551
110.1,1,09:43:21.040321941
110.1,1,09:43:21.040335253
110.1,11,09:43:21.040386378
110.1,1,09:43:21.040583512
110.1,2,09:43:21.041488296
110.1,3,09:43:21.041488296
110.1,4,09:43:21.041514545
110.1,2,09:43:21.042377754
110.1,1,09:43:21.042377754
110.1,1,09:43:30.055036823
110.1,1,09:43:30.055161924
110.1,2,09:43:30.056393590
110.09,2,09:43:55.955866391
110.09,1,09:43:55.955986090
110.09,6,09:43:55.956004077
110.09,1,09:43:55.956004077
110.09,3,09:43:55.956004077
110.09,3,09:43:55.956178948
110.09,15,09:43:55.956178948
110.09,4,09:43:55.956351328
110.09,1,09:43:55.956366737
110.09,1,09:43:55.956381409
110.09,5,09:43:55.956381409
110.09,1,09:43:55.956394739
110.09,1,09:43:55.956412816
110.09,4,09:43:56.553563414
110.09,1,09:43:57.467379509
110.09,5,09:44:19.664143686
110.09,4,09:44:20.489004646
110.09,1,09:44:20.489197248
110.09,1,09:44:53.447423007
110.09,2,09:44:53.447533874
110.09,1,09:44:53.447561263
110.09,2,09:44:53.447561263
110.09,3,09:44:55.545970348
110.09,1,09:44:55.545986908
110.09,1,09:44:55.546330345
