bidVolume,bidPrice,askVolume,askPrice,timestamp
32,5243.25,4,5243.5,08:45:00.008368611
32,5243.25,2,5243.5,08:45:00.008474210
30,5243.25,2,5243.5,08:45:00.008517551
30,5243.25,2,5243.5,08:45:00.008531353
30,5243.25,4,5243.5,08:45:00.008625306
30,5243.25,4,5243.5,08:45:00.008662290
30,5243.25,4,5243.5,08:45:00.008668261
30,5243.25,4,5243.5,08:45:00.008680863
30,5243.25,6,5243.5,08:45:00.008720243
28,5243.25,6,5243.5,08:45:00.008742426
22,5243.25,6,5243.5,08:45:00.008779790
22,5243.25,4,5243.5,08:45:00.008785640
22,5243.25,5,5243.5,08:45:00.008810876
21,5243.25,5,5243.5,08:45:00.008879811
21,5243.25,6,5243.5,08:45:00.008890029
21,5243.25,7,5243.5,08:45:00.008904132
21,5243.25,7,5243.5,08:45:00.008962114
20,5243.25,7,5243.5,08:45:00.008971493
20,5243.25,8,5243.5,08:45:00.009017910
20,5243.25,7,5243.5,08:45:00.009037693
20,5243.25,7,5243.5,08:45:00.009086209
20,5243.25,6,5243.5,08:45:00.009112734
21,5243.25,6,5243.5,08:45:00.009120568
21,5243.25,5,5243.5,08:45:00.009222433
21,5243.25,4,5243.5,08:45:00.009320563
21,5243.25,2,5243.5,08:45:00.009468351
22,5243.25,2,5243.5,08:45:00.009468351
22,5243.25,25,5243.75,08:45:00.009468351
22,5243.25,25,5243.75,08:45:00.009468351
25,5243.25,25,5243.75,08:45:00.009468351
25,5243.25,25,5243.75,08:45:00.009551377
25,5243.25,25,5243.75,08:45:00.009551377
26,5243.25,25,5243.75,08:45:00.009604952
26,5243.25,23,5243.75,08:45:00.009619727
26,5243.25,23,5243.75,08:45:00.009628569
26,5243.25,23,5243.75,08:45:00.009637094
26,5243.25,1,5243.5,08:45:00.009806844
26,5243.25,1,5243.5,08:45:00.009812816
26,5243.25,1,5243.5,08:45:00.009812816
26,5243.25,3,5243.5,08:45:00.009862001
26,5243.25,5,5243.5,08:45:00.009950620
23,5243.25,5,5243.5,08:45:00.010022919
23,5243.25,6,5243.5,08:45:00.010050376
23,5243.25,4,5243.5,08:45:00.010468762
23,5243.25,6,5243.5,08:45:00.011986153
23,5243.25,4,5243.5,08:45:00.012107435
23,5243.25,6,5243.5,08:45:00.020908950
25,5243.25,6,5243.5,08:45:00.020925613
24,5243.25,6,5243.5,08:45:00.020995973
24,5243.25,4,5243.5,08:45:00.021017525
24,5243.25,5,5243.5,08:45:00.021236259
24,5243.25,6,5243.5,08:45:00.021330402
24,5243.25,7,5243.5,08:45:00.034623006
24,5243.25,8,5243.5,08:45:00.034711562
24,5243.25,10,5243.5,08:45:00.034720131
24,5243.25,11,5243.5,08:45:00.034726858
24,5243.25,12,5243.5,08:45:00.034795563
23,5243.25,12,5243.5,08:45:00.034804392
23,5243.25,12,5243.5,08:45:00.043543500
23,5243.25,12,5243.5,08:45:00.047663999
23,5243.25,11,5243.5,08:45:00.064358970
23,5243.25,10,5243.5,08:45:00.064365133
23,5243.25,8,5243.5,08:45:00.064383347
23,5243.25,7,5243.5,08:45:00.064470324
23,5243.25,6,5243.5,08:45:00.077262715
23,5243.25,5,5243.5,08:45:00.077361280
23,5243.25,4,5243.5,08:45:00.082626981
24,5243.25,4,5243.5,08:45:00.082626981
24,5243.25,2,5243.5,08:45:00.082626981
30,5243.25,2,5243.5,08:45:00.082626981
31,5243.25,2,5243.5,08:45:00.082672069
31,5243.25,1,5243.5,08:45:00.082698873
32,5243.25,1,5243.5,08:45:00.082711903
33,5243.25,1,5243.5,08:45:00.082729920
33,5243.25,3,5243.5,08:45:00.083008599
33,5243.25,5,5243.5,08:45:00.083092996
32,5243.25,5,5243.5,08:45:00.083117163
31,5243.25,5,5243.5,08:45:00.083179388
31,5243.25,3,5243.5,08:45:00.083315036
30,5243.25,3,5243.5,08:45:00.107638890
30,5243.25,4,5243.5,08:45:00.107718014
29,5243.25,4,5243.5,08:45:00.107730610
29,5243.25,5,5243.5,08:45:00.107736386
29,5243.25,6,5243.5,08:45:00.107745113
29,5243.25,8,5243.5,08:45:00.107752546
23,5243.25,8,5243.5,08:45:00.107844308
23,5243.25,9,5243.5,08:45:00.107946249
23,5243.25,7,5243.5,08:45:00.107957447
23,5243.25,6,5243.5,08:45:00.107963508
23,5243.25,6,5243.5,08:45:00.107997351
23,5243.25,7,5243.5,08:45:00.108026062
23,5243.25,6,5243.5,08:45:00.108067743
23,5243.25,9,5243.5,08:45:00.113947932
23,5243.25,10,5243.5,08:45:00.114032606
23,5243.25,12,5243.5,08:45:00.114042539
23,5243.25,13,5243.5,08:45:00.114052117
23,5243.25,12,5243.5,08:45:00.124252665
23,5243.25,10,5243.5,08:45:00.124264521
23,5243.25,9,5243.5,08:45:00.124360824
23,5243.25,8,5243.5,08:45:00.135866973
23,5243.25,10,5243.5,08:45:00.137698927
23,5243.25,11,5243.5,08:45:00.137800096
23,5243.25,12,5243.5,08:45:00.137890528
23,5243.25,12,5243.5,08:45:00.210666691
23,5243.25,12,5243.5,08:45:00.210666691
21,5243.25,12,5243.5,08:45:00.277680204
21,5243.25,14,5243.5,08:45:00.277767217
20,5243.25,14,5243.5,08:45:00.277779025
19,5243.25,14,5243.5,08:45:00.277882307
19,5243.25,14,5243.5,08:45:00.277996031
19,5243.25,14,5243.5,08:45:00.278004581
19,5243.25,15,5243.5,08:45:00.278113643
19,5243.25,15,5243.5,08:45:00.280819803
19,5243.25,15,5243.5,08:45:00.308028058
19,5243.25,15,5243.5,08:45:00.308154393
19,5243.25,14,5243.5,08:45:00.315849160
19,5243.25,14,5243.5,08:45:00.315952586
19,5243.25,14,5243.5,08:45:00.330821622
19,5243.25,14,5243.5,08:45:00.339538563
19,5243.25,14,5243.5,08:45:00.339660533
19,5243.25,14,5243.5,08:45:00.339981762
19,5243.25,14,5243.5,08:45:00.340100523
19,5243.25,14,5243.5,08:45:00.394129930
17,5243.25,14,5243.5,08:45:00.457235756
17,5243.25,15,5243.5,08:45:00.457307224
17,5243.25,16,5243.5,08:45:00.457329794
17,5243.25,17,5243.5,08:45:00.457335449
15,5243.25,17,5243.5,08:45:00.457342918
15,5243.25,17,5243.5,08:45:00.457349161
15,5243.25,18,5243.5,08:45:00.457493958
15,5243.25,17,5243.5,08:45:00.457707629
15,5243.25,16,5243.5,08:45:00.457712634
14,5243.25,16,5243.5,08:45:00.457823766
13,5243.25,16,5243.5,08:45:00.457845062
13,5243.25,18,5243.5,08:45:00.457887076
13,5243.25,19,5243.5,08:45:00.457895288
12,5243.25,19,5243.5,08:45:00.457947720
12,5243.25,19,5243.5,08:45:00.457956191
10,5243.25,19,5243.5,08:45:00.467740657
8,5243.25,19,5243.5,08:45:00.467959783
6,5243.25,19,5243.5,08:45:00.467959783
5,5243.25,19,5243.5,08:45:00.467975337
5,5243.25,19,5243.5,08:45:00.467983921
5,5243.25,19,5243.5,08:45:00.467983921
4,5243.25,19,5243.5,08:45:00.468114789
3,5243.25,19,5243.5,08:45:00.468114789
50,5243.0,19,5243.5,08:45:00.468176877
50,5243.0,19,5243.5,08:45:00.468176877
50,5243.0,2,5243.25,08:45:00.468176877
50,5243.0,3,5243.25,08:45:00.468176877
50,5243.0,3,5243.25,08:45:00.468176877
50,5243.0,3,5243.25,08:45:00.468180846
50,5243.0,3,5243.25,08:45:00.468180846
50,5243.0,3,5243.25,08:45:00.468189470
50,5243.0,4,5243.25,08:45:00.468208238
45,5243.0,4,5243.25,08:45:00.468227394
45,5243.0,4,5243.25,08:45:00.468260572
45,5243.0,6,5243.25,08:45:00.468273798
45,5243.0,6,5243.25,08:45:00.468284323
45,5243.0,6,5243.25,08:45:00.468295270
46,5243.0,6,5243.25,08:45:00.468311559
46,5243.0,6,5243.25,08:45:00.468326714
46,5243.0,6,5243.25,08:45:00.468336996
46,5243.0,6,5243.25,08:45:00.468398856
43,5243.0,6,5243.25,08:45:00.468430214
42,5243.0,6,5243.25,08:45:00.468436447
42,5243.0,6,5243.25,08:45:00.468453149
42,5243.0,6,5243.25,08:45:00.468468422
41,5243.0,6,5243.25,08:45:00.468473923
41,5243.0,6,5243.25,08:45:00.468479808
41,5243.0,7,5243.25,08:45:00.468486359
41,5243.0,7,5243.25,08:45:00.468491716
41,5243.0,7,5243.25,08:45:00.468504282
41,5243.0,7,5243.25,08:45:00.468581740
41,5243.0,7,5243.25,08:45:00.468636746
41,5243.0,7,5243.25,08:45:00.468636746
41,5243.0,9,5243.25,08:45:00.468732597
41,5243.0,9,5243.25,08:45:00.468955108
41,5243.0,9,5243.25,08:45:00.469009413
41,5243.0,9,5243.25,08:45:00.469310452
39,5243.0,9,5243.25,08:45:00.469898688
39,5243.0,11,5243.25,08:45:00.469971502
39,5243.0,11,5243.25,08:45:00.469978729
39,5243.0,11,5243.25,08:45:00.469978729
32,5243.0,11,5243.25,08:45:00.470084558
32,5243.0,12,5243.25,08:45:00.470090718
27,5243.0,12,5243.25,08:45:00.470196057
27,5243.0,12,5243.25,08:45:00.470304177
27,5243.0,10,5243.25,08:45:00.471275458
27,5243.0,10,5243.25,08:45:00.476251732
27,5243.0,10,5243.25,08:45:00.477770165
27,5243.0,10,5243.25,08:45:00.484461608
27,5243.0,10,5243.25,08:45:00.504035307
27,5243.0,12,5243.25,08:45:00.517073787
27,5243.0,12,5243.25,08:45:00.517191597
27,5243.0,12,5243.25,08:45:00.517323652
27,5243.0,13,5243.25,08:45:00.517771165
27,5243.0,14,5243.25,08:45:00.517890850
27,5243.0,14,5243.25,08:45:00.517925341
27,5243.0,14,5243.25,08:45:00.517925341
27,5243.0,15,5243.25,08:45:00.517984033
26,5243.0,15,5243.25,08:45:00.520847825
25,5243.0,15,5243.25,08:45:00.521051929
25,5243.0,15,5243.25,08:45:00.521051929
24,5243.0,15,5243.25,08:45:00.521273306
23,5243.0,15,5243.25,08:45:00.521280365
21,5243.0,15,5243.25,08:45:00.521286525
21,5243.0,15,5243.25,08:45:00.521380550
21,5243.0,15,5243.25,08:45:00.521387187
19,5243.0,15,5243.25,08:45:00.521396361
19,5243.0,16,5243.25,08:45:00.521474327
19,5243.0,17,5243.25,08:45:00.521493594
19,5243.0,17,5243.25,08:45:00.522478725
19,5243.0,17,5243.25,08:45:00.522495087
18,5243.0,17,5243.25,08:45:00.523064705
18,5243.0,16,5243.25,08:45:00.528824642
18,5243.0,15,5243.25,08:45:00.529025171
18,5243.0,15,5243.25,08:45:00.530385330
18,5243.0,15,5243.25,08:45:00.530962084
18,5243.0,16,5243.25,08:45:00.534214057
18,5243.0,17,5243.25,08:45:00.534362543
16,5243.0,17,5243.25,08:45:00.542780015
16,5243.0,17,5243.25,08:45:00.547697985
16,5243.0,17,5243.25,08:45:00.547725209
16,5243.0,17,5243.25,08:45:00.547730707
16,5243.0,17,5243.25,08:45:00.547802197
16,5243.0,17,5243.25,08:45:00.549937318
16,5243.0,17,5243.25,08:45:00.550197336
16,5243.0,17,5243.25,08:45:00.550202747
16,5243.0,17,5243.25,08:45:00.550265449
16,5243.0,15,5243.25,08:45:00.566822619
16,5243.0,15,5243.25,08:45:00.566966830
16,5243.0,14,5243.25,08:45:00.567008488
16,5243.0,13,5243.25,08:45:00.567075965
16,5243.0,12,5243.25,08:45:00.567103066
16,5243.0,12,5243.25,08:45:00.567179708
16,5243.0,12,5243.25,08:45:00.567305216
16,5243.0,13,5243.25,08:45:00.577303630
16,5243.0,15,5243.25,08:45:00.577393280
16,5243.0,15,5243.25,08:45:00.577494421
16,5243.0,16,5243.25,08:45:00.577505196
16,5243.0,17,5243.25,08:45:00.577583229
16,5243.0,16,5243.25,08:45:00.591365293
16,5243.0,16,5243.25,08:45:00.591468489
16,5243.0,15,5243.25,08:45:00.603746289
16,5243.0,13,5243.25,08:45:00.603827007
18,5243.0,13,5243.25,08:45:00.603846528
18,5243.0,12,5243.25,08:45:00.603852425
18,5243.0,11,5243.25,08:45:00.603857488
18,5243.0,11,5243.25,08:45:00.603867728
18,5243.0,11,5243.25,08:45:00.604089211
18,5243.0,13,5243.25,08:45:00.608454182
16,5243.0,13,5243.25,08:45:00.608465894
16,5243.0,14,5243.25,08:45:00.608493629
16,5243.0,15,5243.25,08:45:00.608658297
16,5243.0,14,5243.25,08:45:00.610756168
16,5243.0,13,5243.25,08:45:00.610840889
18,5243.0,13,5243.25,08:45:00.611241403
18,5243.0,11,5243.25,08:45:00.611344295
18,5243.0,10,5243.25,08:45:00.611702846
16,5243.0,10,5243.25,08:45:00.671204114
16,5243.0,12,5243.25,08:45:00.671294596
16,5243.0,12,5243.25,08:45:00.671313105
16,5243.0,13,5243.25,08:45:00.671369689
16,5243.0,14,5243.25,08:45:00.671379692
16,5243.0,14,5243.25,08:45:00.671487390
16,5243.0,15,5243.25,08:45:00.671859608
13,5243.0,15,5243.25,08:45:00.673619827
12,5243.0,15,5243.25,08:45:00.673673435
10,5243.0,15,5243.25,08:45:00.673691777
10,5243.0,15,5243.25,08:45:00.673704139
10,5243.0,15,5243.25,08:45:00.673712882
10,5243.0,15,5243.25,08:45:00.673718523
9,5243.0,15,5243.25,08:45:00.673832644
8,5243.0,15,5243.25,08:45:00.673832644
8,5243.0,15,5243.25,08:45:00.673898447
7,5243.0,15,5243.25,08:45:00.673940851
7,5243.0,15,5243.25,08:45:00.673977059
7,5243.0,17,5243.25,08:45:00.673992000
7,5243.0,19,5243.25,08:45:00.674019687
9,5243.0,19,5243.25,08:45:00.674814709
10,5243.0,19,5243.25,08:45:00.675037763
12,5243.0,19,5243.25,08:45:00.675048147
12,5243.0,18,5243.25,08:45:00.675054733
14,5243.0,18,5243.25,08:45:00.675158792
14,5243.0,17,5243.25,08:45:00.675164728
14,5243.0,15,5243.25,08:45:00.675180622
14,5243.0,13,5243.25,08:45:00.675189699
14,5243.0,13,5243.25,08:45:00.676618176
12,5243.0,13,5243.25,08:45:00.700654418
10,5243.0,13,5243.25,08:45:00.700765866
11,5243.0,13,5243.25,08:45:00.700780916
9,5243.0,13,5243.25,08:45:00.700786926
11,5243.0,13,5243.25,08:45:00.700876704
11,5243.0,15,5243.25,08:45:00.700886627
11,5243.0,17,5243.25,08:45:00.700921143
12,5243.0,17,5243.25,08:45:00.700960571
10,5243.0,17,5243.25,08:45:00.700971045
10,5243.0,15,5243.25,08:45:00.765939659
10,5243.0,13,5243.25,08:45:00.765945454
11,5243.0,13,5243.25,08:45:00.766026176
13,5243.0,13,5243.25,08:45:00.766037126
13,5243.0,12,5243.25,08:45:00.767049508
13,5243.0,12,5243.25,08:45:00.767060494
13,5243.0,10,5243.25,08:45:00.767159850
14,5243.0,10,5243.25,08:45:00.767254261
16,5243.0,10,5243.25,08:45:00.767266687
16,5243.0,10,5243.25,08:45:00.797659521
15,5243.0,10,5243.25,08:45:00.797760359
13,5243.0,10,5243.25,08:45:00.797766756
13,5243.0,12,5243.25,08:45:00.797845320
13,5243.0,13,5243.25,08:45:00.797860770
11,5243.0,13,5243.25,08:45:00.797930823
10,5243.0,13,5243.25,08:45:00.797983515
10,5243.0,14,5243.25,08:45:00.798030889
9,5243.0,14,5243.25,08:45:00.798037513
8,5243.0,14,5243.25,08:45:00.798126174
8,5243.0,15,5243.25,08:45:00.798132600
8,5243.0,15,5243.25,08:45:00.798920142
8,5243.0,15,5243.25,08:45:00.799193338
8,5243.0,15,5243.25,08:45:00.834067623
8,5243.0,15,5243.25,08:45:00.841371063
8,5243.0,15,5243.25,08:45:00.841479116
8,5243.0,15,5243.25,08:45:00.841502320
8,5243.0,16,5243.25,08:45:00.924190406
8,5243.0,16,5243.25,08:45:00.924312146
9,5243.0,16,5243.25,08:45:01.006032868
10,5243.0,16,5243.25,08:45:01.006040017
12,5243.0,16,5243.25,08:45:01.006068491
12,5243.0,16,5243.25,08:45:01.006092994
14,5243.0,16,5243.25,08:45:01.006128217
14,5243.0,15,5243.25,08:45:01.006158816
14,5243.0,14,5243.25,08:45:01.006201239
14,5243.0,14,5243.25,08:45:01.006214702
14,5243.0,13,5243.25,08:45:01.006226708
12,5243.0,13,5243.25,08:45:01.006797331
12,5243.0,15,5243.25,08:45:01.007027793
10,5243.0,15,5243.25,08:45:01.007034539
9,5243.0,15,5243.25,08:45:01.007138860
9,5243.0,15,5243.25,08:45:01.008187810
9,5243.0,25,5243.25,08:45:01.087212164
2,5243.0,25,5243.25,08:45:01.087551679
55,5242.75,25,5243.25,08:45:01.087551679
55,5242.75,25,5243.25,08:45:01.087551679
55,5242.75,2,5243.0,08:45:01.087578223
55,5242.75,3,5243.0,08:45:01.087578223
55,5242.75,3,5243.0,08:45:01.087578223
55,5242.75,4,5243.0,08:45:01.087607388
54,5242.75,4,5243.0,08:45:01.087685348
54,5242.75,7,5243.0,08:45:01.087705774
54,5242.75,7,5243.0,08:45:01.087711448
54,5242.75,7,5243.0,08:45:01.087736194
54,5242.75,7,5243.0,08:45:01.087745526
49,5242.75,7,5243.0,08:45:01.087757999
49,5242.75,7,5243.0,08:45:01.087779113
49,5242.75,7,5243.0,08:45:01.087786630
50,5242.75,7,5243.0,08:45:01.087802775
50,5242.75,7,5243.0,08:45:01.087814609
47,5242.75,7,5243.0,08:45:01.087838612
47,5242.75,7,5243.0,08:45:01.087851012
46,5242.75,7,5243.0,08:45:01.087865547
46,5242.75,8,5243.0,08:45:01.087876184
45,5242.75,8,5243.0,08:45:01.087882303
45,5242.75,6,5243.0,08:45:01.087920441
45,5242.75,5,5243.0,08:45:01.087937360
45,5242.75,6,5243.0,08:45:01.087950685
45,5242.75,6,5243.0,08:45:01.087956509
45,5242.75,6,5243.0,08:45:01.087963073
45,5242.75,6,5243.0,08:45:01.087963073
44,5242.75,6,5243.0,08:45:01.087969802
44,5242.75,6,5243.0,08:45:01.087976205
44,5242.75,8,5243.0,08:45:01.087981713
44,5242.75,6,5243.0,08:45:01.087990919
44,5242.75,7,5243.0,08:45:01.088070905
44,5242.75,7,5243.0,08:45:01.088199916
44,5242.75,7,5243.0,08:45:01.088344349
44,5242.75,7,5243.0,08:45:01.088386229
39,5242.75,7,5243.0,08:45:01.088456679
32,5242.75,7,5243.0,08:45:01.088549743
32,5242.75,8,5243.0,08:45:01.088558326
32,5242.75,10,5243.0,08:45:01.088564521
32,5242.75,11,5243.0,08:45:01.088672075
25,5242.75,11,5243.0,08:45:01.088782663
25,5242.75,11,5243.0,08:45:01.088894227
24,5242.75,11,5243.0,08:45:01.088900502
24,5242.75,13,5243.0,08:45:01.088987474
24,5242.75,13,5243.0,08:45:01.089037036
24,5242.75,15,5243.0,08:45:01.089157804
23,5242.75,15,5243.0,08:45:01.089163234
23,5242.75,15,5243.0,08:45:01.089246583
23,5242.75,15,5243.0,08:45:01.089246583
23,5242.75,15,5243.0,08:45:01.089270161
23,5242.75,15,5243.0,08:45:01.089277067
23,5242.75,15,5243.0,08:45:01.090642829
23,5242.75,15,5243.0,08:45:01.095271623
23,5242.75,15,5243.0,08:45:01.095294289
23,5242.75,15,5243.0,08:45:01.095351138
23,5242.75,15,5243.0,08:45:01.096537729
23,5242.75,15,5243.0,08:45:01.098857222
23,5242.75,16,5243.0,08:45:01.132252443
23,5242.75,16,5243.0,08:45:01.132360260
22,5242.75,16,5243.0,08:45:01.132366046
22,5242.75,16,5243.0,08:45:01.132372903
22,5242.75,16,5243.0,08:45:01.132560891
20,5242.75,16,5243.0,08:45:01.132737297
18,5242.75,16,5243.0,08:45:01.132844177
17,5242.75,16,5243.0,08:45:01.132950915
16,5242.75,16,5243.0,08:45:01.133056098
16,5242.75,16,5243.0,08:45:01.133056098
14,5242.75,16,5243.0,08:45:01.133063541
14,5242.75,17,5243.0,08:45:01.133155534
14,5242.75,17,5243.0,08:45:01.133322433
14,5242.75,17,5243.0,08:45:01.133447582
14,5242.75,17,5243.0,08:45:01.133447582
14,5242.75,17,5243.0,08:45:01.133560755
14,5242.75,16,5243.0,08:45:01.152600179
13,5242.75,16,5243.0,08:45:01.175700769
13,5242.75,18,5243.0,08:45:01.175764166
10,5242.75,18,5243.0,08:45:01.175772668
10,5242.75,20,5243.0,08:45:01.175854953
10,5242.75,22,5243.0,08:45:01.175883174
10,5242.75,22,5243.0,08:45:01.176389741
10,5242.75,22,5243.0,08:45:01.219334154
10,5242.75,22,5243.0,08:45:01.219403317
10,5242.75,22,5243.0,08:45:01.219403317
10,5242.75,19,5243.0,08:45:01.219523239
47,5242.5,19,5243.0,08:45:01.219770182
47,5242.5,19,5243.0,08:45:01.219770182
47,5242.5,3,5242.75,08:45:01.219770182
47,5242.5,3,5242.75,08:45:01.219770182
47,5242.5,3,5242.75,08:45:01.219786467
47,5242.5,3,5242.75,08:45:01.219794441
47,5242.5,4,5242.75,08:45:01.219836505
47,5242.5,5,5242.75,08:45:01.219878814
47,5242.5,6,5242.75,08:45:01.219886312
47,5242.5,8,5242.75,08:45:01.219912261
47,5242.5,9,5242.75,08:45:01.219917778
47,5242.5,9,5242.75,08:45:01.219937001
46,5242.5,9,5242.75,08:45:01.219943123
46,5242.5,9,5242.75,08:45:01.219991492
46,5242.5,9,5242.75,08:45:01.219997831
46,5242.5,9,5242.75,08:45:01.220008750
46,5242.5,9,5242.75,08:45:01.220021716
47,5242.5,9,5242.75,08:45:01.220029537
42,5242.5,9,5242.75,08:45:01.220041710
42,5242.5,9,5242.75,08:45:01.220077836
42,5242.5,9,5242.75,08:45:01.220118211
42,5242.5,9,5242.75,08:45:01.220136362
41,5242.5,9,5242.75,08:45:01.220142845
41,5242.5,9,5242.75,08:45:01.220151383
41,5242.5,9,5242.75,08:45:01.220157095
41,5242.5,9,5242.75,08:45:01.220166503
40,5242.5,9,5242.75,08:45:01.220175700
40,5242.5,9,5242.75,08:45:01.220187329
40,5242.5,10,5242.75,08:45:01.220193848
40,5242.5,10,5242.75,08:45:01.220226370
40,5242.5,10,5242.75,08:45:01.220231740
39,5242.5,10,5242.75,08:45:01.220242738
39,5242.5,9,5242.75,08:45:01.220262825
39,5242.5,9,5242.75,08:45:01.220268333
39,5242.5,9,5242.75,08:45:01.220268333
39,5242.5,8,5242.75,08:45:01.220361218
39,5242.5,8,5242.75,08:45:01.220780237
39,5242.5,9,5242.75,08:45:01.220889910
39,5242.5,9,5242.75,08:45:01.221505541
39,5242.5,9,5242.75,08:45:01.221747511
39,5242.5,11,5242.75,08:45:01.222119125
39,5242.5,13,5242.75,08:45:01.222223927
39,5242.5,13,5242.75,08:45:01.222335494
37,5242.5,13,5242.75,08:45:01.223011709
37,5242.5,13,5242.75,08:45:01.227879920
37,5242.5,11,5242.75,08:45:01.230304881
37,5242.5,9,5242.75,08:45:01.230409616
36,5242.5,9,5242.75,08:45:01.238320175
36,5242.5,11,5242.75,08:45:01.238429701
36,5242.5,9,5242.75,08:45:01.241909850
36,5242.5,7,5242.75,08:45:01.256811336
36,5242.5,6,5242.75,08:45:01.256916506
36,5242.5,8,5242.75,08:45:01.264133209
36,5242.5,6,5242.75,08:45:01.264414834
36,5242.5,6,5242.75,08:45:01.265497460
36,5242.5,2,5242.75,08:45:01.265720482
36,5242.5,1,5242.75,08:45:01.265720482
36,5242.5,27,5243.0,08:45:01.265720482
36,5242.5,27,5243.0,08:45:01.265720482
36,5242.5,26,5243.0,08:45:01.265744665
37,5242.5,26,5243.0,08:45:01.266252227
36,5242.5,26,5243.0,08:45:01.266377849
36,5242.5,26,5243.0,08:45:01.266827381
38,5242.5,26,5243.0,08:45:01.266901399
38,5242.5,26,5243.0,08:45:01.266901399
38,5242.5,2,5242.75,08:45:01.271626163
38,5242.5,2,5242.75,08:45:01.271846523
39,5242.5,2,5242.75,08:45:01.272016440
37,5242.5,2,5242.75,08:45:01.272165877
37,5242.5,2,5242.75,08:45:01.272165877
37,5242.5,3,5242.75,08:45:01.272694421
37,5242.5,4,5242.75,08:45:01.272700380
37,5242.5,3,5242.75,08:45:01.272839320
36,5242.5,3,5242.75,08:45:01.273074247
36,5242.5,4,5242.75,08:45:01.274653287
36,5242.5,5,5242.75,08:45:01.274978442
36,5242.5,6,5242.75,08:45:01.275082172
36,5242.5,8,5242.75,08:45:01.282064598
36,5242.5,9,5242.75,08:45:01.282160017
36,5242.5,10,5242.75,08:45:01.282166149
36,5242.5,10,5242.75,08:45:01.296943378
36,5242.5,10,5242.75,08:45:01.297067227
36,5242.5,10,5242.75,08:45:01.297213569
36,5242.5,10,5242.75,08:45:01.297232427
36,5242.5,10,5242.75,08:45:01.297286572
36,5242.5,10,5242.75,08:45:01.297703618
36,5242.5,10,5242.75,08:45:01.297718261
36,5242.5,10,5242.75,08:45:01.297726594
36,5242.5,11,5242.75,08:45:01.325360455
36,5242.5,12,5242.75,08:45:01.325462463
36,5242.5,12,5242.75,08:45:01.325467506
36,5242.5,12,5242.75,08:45:01.325476323
36,5242.5,12,5242.75,08:45:01.325488150
36,5242.5,12,5242.75,08:45:01.325511897
36,5242.5,11,5242.75,08:45:01.326581561
36,5242.5,10,5242.75,08:45:01.326710081
36,5242.5,9,5242.75,08:45:01.326715668
36,5242.5,8,5242.75,08:45:01.326835572
36,5242.5,6,5242.75,08:45:01.328099099
36,5242.5,6,5242.75,08:45:01.328214378
36,5242.5,8,5242.75,08:45:01.330092403
36,5242.5,9,5242.75,08:45:01.330104838
36,5242.5,8,5242.75,08:45:01.330228287
36,5242.5,9,5242.75,08:45:01.330419610
36,5242.5,8,5242.75,08:45:01.330541682
36,5242.5,9,5242.75,08:45:01.334487272
36,5242.5,9,5242.75,08:45:01.339045694
36,5242.5,9,5242.75,08:45:01.339153767
36,5242.5,8,5242.75,08:45:01.349736326
36,5242.5,8,5242.75,08:45:01.349832344
36,5242.5,6,5242.75,08:45:01.410640650
36,5242.5,4,5242.75,08:45:01.410667393
36,5242.5,4,5242.75,08:45:01.410734095
36,5242.5,4,5242.75,08:45:01.410744598
36,5242.5,4,5242.75,08:45:01.410779565
38,5242.5,4,5242.75,08:45:01.411695472
38,5242.5,4,5242.75,08:45:01.411695472
38,5242.5,3,5242.75,08:45:01.411779313
38,5242.5,2,5242.75,08:45:01.411881699
39,5242.5,2,5242.75,08:45:01.412677644
38,5242.5,2,5242.75,08:45:01.429221780
38,5242.5,30,5243.0,08:45:01.482039155
38,5242.5,30,5243.0,08:45:01.482039155
1,5242.75,30,5243.0,08:45:01.482135534
2,5242.75,30,5243.0,08:45:01.482141636
3,5242.75,30,5243.0,08:45:01.482148036
3,5242.75,25,5243.0,08:45:01.482245021
3,5242.75,21,5243.0,08:45:01.482262074
1,5242.75,21,5243.0,08:45:01.482415795
38,5242.5,21,5243.0,08:45:01.482415795
38,5242.5,3,5242.75,08:45:01.482415795
38,5242.5,3,5242.75,08:45:01.482415795
39,5242.5,3,5242.75,08:45:01.482415795
39,5242.5,1,5242.75,08:45:01.482550490
39,5242.5,1,5242.75,08:45:01.482550490
39,5242.5,2,5242.75,08:45:01.482559120
39,5242.5,2,5242.75,08:45:01.482559120
39,5242.5,3,5242.75,08:45:01.482566720
39,5242.5,5,5242.75,08:45:01.482572461
39,5242.5,7,5242.75,08:45:01.482600526
39,5242.5,7,5242.75,08:45:01.482600526
39,5242.5,7,5242.75,08:45:01.482649464
39,5242.5,6,5242.75,08:45:01.482655928
38,5242.5,6,5242.75,08:45:01.482691139
38,5242.5,7,5242.75,08:45:01.482725242
38,5242.5,5,5242.75,08:45:01.482802389
38,5242.5,7,5242.75,08:45:01.482815272
38,5242.5,5,5242.75,08:45:01.482882998
38,5242.5,5,5242.75,08:45:01.483267592
36,5242.5,5,5242.75,08:45:01.483276498
36,5242.5,5,5242.75,08:45:01.483276498
36,5242.5,6,5242.75,08:45:01.483327151
36,5242.5,7,5242.75,08:45:01.483360861
36,5242.5,9,5242.75,08:45:01.483366909
36,5242.5,8,5242.75,08:45:01.493106258
36,5242.5,7,5242.75,08:45:01.493196042
36,5242.5,7,5242.75,08:45:01.494523506
36,5242.5,7,5242.75,08:45:01.494533477
36,5242.5,7,5242.75,08:45:01.547729777
36,5242.5,5,5242.75,08:45:01.601801643
36,5242.5,5,5242.75,08:45:01.631174470
36,5242.5,6,5242.75,08:45:01.646163824
36,5242.5,7,5242.75,08:45:01.646169661
36,5242.5,9,5242.75,08:45:01.646262775
36,5242.5,7,5242.75,08:45:01.652690104
36,5242.5,6,5242.75,08:45:01.652791969
36,5242.5,6,5242.75,08:45:01.684007908
36,5242.5,8,5242.75,08:45:01.705240286
36,5242.5,10,5242.75,08:45:01.705326598
36,5242.5,10,5242.75,08:45:01.705354016
36,5242.5,10,5242.75,08:45:01.705446376
34,5242.5,10,5242.75,08:45:01.722096956
34,5242.5,11,5242.75,08:45:01.722162211
34,5242.5,13,5242.75,08:45:01.722171335
33,5242.5,13,5242.75,08:45:01.722209169
33,5242.5,14,5242.75,08:45:01.722215569
26,5242.5,14,5242.75,08:45:01.722285817
26,5242.5,12,5242.75,08:45:01.722291743
26,5242.5,12,5242.75,08:45:01.722390760
28,5242.5,12,5242.75,08:45:01.722859499
28,5242.5,11,5242.75,08:45:01.722942441
28,5242.5,11,5242.75,08:45:01.776560331
28,5242.5,11,5242.75,08:45:01.797938407
28,5242.5,11,5242.75,08:45:01.917789474
28,5242.5,11,5242.75,08:45:01.917889085
28,5242.5,11,5242.75,08:45:01.972915415
28,5242.5,11,5242.75,08:45:01.973018541
28,5242.5,11,5242.75,08:45:02.013231007
28,5242.5,11,5242.75,08:45:02.013255779
28,5242.5,11,5242.75,08:45:02.013356593
28,5242.5,11,5242.75,08:45:02.024800068
27,5242.5,11,5242.75,08:45:02.053532070
27,5242.5,12,5242.75,08:45:02.053616453
27,5242.5,13,5242.75,08:45:02.053628370
27,5242.5,13,5242.75,08:45:02.053645768
27,5242.5,13,5242.75,08:45:02.053667110
27,5242.5,12,5242.75,08:45:02.053750065
27,5242.5,12,5242.75,08:45:02.112276409
25,5242.5,12,5242.75,08:45:02.196881637
25,5242.5,13,5242.75,08:45:02.248551522
25,5242.5,13,5242.75,08:45:02.297693880
5,5242.5,13,5242.75,08:45:02.332760375
5,5242.5,13,5242.75,08:45:02.332760375
5,5242.5,13,5242.75,08:45:02.332760375
4,5242.5,13,5242.75,08:45:02.332930926
3,5242.5,13,5242.75,08:45:02.332930926
1,5242.5,13,5242.75,08:45:02.332930926
1,5242.5,15,5242.75,08:45:02.332930926
1,5242.5,16,5242.75,08:45:02.332930926
1,5242.5,18,5242.75,08:45:02.332930926
1,5242.5,18,5242.75,08:45:02.332940199
1,5242.5,18,5242.75,08:45:02.332940199
1,5242.5,18,5242.75,08:45:02.332944093
45,5242.25,18,5242.75,08:45:02.332953876
45,5242.25,18,5242.75,08:45:02.332953876
45,5242.25,18,5242.75,08:45:02.332953876
1,5242.5,18,5242.75,08:45:02.333064345
1,5242.5,18,5242.75,08:45:02.333070326
1,5242.5,18,5242.75,08:45:02.333070326
1,5242.5,18,5242.75,08:45:02.333078291
1,5242.5,18,5242.75,08:45:02.333096045
1,5242.5,18,5242.75,08:45:02.333096045
1,5242.5,18,5242.75,08:45:02.333101011
1,5242.5,18,5242.75,08:45:02.333134740
3,5242.5,18,5242.75,08:45:02.333144151
3,5242.5,18,5242.75,08:45:02.333150849
4,5242.5,18,5242.75,08:45:02.333213302
4,5242.5,18,5242.75,08:45:02.333733773
5,5242.5,18,5242.75,08:45:02.333740061
6,5242.5,18,5242.75,08:45:02.333755415
6,5242.5,18,5242.75,08:45:02.333762170
6,5242.5,18,5242.75,08:45:02.333771403
6,5242.5,18,5242.75,08:45:02.333777252
6,5242.5,18,5242.75,08:45:02.333809805
8,5242.5,18,5242.75,08:45:02.333822286
7,5242.5,18,5242.75,08:45:02.333844658
6,5242.5,18,5242.75,08:45:02.333850828
4,5242.5,18,5242.75,08:45:02.333856300
4,5242.5,18,5242.75,08:45:02.334353693
4,5242.5,18,5242.75,08:45:02.334360810
5,5242.5,18,5242.75,08:45:02.334386385
5,5242.5,18,5242.75,08:45:02.334395268
5,5242.5,18,5242.75,08:45:02.334395268
6,5242.5,18,5242.75,08:45:02.334404151
6,5242.5,16,5242.75,08:45:02.334420078
7,5242.5,16,5242.75,08:45:02.334425425
6,5242.5,16,5242.75,08:45:02.334434194
8,5242.5,16,5242.75,08:45:02.334475093
9,5242.5,16,5242.75,08:45:02.334494096
10,5242.5,16,5242.75,08:45:02.334563166
11,5242.5,16,5242.75,08:45:02.334651158
11,5242.5,14,5242.75,08:45:02.334753893
11,5242.5,13,5242.75,08:45:02.334842461
12,5242.5,13,5242.75,08:45:02.334945681
11,5242.5,13,5242.75,08:45:02.344494461
11,5242.5,15,5242.75,08:45:02.344573534
11,5242.5,17,5242.75,08:45:02.344582379
10,5242.5,17,5242.75,08:45:02.344681376
9,5242.5,17,5242.75,08:45:02.344901083
8,5242.5,17,5242.75,08:45:02.344983437
7,5242.5,17,5242.75,08:45:02.344995869
5,5242.5,17,5242.75,08:45:02.345078975
5,5242.5,17,5242.75,08:45:02.544752822
5,5242.5,17,5242.75,08:45:02.544752822
5,5242.5,17,5242.75,08:45:02.544884553
5,5242.5,17,5242.75,08:45:02.544890492
5,5242.5,17,5242.75,08:45:02.566382058
6,5242.5,17,5242.75,08:45:02.595350699
7,5242.5,17,5242.75,08:45:02.595446647
9,5242.5,17,5242.75,08:45:02.595455921
8,5242.5,17,5242.75,08:45:02.595511737
9,5242.5,17,5242.75,08:45:02.595543120
9,5242.5,15,5242.75,08:45:02.595687302
9,5242.5,16,5242.75,08:45:02.596665264
9,5242.5,15,5242.75,08:45:02.605545647
10,5242.5,15,5242.75,08:45:02.614282329
10,5242.5,13,5242.75,08:45:02.614390428
11,5242.5,13,5242.75,08:45:02.614475959
12,5242.5,13,5242.75,08:45:02.614493290
12,5242.5,12,5242.75,08:45:02.614531771
13,5242.5,12,5242.75,08:45:02.614548530
14,5242.5,12,5242.75,08:45:02.614553420
14,5242.5,10,5242.75,08:45:02.614563717
14,5242.5,10,5242.75,08:45:02.614647216
19,5242.5,10,5242.75,08:45:02.614916406
20,5242.5,10,5242.75,08:45:02.614958753
21,5242.5,10,5242.75,08:45:02.615017989
23,5242.5,10,5242.75,08:45:02.615030146
23,5242.5,10,5242.75,08:45:02.616494640
23,5242.5,12,5242.75,08:45:02.660448806
22,5242.5,12,5242.75,08:45:02.661038706
22,5242.5,13,5242.75,08:45:02.661063145
21,5242.5,13,5242.75,08:45:02.661072991
19,5242.5,13,5242.75,08:45:02.661080697
14,5242.5,13,5242.75,08:45:02.661174996
13,5242.5,13,5242.75,08:45:02.661268095
13,5242.5,13,5242.75,08:45:02.661276156
13,5242.5,15,5242.75,08:45:02.661366559
12,5242.5,15,5242.75,08:45:02.661372501
11,5242.5,15,5242.75,08:45:02.661378729
11,5242.5,16,5242.75,08:45:02.661658373
10,5242.5,16,5242.75,08:45:02.661677938
9,5242.5,16,5242.75,08:45:02.661776199
7,5242.5,16,5242.75,08:45:02.661869622
7,5242.5,17,5242.75,08:45:02.661960305
6,5242.5,17,5242.75,08:45:02.661971093
5,5242.5,17,5242.75,08:45:02.661980936
6,5242.5,17,5242.75,08:45:02.662120203
7,5242.5,17,5242.75,08:45:02.662206489
9,5242.5,17,5242.75,08:45:02.662215360
9,5242.5,16,5242.75,08:45:02.662224477
9,5242.5,15,5242.75,08:45:02.662298833
10,5242.5,15,5242.75,08:45:02.662385605
11,5242.5,15,5242.75,08:45:02.662464183
11,5242.5,13,5242.75,08:45:02.662503657
12,5242.5,13,5242.75,08:45:02.662612408
13,5242.5,13,5242.75,08:45:02.671503008
13,5242.5,13,5242.75,08:45:02.671598595
12,5242.5,13,5242.75,08:45:02.672317736
12,5242.5,11,5242.75,08:45:02.712092474
12,5242.5,9,5242.75,08:45:02.712185327
13,5242.5,9,5242.75,08:45:02.712194748
18,5242.5,9,5242.75,08:45:02.712509753
18,5242.5,7,5242.75,08:45:02.712856826
19,5242.5,7,5242.75,08:45:02.712952063
19,5242.5,7,5242.75,08:45:02.713039764
20,5242.5,7,5242.75,08:45:02.713053060
20,5242.5,6,5242.75,08:45:02.713063921
20,5242.5,5,5242.75,08:45:02.713173453
20,5242.5,5,5242.75,08:45:02.713194637
20,5242.5,5,5242.75,08:45:02.713199767
20,5242.5,4,5242.75,08:45:02.713273311
20,5242.5,3,5242.75,08:45:02.713283391
22,5242.5,3,5242.75,08:45:02.713445606
22,5242.5,3,5242.75,08:45:02.713445606
22,5242.5,2,5242.75,08:45:02.713653876
22,5242.5,1,5242.75,08:45:02.713653876
22,5242.5,1,5242.75,08:45:02.713653876
22,5242.5,28,5243.0,08:45:02.713837415
22,5242.5,28,5243.0,08:45:02.713837415
22,5242.5,28,5243.0,08:45:02.713909167
22,5242.5,28,5243.0,08:45:02.722969935
22,5242.5,28,5243.0,08:45:02.722976434
22,5242.5,28,5243.0,08:45:02.790948848
22,5242.5,28,5243.0,08:45:02.791050773
22,5242.5,28,5243.0,08:45:02.791205897
22,5242.5,28,5243.0,08:45:02.791211740
22,5242.5,28,5243.0,08:45:02.791244349
22,5242.5,28,5243.0,08:45:02.798143371
24,5242.5,28,5243.0,08:45:02.843733315
24,5242.5,28,5243.0,08:45:02.843733315
24,5242.5,26,5243.0,08:45:02.843880024
24,5242.5,24,5243.0,08:45:02.844001675
24,5242.5,19,5243.0,08:45:02.848572327
25,5242.5,19,5243.0,08:45:02.848677631
2,5242.75,19,5243.0,08:45:02.848685664
3,5242.75,19,5243.0,08:45:02.848791394
5,5242.75,19,5243.0,08:45:02.848813666
6,5242.75,19,5243.0,08:45:02.848825855
6,5242.75,18,5243.0,08:45:02.848849833
7,5242.75,18,5243.0,08:45:02.848921144
5,5242.75,18,5243.0,08:45:02.848938542
6,5242.75,18,5243.0,08:45:02.849008579
6,5242.75,18,5243.0,08:45:02.849357265
6,5242.75,18,5243.0,08:45:02.849357265
6,5242.75,18,5243.0,08:45:02.849394075
8,5242.75,18,5243.0,08:45:02.849407861
9,5242.75,18,5243.0,08:45:02.849485040
10,5242.75,18,5243.0,08:45:02.849504995
10,5242.75,18,5243.0,08:45:02.849533584
10,5242.75,18,5243.0,08:45:02.849591606
10,5242.75,18,5243.0,08:45:02.849591606
10,5242.75,18,5243.0,08:45:02.849712036
10,5242.75,18,5243.0,08:45:02.849798115
10,5242.75,18,5243.0,08:45:02.849798115
8,5242.75,18,5243.0,08:45:02.849811670
8,5242.75,18,5243.0,08:45:02.850268394
8,5242.75,18,5243.0,08:45:02.850268394
7,5242.75,18,5243.0,08:45:02.850361454
7,5242.75,18,5243.0,08:45:02.850455143
7,5242.75,18,5243.0,08:45:02.850463703
7,5242.75,18,5243.0,08:45:02.850499649
7,5242.75,18,5243.0,08:45:02.850499649
7,5242.75,18,5243.0,08:45:02.850749104
7,5242.75,18,5243.0,08:45:02.862863252
8,5242.75,18,5243.0,08:45:02.911878042
10,5242.75,18,5243.0,08:45:02.911971109
10,5242.75,16,5243.0,08:45:02.933633677
11,5242.75,16,5243.0,08:45:02.933726652
11,5242.75,15,5243.0,08:45:02.933752284
11,5242.75,13,5243.0,08:45:02.933835365
11,5242.75,12,5243.0,08:45:02.933955940
11,5242.75,12,5243.0,08:45:02.933965809
12,5242.75,12,5243.0,08:45:02.933975191
12,5242.75,12,5243.0,08:45:02.933988040
12,5242.75,12,5243.0,08:45:02.934000245
13,5242.75,12,5243.0,08:45:02.934006837
13,5242.75,10,5243.0,08:45:02.934011717
18,5242.75,10,5243.0,08:45:02.934071763
18,5242.75,9,5243.0,08:45:02.934184978
19,5242.75,9,5243.0,08:45:02.934406325
19,5242.75,9,5243.0,08:45:02.934480760
20,5242.75,9,5243.0,08:45:02.934493160
20,5242.75,9,5243.0,08:45:02.934524041
20,5242.75,9,5243.0,08:45:02.934524041
21,5242.75,9,5243.0,08:45:02.934558714
21,5242.75,9,5243.0,08:45:02.934641073
22,5242.75,9,5243.0,08:45:02.934652911
22,5242.75,9,5243.0,08:45:02.935582545
22,5242.75,9,5243.0,08:45:02.935588229
22,5242.75,9,5243.0,08:45:03.008078225
22,5242.75,8,5243.0,08:45:03.009460233
22,5242.75,7,5243.0,08:45:03.009550929
22,5242.75,5,5243.0,08:45:03.015028477
22,5242.75,4,5243.0,08:45:03.015140206
22,5242.75,3,5243.0,08:45:03.015150993
22,5242.75,2,5243.0,08:45:03.015243941
22,5242.75,1,5243.0,08:45:03.015251285
22,5242.75,41,5243.25,08:45:03.015357063
22,5242.75,41,5243.25,08:45:03.015357063
22,5242.75,42,5243.25,08:45:03.015366167
22,5242.75,42,5243.25,08:45:03.015463302
23,5242.75,42,5243.25,08:45:03.015488003
23,5242.75,42,5243.25,08:45:03.015596274
23,5242.75,43,5243.25,08:45:03.015631142
23,5242.75,44,5243.25,08:45:03.015734805
23,5242.75,44,5243.25,08:45:03.040824632
23,5242.75,38,5243.25,08:45:03.040919501
23,5242.75,38,5243.25,08:45:03.041812930
23,5242.75,38,5243.25,08:45:03.047676465
23,5242.75,38,5243.25,08:45:03.047682386
23,5242.75,38,5243.25,08:45:03.047864025
22,5242.75,38,5243.25,08:45:03.064257348
22,5242.75,28,5243.25,08:45:03.139220661
22,5242.75,27,5243.25,08:45:03.139309594
22,5242.75,27,5243.25,08:45:03.139347966
22,5242.75,27,5243.25,08:45:03.139354817
22,5242.75,27,5243.25,08:45:03.158705702
22,5242.75,27,5243.25,08:45:03.158810745
22,5242.75,3,5243.0,08:45:03.245952368
22,5242.75,5,5243.0,08:45:03.246062847
22,5242.75,5,5243.0,08:45:03.246091967
21,5242.75,5,5243.0,08:45:03.246100067
21,5242.75,6,5243.0,08:45:03.246168308
21,5242.75,4,5243.0,08:45:03.246174068
21,5242.75,5,5243.0,08:45:03.246310551
21,5242.75,6,5243.0,08:45:03.246386616
21,5242.75,8,5243.0,08:45:03.246419379
20,5242.75,8,5243.0,08:45:03.246430045
19,5242.75,8,5243.0,08:45:03.246441939
18,5242.75,8,5243.0,08:45:03.246452528
18,5242.75,9,5243.0,08:45:03.246483188
18,5242.75,8,5243.0,08:45:03.246518321
18,5242.75,9,5243.0,08:45:03.246524478
17,5242.75,9,5243.0,08:45:03.246557327
17,5242.75,9,5243.0,08:45:03.246570412
17,5242.75,10,5243.0,08:45:03.246652852
12,5242.75,10,5243.0,08:45:03.246758553
11,5242.75,10,5243.0,08:45:03.246761296
11,5242.75,11,5243.0,08:45:03.246773034
11,5242.75,13,5243.0,08:45:03.246843576
11,5242.75,14,5243.0,08:45:03.246854479
11,5242.75,14,5243.0,08:45:03.246864933
11,5242.75,14,5243.0,08:45:03.246880885
11,5242.75,16,5243.0,08:45:03.248140392
10,5242.75,16,5243.0,08:45:03.248247348
10,5242.75,14,5243.0,08:45:03.264671945
10,5242.75,13,5243.0,08:45:03.264765256
11,5242.75,13,5243.0,08:45:03.264789288
12,5242.75,13,5243.0,08:45:03.264851117
13,5242.75,13,5243.0,08:45:03.264870397
13,5242.75,11,5243.0,08:45:03.264876583
13,5242.75,11,5243.0,08:45:03.264981484
13,5242.75,11,5243.0,08:45:03.265108162
13,5242.75,10,5243.0,08:45:03.265142764
13,5242.75,10,5243.0,08:45:03.267347199
18,5242.75,10,5243.0,08:45:03.272059073
18,5242.75,9,5243.0,08:45:03.272146131
19,5242.75,9,5243.0,08:45:03.272238642
19,5242.75,7,5243.0,08:45:03.279673992
19,5242.75,7,5243.0,08:45:03.279716597
19,5242.75,7,5243.0,08:45:03.279755782
19,5242.75,9,5243.0,08:45:03.293022664
18,5242.75,9,5243.0,08:45:03.293129981
18,5242.75,7,5243.0,08:45:03.293250057
18,5242.75,7,5243.0,08:45:03.297731444
17,5242.75,7,5243.0,08:45:03.619090500
17,5242.75,7,5243.0,08:45:03.619248318
19,5242.75,7,5243.0,08:45:03.628060240
19,5242.75,9,5243.0,08:45:03.628068432
19,5242.75,7,5243.0,08:45:03.628146808
19,5242.75,7,5243.0,08:45:03.628187526
19,5242.75,9,5243.0,08:45:03.629893707
19,5242.75,9,5243.0,08:45:03.630008205
19,5242.75,9,5243.0,08:45:03.630118688
14,5242.75,9,5243.0,08:45:03.654345936
14,5242.75,10,5243.0,08:45:03.654451877
13,5242.75,10,5243.0,08:45:03.654458248
13,5242.75,10,5243.0,08:45:03.654541405
13,5242.75,12,5243.0,08:45:03.654557085
13,5242.75,14,5243.0,08:45:03.654565175
13,5242.75,15,5243.0,08:45:03.654577252
12,5242.75,15,5243.0,08:45:03.654630814
11,5242.75,15,5243.0,08:45:03.654666466
11,5242.75,15,5243.0,08:45:03.654680018
11,5242.75,14,5243.0,08:45:03.654706060
9,5242.75,14,5243.0,08:45:03.654748334
9,5242.75,15,5243.0,08:45:03.654843056
9,5242.75,16,5243.0,08:45:03.654856832
8,5242.75,16,5243.0,08:45:03.654863085
8,5242.75,16,5243.0,08:45:03.655217886
8,5242.75,15,5243.0,08:45:03.665207316
10,5242.75,15,5243.0,08:45:03.665294624
10,5242.75,16,5243.0,08:45:03.737827313
8,5242.75,16,5243.0,08:45:03.737922211
7,5242.75,16,5243.0,08:45:03.738156891
7,5242.75,17,5243.0,08:45:03.738167368
5,5242.75,17,5243.0,08:45:03.738175215
3,5242.75,17,5243.0,08:45:03.738410276
3,5242.75,18,5243.0,08:45:03.738490242
2,5242.75,18,5243.0,08:45:03.738508482
2,5242.75,18,5243.0,08:45:03.738559290
2,5242.75,18,5243.0,08:45:03.738559290
2,5242.75,19,5243.0,08:45:03.738602193
1,5242.75,19,5243.0,08:45:03.738609147
37,5242.5,19,5243.0,08:45:03.738711050
37,5242.5,19,5243.0,08:45:03.738711050
36,5242.5,19,5243.0,08:45:03.738935560
33,5242.5,19,5243.0,08:45:03.738948802
33,5242.5,19,5243.0,08:45:03.739986858
33,5242.5,19,5243.0,08:45:03.740401311
33,5242.5,19,5243.0,08:45:03.769608479
33,5242.5,20,5243.0,08:45:03.769724895
33,5242.5,20,5243.0,08:45:03.786927280
33,5242.5,20,5243.0,08:45:03.787187711
33,5242.5,20,5243.0,08:45:03.787194841
33,5242.5,20,5243.0,08:45:03.787229510
33,5242.5,20,5243.0,08:45:03.857771827
33,5242.5,20,5243.0,08:45:03.857871061
33,5242.5,21,5243.0,08:45:03.893806136
32,5242.5,21,5243.0,08:45:03.894093703
31,5242.5,21,5243.0,08:45:03.894259086
31,5242.5,21,5243.0,08:45:04.209647878
31,5242.5,2,5242.75,08:45:04.308687615
31,5242.5,2,5242.75,08:45:04.308799403
31,5242.5,4,5242.75,08:45:04.308893894
31,5242.5,6,5242.75,08:45:04.308964507
31,5242.5,7,5242.75,08:45:04.309061901
25,5242.5,7,5242.75,08:45:04.309073997
25,5242.5,7,5242.75,08:45:04.309082695
23,5242.5,7,5242.75,08:45:04.309199574
23,5242.5,7,5242.75,08:45:04.309199574
23,5242.5,8,5242.75,08:45:04.309563380
23,5242.5,7,5242.75,08:45:04.319783602
23,5242.5,5,5242.75,08:45:04.359596895
25,5242.5,5,5242.75,08:45:04.359823847
25,5242.5,5,5242.75,08:45:04.359823847
25,5242.5,3,5242.75,08:45:04.359909878
25,5242.5,2,5242.75,08:45:04.360013777
26,5242.5,2,5242.75,08:45:04.360100499
26,5242.5,2,5242.75,08:45:04.360111053
26,5242.5,4,5242.75,08:45:04.363446323
26,5242.5,6,5242.75,08:45:04.363677355
26,5242.5,7,5242.75,08:45:04.363781437
26,5242.5,5,5242.75,08:45:04.364166738
26,5242.5,3,5242.75,08:45:04.372109234
26,5242.5,2,5242.75,08:45:04.372211172
26,5242.5,4,5242.75,08:45:04.372242709
26,5242.5,6,5242.75,08:45:04.372249493
26,5242.5,7,5242.75,08:45:04.372343252
26,5242.5,5,5242.75,08:45:04.372398389
25,5242.5,5,5242.75,08:45:04.424802074
23,5242.5,5,5242.75,08:45:04.427577317
23,5242.5,5,5242.75,08:45:04.427577317
23,5242.5,6,5242.75,08:45:04.441350113
23,5242.5,7,5242.75,08:45:04.441426800
23,5242.5,8,5242.75,08:45:04.441444003
23,5242.5,9,5242.75,08:45:04.441451690
23,5242.5,10,5242.75,08:45:04.441981458
23,5242.5,11,5242.75,08:45:04.441984219
22,5242.5,11,5242.75,08:45:04.441991006
21,5242.5,11,5242.75,08:45:04.442011320
21,5242.5,12,5242.75,08:45:04.442094868
19,5242.5,12,5242.75,08:45:04.442099745
14,5242.5,12,5242.75,08:45:04.442108871
14,5242.5,12,5242.75,08:45:04.442125828
13,5242.5,12,5242.75,08:45:04.442215715
13,5242.5,12,5242.75,08:45:04.442231171
12,5242.5,12,5242.75,08:45:04.442318727
12,5242.5,13,5242.75,08:45:04.442327102
11,5242.5,13,5242.75,08:45:04.442466482
10,5242.5,13,5242.75,08:45:04.442584900
9,5242.5,13,5242.75,08:45:04.442692547
8,5242.5,13,5242.75,08:45:04.442698173
6,5242.5,13,5242.75,08:45:04.442906673
6,5242.5,13,5242.75,08:45:04.442906673
5,5242.5,13,5242.75,08:45:04.443007049
5,5242.5,13,5242.75,08:45:04.443186439
5,5242.5,13,5242.75,08:45:04.443192509
5,5242.5,13,5242.75,08:45:04.443718625
6,5242.5,13,5242.75,08:45:04.443726840
7,5242.5,13,5242.75,08:45:04.443827514
7,5242.5,13,5242.75,08:45:04.481301102
7,5242.5,13,5242.75,08:45:04.481433722
7,5242.5,14,5242.75,08:45:04.481457704
6,5242.5,14,5242.75,08:45:04.481558679
6,5242.5,14,5242.75,08:45:04.547700061
42,5242.25,14,5242.75,08:45:04.551130739
42,5242.25,14,5242.75,08:45:04.551130739
42,5242.25,1,5242.5,08:45:04.551130739
42,5242.25,1,5242.5,08:45:04.551148124
42,5242.25,1,5242.5,08:45:04.551155939
42,5242.25,1,5242.5,08:45:04.551197844
42,5242.25,2,5242.5,08:45:04.551207217
42,5242.25,3,5242.5,08:45:04.551209082
42,5242.25,5,5242.5,08:45:04.551253179
42,5242.25,5,5242.5,08:45:04.551263304
42,5242.25,6,5242.5,08:45:04.551270866
42,5242.25,6,5242.5,08:45:04.551295027
42,5242.25,6,5242.5,08:45:04.551323318
41,5242.25,6,5242.5,08:45:04.551328973
41,5242.25,6,5242.5,08:45:04.551346701
41,5242.25,6,5242.5,08:45:04.551815495
41,5242.25,8,5242.5,08:45:04.551872064
41,5242.25,9,5242.5,08:45:04.551878221
41,5242.25,9,5242.5,08:45:04.551887495
40,5242.25,9,5242.5,08:45:04.551897396
40,5242.25,9,5242.5,08:45:04.551907854
41,5242.25,9,5242.5,08:45:04.551920651
42,5242.25,9,5242.5,08:45:04.551971050
42,5242.25,9,5242.5,08:45:04.551989943
42,5242.25,9,5242.5,08:45:04.551989943
43,5242.25,9,5242.5,08:45:04.552003115
43,5242.25,9,5242.5,08:45:04.552033112
43,5242.25,9,5242.5,08:45:04.552042094
43,5242.25,9,5242.5,08:45:04.552069791
43,5242.25,9,5242.5,08:45:04.552187505
43,5242.25,11,5242.5,08:45:04.553102461
43,5242.25,11,5242.5,08:45:04.554815206
42,5242.25,11,5242.5,08:45:04.554835194
42,5242.25,11,5242.5,08:45:04.561246591
42,5242.25,11,5242.5,08:45:04.561300304
42,5242.25,9,5242.5,08:45:04.561852472
42,5242.25,8,5242.5,08:45:04.561954659
42,5242.25,6,5242.5,08:45:04.561990174
42,5242.25,4,5242.5,08:45:04.562102605
42,5242.25,3,5242.5,08:45:04.562197711
42,5242.25,5,5242.5,08:45:04.562319323
42,5242.25,5,5242.5,08:45:04.562374130
42,5242.25,6,5242.5,08:45:04.562423219
42,5242.25,8,5242.5,08:45:04.562433082
42,5242.25,6,5242.5,08:45:04.562443524
42,5242.25,5,5242.5,08:45:04.562760787
43,5242.25,5,5242.5,08:45:04.562865122
44,5242.25,5,5242.5,08:45:04.564467913
44,5242.25,7,5242.5,08:45:04.578985901
44,5242.25,9,5242.5,08:45:04.579104420
43,5242.25,9,5242.5,08:45:04.579442804
43,5242.25,7,5242.5,08:45:04.615941585
43,5242.25,5,5242.5,08:45:04.615948026
44,5242.25,5,5242.5,08:45:04.616342038
44,5242.25,3,5242.5,08:45:04.616412664
44,5242.25,2,5242.5,08:45:04.616507975
44,5242.25,1,5242.5,08:45:04.616607836
44,5242.25,3,5242.5,08:45:04.616724750
44,5242.25,2,5242.5,08:45:04.616934173
44,5242.25,4,5242.5,08:45:04.616934173
44,5242.25,6,5242.5,08:45:04.617205653
44,5242.25,7,5242.5,08:45:04.617306887
43,5242.25,7,5242.5,08:45:04.617334987
44,5242.25,7,5242.5,08:45:04.617702837
43,5242.25,7,5242.5,08:45:04.651813865
43,5242.25,9,5242.5,08:45:04.652260594
43,5242.25,10,5242.5,08:45:04.652267154
43,5242.25,11,5242.5,08:45:04.652277298
43,5242.25,12,5242.5,08:45:04.652293942
42,5242.25,12,5242.5,08:45:04.652368346
42,5242.25,11,5242.5,08:45:04.652374122
42,5242.25,10,5242.5,08:45:04.652479280
42,5242.25,9,5242.5,08:45:04.652493248
40,5242.25,9,5242.5,08:45:04.652539729
40,5242.25,9,5242.5,08:45:04.652539729
38,5242.25,9,5242.5,08:45:04.652690376
38,5242.25,9,5242.5,08:45:04.652690376
37,5242.25,9,5242.5,08:45:04.652986986
37,5242.25,11,5242.5,08:45:04.653073746
31,5242.25,11,5242.5,08:45:04.653196526
30,5242.25,11,5242.5,08:45:04.653203073
30,5242.25,12,5242.5,08:45:04.653306845
28,5242.25,12,5242.5,08:45:04.653312484
21,5242.25,12,5242.5,08:45:04.653422236
21,5242.25,12,5242.5,08:45:04.653437910
16,5242.25,12,5242.5,08:45:04.653516638
16,5242.25,12,5242.5,08:45:04.653534783
16,5242.25,12,5242.5,08:45:04.653569049
16,5242.25,13,5242.5,08:45:04.653601850
16,5242.25,14,5242.5,08:45:04.653640119
15,5242.25,14,5242.5,08:45:04.653704588
15,5242.25,14,5242.5,08:45:04.653718476
15,5242.25,15,5242.5,08:45:04.653810075
15,5242.25,15,5242.5,08:45:04.653848375
14,5242.25,15,5242.5,08:45:04.653986104
14,5242.25,15,5242.5,08:45:04.653986104
14,5242.25,15,5242.5,08:45:04.654004847
14,5242.25,15,5242.5,08:45:04.654124110
14,5242.25,15,5242.5,08:45:04.654124110
14,5242.25,15,5242.5,08:45:04.654728384
14,5242.25,15,5242.5,08:45:04.654933111
14,5242.25,14,5242.5,08:45:04.655723854
14,5242.25,14,5242.5,08:45:04.657858697
14,5242.25,14,5242.5,08:45:04.657869312
13,5242.25,14,5242.5,08:45:04.658924677
10,5242.25,14,5242.5,08:45:04.674549955
10,5242.25,14,5242.5,08:45:04.674596974
10,5242.25,14,5242.5,08:45:04.674604494
8,5242.25,14,5242.5,08:45:04.674643196
8,5242.25,14,5242.5,08:45:04.674651241
8,5242.25,15,5242.5,08:45:04.674669360
8,5242.25,16,5242.5,08:45:04.674677846
8,5242.25,17,5242.5,08:45:04.674720791
8,5242.25,17,5242.5,08:45:04.674754190
7,5242.25,17,5242.5,08:45:04.674761083
7,5242.25,18,5242.5,08:45:04.675425832
7,5242.25,17,5242.5,08:45:04.686238841
8,5242.25,17,5242.5,08:45:04.686336382
8,5242.25,16,5242.5,08:45:04.686342088
9,5242.25,16,5242.5,08:45:04.686356008
10,5242.25,16,5242.5,08:45:04.686444959
11,5242.25,16,5242.5,08:45:04.686538041
12,5242.25,16,5242.5,08:45:04.686625089
12,5242.25,16,5242.5,08:45:04.689699169
11,5242.25,16,5242.5,08:45:04.715747017
11,5242.25,17,5242.5,08:45:04.715753606
9,5242.25,17,5242.5,08:45:04.715891872
8,5242.25,17,5242.5,08:45:04.715891872
7,5242.25,17,5242.5,08:45:04.715896707
7,5242.25,18,5242.5,08:45:04.715941450
6,5242.25,18,5242.5,08:45:04.715950129
6,5242.25,20,5242.5,08:45:04.715960209
6,5242.25,21,5242.5,08:45:04.716354876
6,5242.25,21,5242.5,08:45:04.716472331
6,5242.25,22,5242.5,08:45:04.716479675
6,5242.25,23,5242.5,08:45:04.716999126
6,5242.25,23,5242.5,08:45:04.717143564
6,5242.25,23,5242.5,08:45:04.717143564
5,5242.25,23,5242.5,08:45:04.717148876
5,5242.25,24,5242.5,08:45:04.719039353
5,5242.25,23,5242.5,08:45:04.720904830
2,5242.25,23,5242.5,08:45:04.721798173
68,5242.0,23,5242.5,08:45:04.722005272
68,5242.0,23,5242.5,08:45:04.722005272
68,5242.0,1,5242.25,08:45:04.722086528
68,5242.0,1,5242.25,08:45:04.722099117
68,5242.0,1,5242.25,08:45:04.722138932
69,5242.0,1,5242.25,08:45:04.722153870
69,5242.0,1,5242.25,08:45:04.722160075
69,5242.0,1,5242.25,08:45:04.722165595
69,5242.0,5,5242.25,08:45:04.722196642
69,5242.0,5,5242.25,08:45:04.722201682
69,5242.0,5,5242.25,08:45:04.722228499
69,5242.0,5,5242.25,08:45:04.722742922
69,5242.0,5,5242.25,08:45:04.722774404
69,5242.0,5,5242.25,08:45:04.722780394
68,5242.0,5,5242.25,08:45:04.722794327
68,5242.0,7,5242.25,08:45:04.722806232
68,5242.0,7,5242.25,08:45:04.722816555
67,5242.0,7,5242.25,08:45:04.722823186
67,5242.0,1,5242.25,08:45:04.723064705
67,5242.0,30,5242.5,08:45:04.723064705
67,5242.0,30,5242.5,08:45:04.723064705
67,5242.0,1,5242.25,08:45:04.723064705
67,5242.0,1,5242.25,08:45:04.723064705
67,5242.0,30,5242.5,08:45:04.723064705
67,5242.0,30,5242.5,08:45:04.723064705
67,5242.0,2,5242.25,08:45:04.723064705
67,5242.0,3,5242.25,08:45:04.723064705
67,5242.0,3,5242.25,08:45:04.723064705
67,5242.0,3,5242.25,08:45:04.723064705
67,5242.0,3,5242.25,08:45:04.723088968
68,5242.0,3,5242.25,08:45:04.723088968
69,5242.0,3,5242.25,08:45:04.723088968
69,5242.0,3,5242.25,08:45:04.723088968
69,5242.0,3,5242.25,08:45:04.723088968
69,5242.0,3,5242.25,08:45:04.723088968
69,5242.0,3,5242.25,08:45:04.723088968
69,5242.0,3,5242.25,08:45:04.723090487
69,5242.0,34,5242.5,08:45:04.723289714
69,5242.0,34,5242.5,08:45:04.723289714
1,5242.25,34,5242.5,08:45:04.723289714
2,5242.25,34,5242.5,08:45:04.723289714
2,5242.25,33,5242.5,08:45:04.723289714
1,5242.25,33,5242.5,08:45:04.723313215
2,5242.25,33,5242.5,08:45:04.723364563
3,5242.25,33,5242.5,08:45:04.723395905
4,5242.25,33,5242.5,08:45:04.723400689
6,5242.25,33,5242.5,08:45:04.723409946
6,5242.25,31,5242.5,08:45:04.723513625
6,5242.25,26,5242.5,08:45:04.723521997
7,5242.25,26,5242.5,08:45:04.723533123
7,5242.25,26,5242.5,08:45:04.723571783
7,5242.25,22,5242.5,08:45:04.723616767
8,5242.25,22,5242.5,08:45:04.723927406
7,5242.25,22,5242.5,08:45:04.723933797
9,5242.25,22,5242.5,08:45:04.724020291
10,5242.25,22,5242.5,08:45:04.724117221
10,5242.25,21,5242.5,08:45:04.724122671
10,5242.25,21,5242.5,08:45:04.724148195
10,5242.25,21,5242.5,08:45:04.724474537
10,5242.25,21,5242.5,08:45:04.742359394
9,5242.25,21,5242.5,08:45:04.753819357
7,5242.25,21,5242.5,08:45:04.753924191
7,5242.25,21,5242.5,08:45:04.782938149
7,5242.25,21,5242.5,08:45:04.783199319
7,5242.25,21,5242.5,08:45:04.783217137
7,5242.25,21,5242.5,08:45:04.783249394
9,5242.25,21,5242.5,08:45:04.786450499
9,5242.25,20,5242.5,08:45:04.786546692
9,5242.25,20,5242.5,08:45:04.797745354
9,5242.25,20,5242.5,08:45:04.797751600
9,5242.25,20,5242.5,08:45:04.799684743
9,5242.25,20,5242.5,08:45:04.804686137
9,5242.25,20,5242.5,08:45:04.804790536
7,5242.25,20,5242.5,08:45:04.811153170
9,5242.25,20,5242.5,08:45:04.817435745
11,5242.25,20,5242.5,08:45:04.817522182
11,5242.25,20,5242.5,08:45:04.817543379
9,5242.25,20,5242.5,08:45:04.826483505
9,5242.25,20,5242.5,08:45:04.826599792
7,5242.25,20,5242.5,08:45:04.826607824
9,5242.25,20,5242.5,08:45:04.837451096
11,5242.25,20,5242.5,08:45:04.837538579
11,5242.25,20,5242.5,08:45:04.837552755
11,5242.25,20,5242.5,08:45:04.846370015
11,5242.25,20,5242.5,08:45:04.846499419
9,5242.25,20,5242.5,08:45:04.871886517
7,5242.25,20,5242.5,08:45:04.871987121
5,5242.25,20,5242.5,08:45:04.871993940
3,5242.25,20,5242.5,08:45:04.872770100
69,5242.0,20,5242.5,08:45:04.872770100
69,5242.0,20,5242.5,08:45:04.872770100
69,5242.0,1,5242.25,08:45:04.872770100
69,5242.0,1,5242.25,08:45:04.872777991
69,5242.0,1,5242.25,08:45:04.872790836
69,5242.0,2,5242.25,08:45:04.872802277
69,5242.0,3,5242.25,08:45:04.872802277
69,5242.0,4,5242.25,08:45:04.872802277
69,5242.0,5,5242.25,08:45:04.872819701
69,5242.0,8,5242.25,08:45:04.872825320
69,5242.0,9,5242.25,08:45:04.872830469
69,5242.0,9,5242.25,08:45:04.872916839
69,5242.0,9,5242.25,08:45:04.872916839
67,5242.0,9,5242.25,08:45:04.872930775
67,5242.0,9,5242.25,08:45:04.872930775
67,5242.0,9,5242.25,08:45:04.872939761
67,5242.0,9,5242.25,08:45:04.872965579
67,5242.0,9,5242.25,08:45:04.872970587
67,5242.0,11,5242.25,08:45:04.872976606
67,5242.0,13,5242.25,08:45:04.872991880
65,5242.0,13,5242.25,08:45:04.873003842
65,5242.0,14,5242.25,08:45:04.873015836
65,5242.0,14,5242.25,08:45:04.873021948
65,5242.0,14,5242.25,08:45:04.873035721
65,5242.0,16,5242.25,08:45:04.873083191
65,5242.0,16,5242.25,08:45:04.873180876
65,5242.0,14,5242.25,08:45:04.873218544
65,5242.0,12,5242.25,08:45:04.873313083
65,5242.0,12,5242.25,08:45:04.873452910
65,5242.0,12,5242.25,08:45:04.873461586
67,5242.0,12,5242.25,08:45:04.873666185
67,5242.0,12,5242.25,08:45:04.873666185
65,5242.0,12,5242.25,08:45:04.873761045
65,5242.0,12,5242.25,08:45:04.873761045
59,5242.0,12,5242.25,08:45:04.873965205
59,5242.0,12,5242.25,08:45:04.878224469
60,5242.0,12,5242.25,08:45:04.880152687
60,5242.0,11,5242.25,08:45:04.880441550
60,5242.0,10,5242.25,08:45:04.880447918
60,5242.0,7,5242.25,08:45:04.880815305
60,5242.0,4,5242.25,08:45:04.881349940
60,5242.0,2,5242.25,08:45:04.881621728
60,5242.0,33,5242.5,08:45:04.881621728
60,5242.0,33,5242.5,08:45:04.881621728
60,5242.0,32,5242.5,08:45:04.881621728
3,5242.25,32,5242.5,08:45:04.881621728
4,5242.25,32,5242.5,08:45:04.881627143
4,5242.25,32,5242.5,08:45:04.881627143
1,5242.25,32,5242.5,08:45:04.881666670
2,5242.25,32,5242.5,08:45:04.881690824
2,5242.25,32,5242.5,08:45:04.881702380
2,5242.25,32,5242.5,08:45:04.881702380
4,5242.25,32,5242.5,08:45:04.881736306
4,5242.25,32,5242.5,08:45:04.881743801
4,5242.25,27,5242.5,08:45:04.881751001
4,5242.25,28,5242.5,08:45:04.881813818
4,5242.25,26,5242.5,08:45:04.881837560
4,5242.25,22,5242.5,08:45:04.881920720
4,5242.25,22,5242.5,08:45:04.881928087
4,5242.25,22,5242.5,08:45:04.881928087
4,5242.25,22,5242.5,08:45:04.882146984
4,5242.25,22,5242.5,08:45:04.882146984
4,5242.25,22,5242.5,08:45:04.882166568
4,5242.25,22,5242.5,08:45:04.882282842
4,5242.25,22,5242.5,08:45:04.890123538
2,5242.25,22,5242.5,08:45:04.900084930
68,5242.0,22,5242.5,08:45:04.900305344
68,5242.0,22,5242.5,08:45:04.900305344
68,5242.0,1,5242.25,08:45:04.900370503
68,5242.0,1,5242.25,08:45:04.900397285
68,5242.0,1,5242.25,08:45:04.900473478
68,5242.0,3,5242.25,08:45:04.900502141
67,5242.0,3,5242.25,08:45:04.900571026
66,5242.0,3,5242.25,08:45:04.900597973
66,5242.0,5,5242.25,08:45:04.900619142
66,5242.0,6,5242.25,08:45:04.900714158
64,5242.0,6,5242.25,08:45:04.900903270
64,5242.0,6,5242.25,08:45:04.900903270
65,5242.0,6,5242.25,08:45:04.901151974
67,5242.0,6,5242.25,08:45:04.901568464
67,5242.0,6,5242.25,08:45:04.901568464
68,5242.0,6,5242.25,08:45:04.902241453
68,5242.0,6,5242.25,08:45:04.907869586
68,5242.0,6,5242.25,08:45:04.907973927
68,5242.0,4,5242.25,08:45:04.942274491
68,5242.0,3,5242.25,08:45:04.942373316
68,5242.0,3,5242.25,08:45:04.942382698
68,5242.0,1,5242.25,08:45:04.942399054
68,5242.0,1,5242.25,08:45:04.942488835
68,5242.0,28,5242.5,08:45:04.942595893
68,5242.0,28,5242.5,08:45:04.942595893
1,5242.25,28,5242.5,08:45:04.942595893
1,5242.25,27,5242.5,08:45:04.942646914
1,5242.25,22,5242.5,08:45:04.942695117
3,5242.25,22,5242.5,08:45:04.942729876
1,5242.25,22,5242.5,08:45:04.943598467
2,5242.25,22,5242.5,08:45:04.945841162
3,5242.25,22,5242.5,08:45:04.946021178
3,5242.25,22,5242.5,08:45:04.946089521
3,5242.25,22,5242.5,08:45:04.946089521
4,5242.25,22,5242.5,08:45:04.946109425
5,5242.25,22,5242.5,08:45:04.948627851
6,5242.25,22,5242.5,08:45:04.948731310
6,5242.25,21,5242.5,08:45:04.953181873
7,5242.25,21,5242.5,08:45:04.953497918
7,5242.25,20,5242.5,08:45:04.953600349
7,5242.25,19,5242.5,08:45:04.953713292
8,5242.25,19,5242.5,08:45:04.953800817
9,5242.25,19,5242.5,08:45:04.953897980
10,5242.25,19,5242.5,08:45:04.954009595
10,5242.25,19,5242.5,08:45:05.014234638
12,5242.25,19,5242.5,08:45:05.022619102
12,5242.25,19,5242.5,08:45:05.031943680
12,5242.25,19,5242.5,08:45:05.047670551
13,5242.25,19,5242.5,08:45:05.102642582
13,5242.25,19,5242.5,08:45:05.103007659
13,5242.25,19,5242.5,08:45:05.108490421
13,5242.25,18,5242.5,08:45:05.119548290
13,5242.25,17,5242.5,08:45:05.119650452
13,5242.25,17,5242.5,08:45:05.119756902
15,5242.25,17,5242.5,08:45:05.124189558
15,5242.25,17,5242.5,08:45:05.124440549
15,5242.25,15,5242.5,08:45:05.124660555
15,5242.25,13,5242.5,08:45:05.124780124
15,5242.25,11,5242.5,08:45:05.124787897
15,5242.25,11,5242.5,08:45:05.124870225
20,5242.25,11,5242.5,08:45:05.124882084
20,5242.25,9,5242.5,08:45:05.124891099
20,5242.25,9,5242.5,08:45:05.125031774
20,5242.25,9,5242.5,08:45:05.125150464
20,5242.25,8,5242.5,08:45:05.125270361
20,5242.25,8,5242.5,08:45:05.125374078
20,5242.25,7,5242.5,08:45:05.125380219
21,5242.25,7,5242.5,08:45:05.125417138
21,5242.25,6,5242.5,08:45:05.125482653
21,5242.25,5,5242.5,08:45:05.125578044
21,5242.25,4,5242.5,08:45:05.125698843
21,5242.25,3,5242.5,08:45:05.125799458
21,5242.25,3,5242.5,08:45:05.125816505
23,5242.25,3,5242.5,08:45:05.125909791
23,5242.25,3,5242.5,08:45:05.125917433
25,5242.25,3,5242.5,08:45:05.125945923
24,5242.25,3,5242.5,08:45:05.125992430
24,5242.25,2,5242.5,08:45:05.126016843
25,5242.25,2,5242.5,08:45:05.126040117
25,5242.25,2,5242.5,08:45:05.297663885
25,5242.25,3,5242.5,08:45:05.324333358
25,5242.25,4,5242.5,08:45:05.324341950
25,5242.25,5,5242.5,08:45:05.324362248
25,5242.25,6,5242.5,08:45:05.324377487
23,5242.25,6,5242.5,08:45:05.324383410
21,5242.25,6,5242.5,08:45:05.324448966
21,5242.25,7,5242.5,08:45:05.324461834
21,5242.25,6,5242.5,08:45:05.324470653
21,5242.25,8,5242.5,08:45:05.324475373
21,5242.25,8,5242.5,08:45:05.324507323
20,5242.25,8,5242.5,08:45:05.324555231
20,5242.25,6,5242.5,08:45:05.324561449
20,5242.25,7,5242.5,08:45:05.324593814
20,5242.25,9,5242.5,08:45:05.403659915
20,5242.25,9,5242.5,08:45:05.403773022
20,5242.25,9,5242.5,08:45:05.403894755
20,5242.25,10,5242.5,08:45:05.404010742
20,5242.25,10,5242.5,08:45:05.462655092
16,5242.25,10,5242.5,08:45:05.467143619
16,5242.25,12,5242.5,08:45:05.467179373
16,5242.25,13,5242.5,08:45:05.467185076
15,5242.25,13,5242.5,08:45:05.467203153
15,5242.25,14,5242.5,08:45:05.467219854
14,5242.25,14,5242.5,08:45:05.467228478
14,5242.25,15,5242.5,08:45:05.467238267
14,5242.25,16,5242.5,08:45:05.467246860
14,5242.25,17,5242.5,08:45:05.467257996
14,5242.25,18,5242.5,08:45:05.467271753
14,5242.25,17,5242.5,08:45:05.467280694
9,5242.25,17,5242.5,08:45:05.467284531
9,5242.25,17,5242.5,08:45:05.467291334
9,5242.25,17,5242.5,08:45:05.467302102
7,5242.25,17,5242.5,08:45:05.467395231
7,5242.25,17,5242.5,08:45:05.467401061
7,5242.25,17,5242.5,08:45:05.467512215
8,5242.25,17,5242.5,08:45:05.467551991
9,5242.25,17,5242.5,08:45:05.467639389
11,5242.25,17,5242.5,08:45:05.467650250
12,5242.25,17,5242.5,08:45:05.467660282
12,5242.25,15,5242.5,08:45:05.467752169
12,5242.25,14,5242.5,08:45:05.467758620
11,5242.25,14,5242.5,08:45:05.467770569
11,5242.25,13,5242.5,08:45:05.467840315
12,5242.25,13,5242.5,08:45:05.467931968
12,5242.25,14,5242.5,08:45:05.467961604
11,5242.25,14,5242.5,08:45:05.468045404
12,5242.25,14,5242.5,08:45:05.497568144
12,5242.25,14,5242.5,08:45:05.498117544
13,5242.25,14,5242.5,08:45:05.498204460
13,5242.25,14,5242.5,08:45:05.498318901
13,5242.25,14,5242.5,08:45:05.498379782
12,5242.25,14,5242.5,08:45:05.498385789
13,5242.25,14,5242.5,08:45:05.498550970
12,5242.25,14,5242.5,08:45:05.498701210
12,5242.25,14,5242.5,08:45:05.498882228
12,5242.25,14,5242.5,08:45:05.499821920
12,5242.25,14,5242.5,08:45:05.547728644
12,5242.25,14,5242.5,08:45:05.547735275
12,5242.25,14,5242.5,08:45:05.548128950
13,5242.25,14,5242.5,08:45:05.581339249
14,5242.25,14,5242.5,08:45:05.581435491
14,5242.25,14,5242.5,08:45:05.581476554
14,5242.25,14,5242.5,08:45:05.581533150
15,5242.25,14,5242.5,08:45:05.581542594
15,5242.25,12,5242.5,08:45:05.581628281
15,5242.25,12,5242.5,08:45:05.581660452
20,5242.25,12,5242.5,08:45:05.581761405
20,5242.25,11,5242.5,08:45:05.581846133
20,5242.25,10,5242.5,08:45:05.581881247
20,5242.25,9,5242.5,08:45:05.581936419
21,5242.25,9,5242.5,08:45:05.581969921
21,5242.25,9,5242.5,08:45:05.581996900
21,5242.25,11,5242.5,08:45:05.608076451
20,5242.25,11,5242.5,08:45:05.645637475
19,5242.25,11,5242.5,08:45:05.651544432
19,5242.25,13,5242.5,08:45:05.651606616
20,5242.25,13,5242.5,08:45:05.668080560
20,5242.25,11,5242.5,08:45:05.668167072
20,5242.25,9,5242.5,08:45:05.668180266
20,5242.25,9,5242.5,08:45:05.673223958
20,5242.25,9,5242.5,08:45:05.673332206
20,5242.25,11,5242.5,08:45:05.710937132
20,5242.25,11,5242.5,08:45:05.735447790
20,5242.25,11,5242.5,08:45:05.794554378
20,5242.25,12,5242.5,08:45:05.884475461
20,5242.25,14,5242.5,08:45:05.884577136
15,5242.25,14,5242.5,08:45:05.884684562
14,5242.25,14,5242.5,08:45:05.884773268
14,5242.25,15,5242.5,08:45:05.884903853
14,5242.25,16,5242.5,08:45:05.884911178
14,5242.25,16,5242.5,08:45:05.885025648
14,5242.25,15,5242.5,08:45:05.888387450
14,5242.25,14,5242.5,08:45:05.888482495
14,5242.25,15,5242.5,08:45:05.919314906
14,5242.25,16,5242.5,08:45:05.919442170
12,5242.25,16,5242.5,08:45:05.948514507
11,5242.25,16,5242.5,08:45:05.948521089
9,5242.25,16,5242.5,08:45:05.948618185
8,5242.25,16,5242.5,08:45:05.948734313
8,5242.25,17,5242.5,08:45:05.948746358
8,5242.25,17,5242.5,08:45:05.948823979
8,5242.25,18,5242.5,08:45:05.948851029
10,5242.25,18,5242.5,08:45:05.971029131
12,5242.25,18,5242.5,08:45:05.971122351
12,5242.25,17,5242.5,08:45:05.971265225
14,5242.25,17,5242.5,08:45:05.971276419
14,5242.25,16,5242.5,08:45:05.971286967
12,5242.25,16,5242.5,08:45:06.030622971
12,5242.25,17,5242.5,08:45:06.030733223
10,5242.25,17,5242.5,08:45:06.030738947
8,5242.25,17,5242.5,08:45:06.030939323
8,5242.25,18,5242.5,08:45:06.031024032
7,5242.25,18,5242.5,08:45:06.045149008
6,5242.25,18,5242.5,08:45:06.045186196
6,5242.25,19,5242.5,08:45:06.045252796
70,5242.0,19,5242.5,08:45:06.045442128
70,5242.0,19,5242.5,08:45:06.045442128
68,5242.0,19,5242.5,08:45:06.045442128
68,5242.0,19,5242.5,08:45:06.045442128
66,5242.0,19,5242.5,08:45:06.045442128
66,5242.0,19,5242.5,08:45:06.045442128
66,5242.0,2,5242.25,08:45:06.045442128
66,5242.0,2,5242.25,08:45:06.045442128
66,5242.0,2,5242.25,08:45:06.045442128
66,5242.0,2,5242.25,08:45:06.045442128
66,5242.0,2,5242.25,08:45:06.045458403
66,5242.0,2,5242.25,08:45:06.045468275
66,5242.0,4,5242.25,08:45:06.045533957
66,5242.0,4,5242.25,08:45:06.045545387
66,5242.0,4,5242.25,08:45:06.045552453
65,5242.0,4,5242.25,08:45:06.045558799
65,5242.0,4,5242.25,08:45:06.045569506
65,5242.0,4,5242.25,08:45:06.045599974
65,5242.0,2,5242.25,08:45:06.045607654
65,5242.0,28,5242.5,08:45:06.045812647
65,5242.0,28,5242.5,08:45:06.045812647
1,5242.25,28,5242.5,08:45:06.045812647
2,5242.25,28,5242.5,08:45:06.045867515
2,5242.25,27,5242.5,08:45:06.045891026
3,5242.25,27,5242.5,08:45:06.045906844
3,5242.25,27,5242.5,08:45:06.045916531
3,5242.25,27,5242.5,08:45:06.046060710
3,5242.25,26,5242.5,08:45:06.046116077
3,5242.25,21,5242.5,08:45:06.046345829
4,5242.25,21,5242.5,08:45:06.046675480
5,5242.25,21,5242.5,08:45:06.046684117
6,5242.25,21,5242.5,08:45:06.046694361
7,5242.25,21,5242.5,08:45:06.046810350
8,5242.25,21,5242.5,08:45:06.046816034
8,5242.25,20,5242.5,08:45:06.046825381
9,5242.25,20,5242.5,08:45:06.046831480
9,5242.25,19,5242.5,08:45:06.046902994
9,5242.25,18,5242.5,08:45:06.046924694
10,5242.25,18,5242.5,08:45:06.047008854
12,5242.25,18,5242.5,08:45:06.047014758
10,5242.25,18,5242.5,08:45:06.047061936
11,5242.25,18,5242.5,08:45:06.047094695
11,5242.25,18,5242.5,08:45:06.047118760
12,5242.25,18,5242.5,08:45:06.047126827
11,5242.25,18,5242.5,08:45:06.047152335
11,5242.25,18,5242.5,08:45:06.047167724
10,5242.25,18,5242.5,08:45:06.047173698
9,5242.25,18,5242.5,08:45:06.047286923
8,5242.25,18,5242.5,08:45:06.047379834
7,5242.25,18,5242.5,08:45:06.047401178
7,5242.25,18,5242.5,08:45:06.047669888
7,5242.25,18,5242.5,08:45:06.047675648
8,5242.25,18,5242.5,08:45:06.047728209
9,5242.25,18,5242.5,08:45:06.047814355
10,5242.25,18,5242.5,08:45:06.047897207
10,5242.25,18,5242.5,08:45:06.048938508
12,5242.25,18,5242.5,08:45:06.055458134
13,5242.25,18,5242.5,08:45:06.055544895
14,5242.25,18,5242.5,08:45:06.055563951
14,5242.25,17,5242.5,08:45:06.055906700
14,5242.25,17,5242.5,08:45:06.060869281
14,5242.25,17,5242.5,08:45:06.073074522
14,5242.25,17,5242.5,08:45:06.078875775
14,5242.25,17,5242.5,08:45:06.078875775
13,5242.25,17,5242.5,08:45:06.086508147
13,5242.25,17,5242.5,08:45:06.086609196
13,5242.25,17,5242.5,08:45:06.086609196
15,5242.25,17,5242.5,08:45:06.087101077
15,5242.25,17,5242.5,08:45:06.100427666
13,5242.25,17,5242.5,08:45:06.118193180
13,5242.25,17,5242.5,08:45:06.119826330
13,5242.25,17,5242.5,08:45:06.119826330
15,5242.25,17,5242.5,08:45:06.119865188
15,5242.25,17,5242.5,08:45:06.178706849
15,5242.25,16,5242.5,08:45:06.178808138
15,5242.25,16,5242.5,08:45:06.178906934
15,5242.25,16,5242.5,08:45:06.178948595
15,5242.25,16,5242.5,08:45:06.179069983
14,5242.25,16,5242.5,08:45:06.206386685
14,5242.25,16,5242.5,08:45:06.206487151
14,5242.25,17,5242.5,08:45:06.207116399
14,5242.25,17,5242.5,08:45:06.209353228
14,5242.25,17,5242.5,08:45:06.233120485
12,5242.25,17,5242.5,08:45:06.247278633
11,5242.25,17,5242.5,08:45:06.247389391
13,5242.25,17,5242.5,08:45:06.247485460
15,5242.25,17,5242.5,08:45:06.247579452
13,5242.25,17,5242.5,08:45:06.251471912
11,5242.25,17,5242.5,08:45:06.251577648
11,5242.25,17,5242.5,08:45:06.264118532
13,5242.25,17,5242.5,08:45:06.267404614
15,5242.25,17,5242.5,08:45:06.267501275
13,5242.25,17,5242.5,08:45:06.267961825
11,5242.25,17,5242.5,08:45:06.268032067
10,5242.25,17,5242.5,08:45:06.268058304
8,5242.25,17,5242.5,08:45:06.268067408
8,5242.25,17,5242.5,08:45:06.268167167
7,5242.25,17,5242.5,08:45:06.268173177
5,5242.25,17,5242.5,08:45:06.268263588
5,5242.25,17,5242.5,08:45:06.297699424
7,5242.25,17,5242.5,08:45:06.394276359
8,5242.25,17,5242.5,08:45:06.394377827
10,5242.25,17,5242.5,08:45:06.394386560
10,5242.25,17,5242.5,08:45:06.394419501
10,5242.25,17,5242.5,08:45:06.394425978
11,5242.25,17,5242.5,08:45:06.394586877
12,5242.25,17,5242.5,08:45:06.394673906
13,5242.25,17,5242.5,08:45:06.394686114
12,5242.25,17,5242.5,08:45:06.458481076
11,5242.25,17,5242.5,08:45:06.458486797
11,5242.25,17,5242.5,08:45:06.458565590
11,5242.25,17,5242.5,08:45:06.458565590
9,5242.25,17,5242.5,08:45:06.458670747
8,5242.25,17,5242.5,08:45:06.458778259
7,5242.25,17,5242.5,08:45:06.458872885
5,5242.25,17,5242.5,08:45:06.458931475
5,5242.25,18,5242.5,08:45:06.458968746
4,5242.25,18,5242.5,08:45:06.459052166
4,5242.25,19,5242.5,08:45:06.459163601
66,5242.0,19,5242.5,08:45:06.479681173
66,5242.0,19,5242.5,08:45:06.479681173
66,5242.0,20,5242.5,08:45:06.479729911
66,5242.0,1,5242.25,08:45:06.479771797
66,5242.0,1,5242.25,08:45:06.479786351
68,5242.0,1,5242.25,08:45:06.479799250
68,5242.0,1,5242.25,08:45:06.479799250
68,5242.0,1,5242.25,08:45:06.479808729
68,5242.0,1,5242.25,08:45:06.479816671
68,5242.0,1,5242.25,08:45:06.479868791
67,5242.0,1,5242.25,08:45:06.479928635
66,5242.0,1,5242.25,08:45:06.479942130
66,5242.0,1,5242.25,08:45:06.480439845
67,5242.0,1,5242.25,08:45:06.480502343
67,5242.0,3,5242.25,08:45:06.480542043
67,5242.0,2,5242.25,08:45:06.480604857
68,5242.0,2,5242.25,08:45:06.480626294
68,5242.0,3,5242.25,08:45:06.480639427
68,5242.0,3,5242.25,08:45:06.480650256
67,5242.0,3,5242.25,08:45:06.481116653
66,5242.0,3,5242.25,08:45:06.482939512
66,5242.0,3,5242.25,08:45:06.483289468
66,5242.0,3,5242.25,08:45:06.488594119
66,5242.0,2,5242.25,08:45:06.490991062
66,5242.0,3,5242.25,08:45:06.491101965
66,5242.0,1,5242.25,08:45:06.491334849
66,5242.0,31,5242.5,08:45:06.491531740
66,5242.0,31,5242.5,08:45:06.491531740
66,5242.0,30,5242.5,08:45:06.491581453
66,5242.0,31,5242.5,08:45:06.491623610
66,5242.0,32,5242.5,08:45:06.491704409
65,5242.0,32,5242.5,08:45:06.491837736
65,5242.0,32,5242.5,08:45:06.525946159
65,5242.0,32,5242.5,08:45:06.526187931
65,5242.0,32,5242.5,08:45:06.526214241
65,5242.0,32,5242.5,08:45:06.526230584
65,5242.0,32,5242.5,08:45:06.547697890
65,5242.0,32,5242.5,08:45:06.547726790
65,5242.0,32,5242.5,08:45:06.547806876
65,5242.0,32,5242.5,08:45:06.548112610
65,5242.0,32,5242.5,08:45:06.548120255
65,5242.0,32,5242.5,08:45:06.548127852
65,5242.0,2,5242.25,08:45:06.566051033
65,5242.0,2,5242.25,08:45:06.566152027
66,5242.0,2,5242.25,08:45:06.566360255
66,5242.0,3,5242.25,08:45:06.566457758
66,5242.0,1,5242.25,08:45:06.566465547
66,5242.0,3,5242.25,08:45:06.566602281
66,5242.0,5,5242.25,08:45:06.566694741
66,5242.0,6,5242.25,08:45:06.566793793
64,5242.0,6,5242.25,08:45:06.567393944
64,5242.0,6,5242.25,08:45:06.567393944
64,5242.0,4,5242.25,08:45:06.567506774
64,5242.0,3,5242.25,08:45:06.567608328
65,5242.0,3,5242.25,08:45:06.573199501
67,5242.0,3,5242.25,08:45:06.582014476
67,5242.0,3,5242.25,08:45:06.582014476
67,5242.0,4,5242.25,08:45:06.636913072
67,5242.0,5,5242.25,08:45:06.636939776
67,5242.0,7,5242.25,08:45:06.636949149
67,5242.0,8,5242.25,08:45:06.637052482
67,5242.0,10,5242.25,08:45:06.637058607
65,5242.0,10,5242.25,08:45:06.637119034
65,5242.0,10,5242.25,08:45:06.637119034
59,5242.0,10,5242.25,08:45:06.637146884
58,5242.0,10,5242.25,08:45:06.637156587
58,5242.0,12,5242.25,08:45:06.637233573
58,5242.0,13,5242.25,08:45:06.637247762
57,5242.0,13,5242.25,08:45:06.637342255
56,5242.0,13,5242.25,08:45:06.637641937
55,5242.0,13,5242.25,08:45:06.637738163
55,5242.0,13,5242.25,08:45:06.668059543
56,5242.0,13,5242.25,08:45:06.708552339
56,5242.0,11,5242.25,08:45:06.708655102
56,5242.0,10,5242.25,08:45:06.708754432
55,5242.0,10,5242.25,08:45:06.719042045
55,5242.0,11,5242.25,08:45:06.727668584
55,5242.0,13,5242.25,08:45:06.727755581
55,5242.0,14,5242.25,08:45:06.727765991
55,5242.0,15,5242.25,08:45:06.755431676
55,5242.0,14,5242.25,08:45:06.755732526
55,5242.0,15,5242.25,08:45:06.755951670
53,5242.0,15,5242.25,08:45:06.756034133
53,5242.0,14,5242.25,08:45:06.756082268
53,5242.0,14,5242.25,08:45:06.766608097
53,5242.0,15,5242.25,08:45:06.769451296
53,5242.0,15,5242.25,08:45:06.778768905
53,5242.0,14,5242.25,08:45:06.778857051
53,5242.0,14,5242.25,08:45:06.817511543
53,5242.0,15,5242.25,08:45:06.838492249
53,5242.0,16,5242.25,08:45:06.838975772
53,5242.0,17,5242.25,08:45:06.839062084
53,5242.0,17,5242.25,08:45:06.839072792
52,5242.0,17,5242.25,08:45:06.839162313
52,5242.0,17,5242.25,08:45:06.839217662
52,5242.0,17,5242.25,08:45:06.839217662
52,5242.0,16,5242.25,08:45:06.841092637
52,5242.0,15,5242.25,08:45:06.841177912
52,5242.0,15,5242.25,08:45:06.841295307
52,5242.0,16,5242.25,08:45:06.853990757
52,5242.0,16,5242.25,08:45:06.867996844
52,5242.0,16,5242.25,08:45:06.868096776
50,5242.0,16,5242.25,08:45:06.889181483
49,5242.0,16,5242.25,08:45:06.889212437
48,5242.0,16,5242.25,08:45:06.889217634
47,5242.0,16,5242.25,08:45:06.889305284
47,5242.0,16,5242.25,08:45:06.906036486
47,5242.0,15,5242.25,08:45:06.931173115
47,5242.0,15,5242.25,08:45:06.931227237
47,5242.0,14,5242.25,08:45:06.931258743
47,5242.0,12,5242.25,08:45:06.931280567
49,5242.0,12,5242.25,08:45:06.931458718
49,5242.0,12,5242.25,08:45:06.931637749
49,5242.0,11,5242.25,08:45:06.931774993
47,5242.0,11,5242.25,08:45:06.931835244
47,5242.0,9,5242.25,08:45:06.931901892
47,5242.0,11,5242.25,08:45:06.931921655
47,5242.0,10,5242.25,08:45:06.931996415
47,5242.0,8,5242.25,08:45:06.932128034
47,5242.0,9,5242.25,08:45:06.934406998
47,5242.0,11,5242.25,08:45:06.934493598
47,5242.0,12,5242.25,08:45:06.934689970
47,5242.0,10,5242.25,08:45:06.937224137
47,5242.0,9,5242.25,08:45:06.937237692
49,5242.0,9,5242.25,08:45:06.937320219
49,5242.0,8,5242.25,08:45:06.937406799
49,5242.0,9,5242.25,08:45:06.970110887
49,5242.0,11,5242.25,08:45:06.970214905
47,5242.0,11,5242.25,08:45:06.970221161
47,5242.0,12,5242.25,08:45:06.970347007
47,5242.0,13,5242.25,08:45:07.003989893
47,5242.0,13,5242.25,08:45:07.014196289
47,5242.0,12,5242.25,08:45:07.034882512
47,5242.0,12,5242.25,08:45:07.040182628
48,5242.0,12,5242.25,08:45:07.040290519
48,5242.0,10,5242.25,08:45:07.040396866
48,5242.0,10,5242.25,08:45:07.040439619
48,5242.0,10,5242.25,08:45:07.040447459
48,5242.0,9,5242.25,08:45:07.040495739
50,5242.0,9,5242.25,08:45:07.040580176
50,5242.0,8,5242.25,08:45:07.040668651
51,5242.0,8,5242.25,08:45:07.048436040
53,5242.0,8,5242.25,08:45:07.139608492
53,5242.0,8,5242.25,08:45:07.139608492
54,5242.0,8,5242.25,08:45:07.139709288
53,5242.0,8,5242.25,08:45:07.139803565
51,5242.0,8,5242.25,08:45:07.139842347
51,5242.0,8,5242.25,08:45:07.139842347
50,5242.0,8,5242.25,08:45:07.139935964
50,5242.0,10,5242.25,08:45:07.140022109
48,5242.0,10,5242.25,08:45:07.140031767
50,5242.0,10,5242.25,08:45:07.150789418
50,5242.0,8,5242.25,08:45:07.150895097
48,5242.0,8,5242.25,08:45:07.348683654
48,5242.0,10,5242.25,08:45:07.348774114
48,5242.0,11,5242.25,08:45:07.349738066
48,5242.0,12,5242.25,08:45:07.349746261
48,5242.0,11,5242.25,08:45:07.350154363
50,5242.0,11,5242.25,08:45:07.350247334
50,5242.0,9,5242.25,08:45:07.350355858
50,5242.0,8,5242.25,08:45:07.350451681
50,5242.0,8,5242.25,08:45:07.507465987
52,5242.0,8,5242.25,08:45:07.510893576
52,5242.0,8,5242.25,08:45:07.510893576
52,5242.0,8,5242.25,08:45:07.510904041
52,5242.0,8,5242.25,08:45:07.510904041
52,5242.0,6,5242.25,08:45:07.510929714
52,5242.0,5,5242.25,08:45:07.510979911
52,5242.0,3,5242.25,08:45:07.511467693
52,5242.0,2,5242.25,08:45:07.511573987
52,5242.0,1,5242.25,08:45:07.511584985
52,5242.0,33,5242.5,08:45:07.511924397
52,5242.0,33,5242.5,08:45:07.511924397
52,5242.0,32,5242.5,08:45:07.511947351
52,5242.0,31,5242.5,08:45:07.512519769
54,5242.0,31,5242.5,08:45:07.512538067
54,5242.0,31,5242.5,08:45:07.512538067
55,5242.0,31,5242.5,08:45:07.512647487
55,5242.0,27,5242.5,08:45:07.515557440
55,5242.0,27,5242.5,08:45:07.521938958
55,5242.0,27,5242.5,08:45:07.522198735
55,5242.0,27,5242.5,08:45:07.522207405
55,5242.0,27,5242.5,08:45:07.522245008
56,5242.0,27,5242.5,08:45:07.537289943
57,5242.0,27,5242.5,08:45:07.537720102
9,5242.25,27,5242.5,08:45:07.538301918
10,5242.25,27,5242.5,08:45:07.538398719
11,5242.25,27,5242.5,08:45:07.538408127
12,5242.25,27,5242.5,08:45:07.538425843
12,5242.25,26,5242.5,08:45:07.538450896
12,5242.25,25,5242.5,08:45:07.538455863
12,5242.25,25,5242.5,08:45:07.538461677
12,5242.25,25,5242.5,08:45:07.538482655
12,5242.25,20,5242.5,08:45:07.538488287
13,5242.25,20,5242.5,08:45:07.538495951
13,5242.25,19,5242.5,08:45:07.538501945
15,5242.25,19,5242.5,08:45:07.538515353
15,5242.25,19,5242.5,08:45:07.538614216
15,5242.25,19,5242.5,08:45:07.538623470
16,5242.25,19,5242.5,08:45:07.538653749
16,5242.25,19,5242.5,08:45:07.538712733
16,5242.25,18,5242.5,08:45:07.538818713
14,5242.25,18,5242.5,08:45:07.541041154
13,5242.25,18,5242.5,08:45:07.541047164
13,5242.25,18,5242.5,08:45:07.541160846
12,5242.25,18,5242.5,08:45:07.541249703
11,5242.25,18,5242.5,08:45:07.541354079
6,5242.25,18,5242.5,08:45:07.544308545
6,5242.25,19,5242.5,08:45:07.544394381
6,5242.25,20,5242.5,08:45:07.544400381
6,5242.25,20,5242.5,08:45:07.544478939
6,5242.25,20,5242.5,08:45:07.547672892
6,5242.25,20,5242.5,08:45:07.547678703
6,5242.25,20,5242.5,08:45:07.579956068
6,5242.25,19,5242.5,08:45:07.583330911
7,5242.25,19,5242.5,08:45:07.583420733
8,5242.25,19,5242.5,08:45:07.583432628
9,5242.25,19,5242.5,08:45:07.583443985
11,5242.25,19,5242.5,08:45:07.583454155
12,5242.25,19,5242.5,08:45:07.583540475
11,5242.25,19,5242.5,08:45:07.583550063
9,5242.25,19,5242.5,08:45:07.583808984
9,5242.25,20,5242.5,08:45:07.584250350
8,5242.25,20,5242.5,08:45:07.584333360
7,5242.25,20,5242.5,08:45:07.584438309
6,5242.25,20,5242.5,08:45:07.584544080
6,5242.25,20,5242.5,08:45:07.585064158
6,5242.25,21,5242.5,08:45:07.587383303
6,5242.25,21,5242.5,08:45:07.587383303
6,5242.25,21,5242.5,08:45:07.641060416
6,5242.25,21,5242.5,08:45:07.641196475
6,5242.25,21,5242.5,08:45:07.692048882
7,5242.25,21,5242.5,08:45:07.762375412
9,5242.25,21,5242.5,08:45:07.762467894
10,5242.25,21,5242.5,08:45:07.762557445
9,5242.25,21,5242.5,08:45:07.772135334
7,5242.25,21,5242.5,08:45:07.772241019
6,5242.25,21,5242.5,08:45:07.772328147
2,5242.25,21,5242.5,08:45:07.851070307
62,5242.0,21,5242.5,08:45:07.851070307
62,5242.0,21,5242.5,08:45:07.851070307
62,5242.0,1,5242.25,08:45:07.851070307
62,5242.0,3,5242.25,08:45:07.851076601
62,5242.0,3,5242.25,08:45:07.851091213
60,5242.0,3,5242.25,08:45:07.851114753
60,5242.0,3,5242.25,08:45:07.851114753
60,5242.0,5,5242.25,08:45:07.851148753
60,5242.0,6,5242.25,08:45:07.851185589
60,5242.0,6,5242.25,08:45:07.851196799
60,5242.0,6,5242.25,08:45:07.851206578
60,5242.0,8,5242.25,08:45:07.851694790
60,5242.0,8,5242.25,08:45:07.851711024
60,5242.0,8,5242.25,08:45:07.851719901
61,5242.0,8,5242.25,08:45:07.851735251
61,5242.0,9,5242.25,08:45:07.851756660
61,5242.0,9,5242.25,08:45:07.851792939
61,5242.0,7,5242.25,08:45:07.851803835
61,5242.0,7,5242.25,08:45:07.851810684
61,5242.0,7,5242.25,08:45:07.851810684
59,5242.0,7,5242.25,08:45:07.851816966
59,5242.0,7,5242.25,08:45:07.851816966
59,5242.0,7,5242.25,08:45:07.851829269
59,5242.0,5,5242.25,08:45:07.851835686
59,5242.0,3,5242.25,08:45:07.852368640
59,5242.0,2,5242.25,08:45:07.852462684
59,5242.0,1,5242.25,08:45:07.852469909
59,5242.0,1,5242.25,08:45:07.852590216
59,5242.0,3,5242.25,08:45:07.858057805
59,5242.0,5,5242.25,08:45:07.858147026
59,5242.0,6,5242.25,08:45:07.858242055
60,5242.0,6,5242.25,08:45:07.858336681
60,5242.0,4,5242.25,08:45:07.858419498
60,5242.0,6,5242.25,08:45:07.878426609
60,5242.0,4,5242.25,08:45:07.912299418
60,5242.0,3,5242.25,08:45:07.912401225
59,5242.0,3,5242.25,08:45:07.912495476
59,5242.0,4,5242.25,08:45:07.912582537
59,5242.0,6,5242.25,08:45:07.913662633
58,5242.0,6,5242.25,08:45:07.913676009
58,5242.0,7,5242.25,08:45:07.913750702
58,5242.0,8,5242.25,08:45:07.913761827
56,5242.0,8,5242.25,08:45:07.913844377
50,5242.0,8,5242.25,08:45:07.924347626
50,5242.0,9,5242.25,08:45:07.924440966
49,5242.0,9,5242.25,08:45:07.924446620
50,5242.0,9,5242.25,08:45:07.925888428
52,5242.0,9,5242.25,08:45:07.925978843
52,5242.0,8,5242.25,08:45:07.926078237
52,5242.0,7,5242.25,08:45:07.926186271
52,5242.0,7,5242.25,08:45:07.941483898
52,5242.0,8,5242.25,08:45:07.942355842
52,5242.0,10,5242.25,08:45:07.942441729
50,5242.0,10,5242.25,08:45:07.942452148
49,5242.0,10,5242.25,08:45:07.942992460
49,5242.0,11,5242.25,08:45:07.964651345
49,5242.0,12,5242.25,08:45:07.964740146
49,5242.0,12,5242.25,08:45:08.019941818
49,5242.0,12,5242.25,08:45:08.020181628
49,5242.0,12,5242.25,08:45:08.020219053
49,5242.0,12,5242.25,08:45:08.020230112
49,5242.0,11,5242.25,08:45:08.031691336
51,5242.0,11,5242.25,08:45:08.034135630
51,5242.0,11,5242.25,08:45:08.047719272
51,5242.0,11,5242.25,08:45:08.047725109
49,5242.0,11,5242.25,08:45:08.120710887
49,5242.0,11,5242.25,08:45:08.120850333
49,5242.0,6,5242.25,08:45:08.240136034
51,5242.0,6,5242.25,08:45:08.240136034
51,5242.0,6,5242.25,08:45:08.240136034
51,5242.0,4,5242.25,08:45:08.240212759
51,5242.0,3,5242.25,08:45:08.240225674
51,5242.0,2,5242.25,08:45:08.240300607
52,5242.0,2,5242.25,08:45:08.240313170
52,5242.0,1,5242.25,08:45:08.240324281
52,5242.0,3,5242.25,08:45:08.240402234
52,5242.0,5,5242.25,08:45:08.241277142
52,5242.0,6,5242.25,08:45:08.241282873
52,5242.0,4,5242.25,08:45:08.241350858
52,5242.0,5,5242.25,08:45:08.241375371
54,5242.0,5,5242.25,08:45:08.252133899
54,5242.0,5,5242.25,08:45:08.252133899
55,5242.0,5,5242.25,08:45:08.252240422
55,5242.0,4,5242.25,08:45:08.252340447
55,5242.0,3,5242.25,08:45:08.252445902
55,5242.0,3,5242.25,08:45:08.252570986
55,5242.0,5,5242.25,08:45:08.252689970
55,5242.0,5,5242.25,08:45:08.252700560
55,5242.0,3,5242.25,08:45:08.252775342
55,5242.0,4,5242.25,08:45:08.252788443
55,5242.0,4,5242.25,08:45:08.252895981
55,5242.0,4,5242.25,08:45:08.253018233
55,5242.0,3,5242.25,08:45:08.253930383
55,5242.0,3,5242.25,08:45:08.254059118
55,5242.0,5,5242.25,08:45:08.254651124
55,5242.0,6,5242.25,08:45:08.254763472
55,5242.0,6,5242.25,08:45:08.265233542
55,5242.0,7,5242.25,08:45:08.278582631
53,5242.0,7,5242.25,08:45:08.278588776
53,5242.0,7,5242.25,08:45:08.278588776
53,5242.0,8,5242.25,08:45:08.278671116
51,5242.0,8,5242.25,08:45:08.278682620
50,5242.0,8,5242.25,08:45:08.278688678
50,5242.0,9,5242.25,08:45:08.278786337
49,5242.0,9,5242.25,08:45:08.278792322
51,5242.0,9,5242.25,08:45:08.311062708
51,5242.0,8,5242.25,08:45:08.311178319
51,5242.0,7,5242.25,08:45:08.311185408
51,5242.0,6,5242.25,08:45:08.311284373
44,5242.0,6,5242.25,08:45:08.316357010
44,5242.0,6,5242.25,08:45:08.316407884
44,5242.0,6,5242.25,08:45:08.316414032
44,5242.0,6,5242.25,08:45:08.316429462
44,5242.0,7,5242.25,08:45:08.316439066
44,5242.0,8,5242.25,08:45:08.316448781
42,5242.0,8,5242.25,08:45:08.316455732
42,5242.0,9,5242.25,08:45:08.316463204
42,5242.0,11,5242.25,08:45:08.316484161
42,5242.0,12,5242.25,08:45:08.316493432
42,5242.0,10,5242.25,08:45:08.316626858
42,5242.0,11,5242.25,08:45:08.317112449
42,5242.0,12,5242.25,08:45:08.317202425
44,5242.0,12,5242.25,08:45:08.331354743
45,5242.0,12,5242.25,08:45:08.331460787
45,5242.0,11,5242.25,08:45:08.331466636
45,5242.0,10,5242.25,08:45:08.331559374
45,5242.0,9,5242.25,08:45:08.331565147
43,5242.0,9,5242.25,08:45:08.349606772
43,5242.0,11,5242.25,08:45:08.349703158
43,5242.0,12,5242.25,08:45:08.349709117
45,5242.0,12,5242.25,08:45:08.349770766
43,5242.0,12,5242.25,08:45:08.349798290
43,5242.0,10,5242.25,08:45:08.349913940
43,5242.0,9,5242.25,08:45:08.350017706
43,5242.0,8,5242.25,08:45:08.402687297
45,5242.0,8,5242.25,08:45:08.402778022
46,5242.0,8,5242.25,08:45:08.402886991
48,5242.0,8,5242.25,08:45:08.484404096
48,5242.0,8,5242.25,08:45:08.484404096
48,5242.0,6,5242.25,08:45:08.484504117
47,5242.0,6,5242.25,08:45:08.484606145
47,5242.0,5,5242.25,08:45:08.484613076
47,5242.0,4,5242.25,08:45:08.484620519
47,5242.0,6,5242.25,08:45:08.484702604
47,5242.0,4,5242.25,08:45:08.484711084
47,5242.0,3,5242.25,08:45:08.484718944
48,5242.0,3,5242.25,08:45:08.484837588
48,5242.0,5,5242.25,08:45:08.486282300
48,5242.0,6,5242.25,08:45:08.486288691
48,5242.0,7,5242.25,08:45:08.486378318
48,5242.0,8,5242.25,08:45:08.486391026
46,5242.0,8,5242.25,08:45:08.486479654
44,5242.0,8,5242.25,08:45:08.486524245
44,5242.0,8,5242.25,08:45:08.486524245
46,5242.0,8,5242.25,08:45:08.526266629
46,5242.0,8,5242.25,08:45:08.547711134
45,5242.0,8,5242.25,08:45:08.547811046
45,5242.0,10,5242.25,08:45:08.547910312
43,5242.0,10,5242.25,08:45:08.547915810
43,5242.0,11,5242.25,08:45:08.547998788
45,5242.0,11,5242.25,08:45:08.554503908
45,5242.0,9,5242.25,08:45:08.554612304
45,5242.0,10,5242.25,08:45:08.601774984
43,5242.0,10,5242.25,08:45:08.601877767
42,5242.0,10,5242.25,08:45:08.601988976
42,5242.0,12,5242.25,08:45:08.601988976
39,5242.0,12,5242.25,08:45:08.602155917
39,5242.0,14,5242.25,08:45:08.602155917
39,5242.0,15,5242.25,08:45:08.602255461
39,5242.0,15,5242.25,08:45:08.602275996
37,5242.0,15,5242.25,08:45:08.623037749
36,5242.0,15,5242.25,08:45:08.623037749
35,5242.0,15,5242.25,08:45:08.623037749
34,5242.0,15,5242.25,08:45:08.623073666
30,5242.0,15,5242.25,08:45:08.623297038
29,5242.0,15,5242.25,08:45:08.623297038
29,5242.0,16,5242.25,08:45:08.623297038
28,5242.0,16,5242.25,08:45:08.623297038
24,5242.0,16,5242.25,08:45:08.623297038
22,5242.0,16,5242.25,08:45:08.623435677
22,5242.0,15,5242.25,08:45:08.623435677
20,5242.0,15,5242.25,08:45:08.623435677
19,5242.0,15,5242.25,08:45:08.623435677
18,5242.0,15,5242.25,08:45:08.623435677
15,5242.0,15,5242.25,08:45:08.623435677
15,5242.0,15,5242.25,08:45:08.623528310
15,5242.0,16,5242.25,08:45:08.623528310
15,5242.0,16,5242.25,08:45:08.623528310
13,5242.0,16,5242.25,08:45:08.623528310
12,5242.0,16,5242.25,08:45:08.623528310
11,5242.0,16,5242.25,08:45:08.623528310
11,5242.0,16,5242.25,08:45:08.623528310
64,5241.75,16,5242.25,08:45:08.623601576
64,5241.75,16,5242.25,08:45:08.623601576
64,5241.75,1,5242.0,08:45:08.623601576
64,5241.75,2,5242.0,08:45:08.623609829
64,5241.75,3,5242.0,08:45:08.623609829
64,5241.75,4,5242.0,08:45:08.623609829
64,5241.75,4,5242.0,08:45:08.623609829
64,5241.75,4,5242.0,08:45:08.623619108
64,5241.75,4,5242.0,08:45:08.623631163
63,5241.75,4,5242.0,08:45:08.623663867
61,5241.75,4,5242.0,08:45:08.623670351
59,5241.75,4,5242.0,08:45:08.623720941
59,5241.75,4,5242.0,08:45:08.623729821
58,5241.75,4,5242.0,08:45:08.623739776
58,5241.75,4,5242.0,08:45:08.623763664
58,5241.75,4,5242.0,08:45:08.623803908
58,5241.75,5,5242.0,08:45:08.623824450
58,5241.75,6,5242.0,08:45:08.623830693
58,5241.75,7,5242.0,08:45:08.623838844
57,5241.75,7,5242.0,08:45:08.623856239
56,5241.75,7,5242.0,08:45:08.623874950
56,5241.75,7,5242.0,08:45:08.623888451
56,5241.75,4,5242.0,08:45:08.624183874
56,5241.75,3,5242.0,08:45:08.624183874
56,5241.75,5,5242.0,08:45:08.624183874
56,5241.75,1,5242.0,08:45:08.624183874
56,5241.75,27,5242.25,08:45:08.624339085
56,5241.75,27,5242.25,08:45:08.624339085
57,5241.75,27,5242.25,08:45:08.624339085
56,5241.75,27,5242.25,08:45:08.624339085
56,5241.75,1,5242.0,08:45:08.624339085
56,5241.75,1,5242.0,08:45:08.624339085
56,5241.75,28,5242.25,08:45:08.624339085
56,5241.75,28,5242.25,08:45:08.624339085
56,5241.75,28,5242.25,08:45:08.624349123
1,5242.0,28,5242.25,08:45:08.624360083
2,5242.0,28,5242.25,08:45:08.624360083
3,5242.0,28,5242.25,08:45:08.624360083
4,5242.0,28,5242.25,08:45:08.624372038
4,5242.0,33,5242.25,08:45:08.624380560
3,5242.0,33,5242.25,08:45:08.624395809
3,5242.0,33,5242.25,08:45:08.624405754
3,5242.0,33,5242.25,08:45:08.624405754
3,5242.0,33,5242.25,08:45:08.624405754
3,5242.0,33,5242.25,08:45:08.624410628
4,5242.0,33,5242.25,08:45:08.624499382
4,5242.0,34,5242.25,08:45:08.624514115
4,5242.0,34,5242.25,08:45:08.624524314
4,5242.0,34,5242.25,08:45:08.624524314
4,5242.0,34,5242.25,08:45:08.624557780
4,5242.0,33,5242.25,08:45:08.624564042
4,5242.0,32,5242.25,08:45:08.624573815
4,5242.0,32,5242.25,08:45:08.624585403
4,5242.0,32,5242.25,08:45:08.624585403
4,5242.0,32,5242.25,08:45:08.624591860
3,5242.0,32,5242.25,08:45:08.624624456
3,5242.0,32,5242.25,08:45:08.624733595
2,5242.0,32,5242.25,08:45:08.624742161
2,5242.0,27,5242.25,08:45:08.624809964
2,5242.0,22,5242.25,08:45:08.624819823
1,5242.0,22,5242.25,08:45:08.624846998
3,5242.0,22,5242.25,08:45:08.624911937
4,5242.0,22,5242.25,08:45:08.624923906
5,5242.0,22,5242.25,08:45:08.624933832
6,5242.0,22,5242.25,08:45:08.624948601
7,5242.0,22,5242.25,08:45:08.624961045
9,5242.0,22,5242.25,08:45:08.624962407
8,5242.0,22,5242.25,08:45:08.624978355
7,5242.0,22,5242.25,08:45:08.624983641
8,5242.0,22,5242.25,08:45:08.625003885
9,5242.0,22,5242.25,08:45:08.625032336
10,5242.0,22,5242.25,08:45:08.625121942
11,5242.0,22,5242.25,08:45:08.625143436
13,5242.0,22,5242.25,08:45:08.625229883
13,5242.0,21,5242.25,08:45:08.625349705
13,5242.0,19,5242.25,08:45:08.625356457
13,5242.0,19,5242.25,08:45:08.625390695
13,5242.0,17,5242.25,08:45:08.625438377
14,5242.0,17,5242.25,08:45:08.625450291
14,5242.0,17,5242.25,08:45:08.625460054
14,5242.0,16,5242.25,08:45:08.625469593
14,5242.0,16,5242.25,08:45:08.625501856
14,5242.0,16,5242.25,08:45:08.626968203
15,5242.0,16,5242.25,08:45:08.627333871
15,5242.0,14,5242.25,08:45:08.627465371
16,5242.0,14,5242.25,08:45:08.628193588
18,5242.0,14,5242.25,08:45:08.628355764
18,5242.0,14,5242.25,08:45:08.628461190
18,5242.0,20,5242.25,08:45:08.629298701
16,5242.0,20,5242.25,08:45:08.629381746
16,5242.0,20,5242.25,08:45:08.629393426
15,5242.0,20,5242.25,08:45:08.629501422
14,5242.0,20,5242.25,08:45:08.629862120
12,5242.0,20,5242.25,08:45:08.629869199
11,5242.0,20,5242.25,08:45:08.631872894
10,5242.0,20,5242.25,08:45:08.631958969
8,5242.0,20,5242.25,08:45:08.631969283
7,5242.0,20,5242.25,08:45:08.632081804
7,5242.0,20,5242.25,08:45:08.637246865
7,5242.0,20,5242.25,08:45:08.658551500
58,5241.75,20,5242.25,08:45:08.658847346
58,5241.75,20,5242.25,08:45:08.658847346
58,5241.75,21,5242.25,08:45:08.658853976
58,5241.75,22,5242.25,08:45:08.658865749
58,5241.75,23,5242.25,08:45:08.658875807
58,5241.75,1,5242.0,08:45:08.658917549
58,5241.75,3,5242.0,08:45:08.658925277
58,5241.75,4,5242.0,08:45:08.658980590
58,5241.75,4,5242.0,08:45:08.658986709
59,5241.75,4,5242.0,08:45:08.659006392
59,5241.75,4,5242.0,08:45:08.659018709
59,5241.75,5,5242.0,08:45:08.659023749
58,5241.75,5,5242.0,08:45:08.659050943
58,5241.75,7,5242.0,08:45:08.659059024
58,5241.75,7,5242.0,08:45:08.659081222
56,5241.75,7,5242.0,08:45:08.659089949
56,5241.75,7,5242.0,08:45:08.659095063
56,5241.75,9,5242.0,08:45:08.659099709
56,5241.75,9,5242.0,08:45:08.659104676
56,5241.75,7,5242.0,08:45:08.659114813
56,5241.75,8,5242.0,08:45:08.659123719
56,5241.75,9,5242.0,08:45:08.659188197
57,5241.75,9,5242.0,08:45:08.659296779
57,5241.75,9,5242.0,08:45:08.659308792
58,5241.75,9,5242.0,08:45:08.659501791
58,5241.75,8,5242.0,08:45:08.659591508
58,5241.75,10,5242.0,08:45:08.660310799
58,5241.75,10,5242.0,08:45:08.660420507
53,5241.75,10,5242.0,08:45:08.660514493
53,5241.75,10,5242.0,08:45:08.660522320
53,5241.75,10,5242.0,08:45:08.660533802
53,5241.75,11,5242.0,08:45:08.660612412
53,5241.75,9,5242.0,08:45:08.661341069
53,5241.75,8,5242.0,08:45:08.661403618
53,5241.75,8,5242.0,08:45:08.663863940
53,5241.75,8,5242.0,08:45:08.663897355
53,5241.75,8,5242.0,08:45:08.667157481
53,5241.75,10,5242.0,08:45:08.670132620
53,5241.75,12,5242.0,08:45:08.670216884
53,5241.75,12,5242.0,08:45:08.670391342
45,5241.75,12,5242.0,08:45:08.684752025
45,5241.75,13,5242.0,08:45:08.684758003
45,5241.75,14,5242.0,08:45:08.684764102
45,5241.75,14,5242.0,08:45:08.684802126
45,5241.75,14,5242.0,08:45:08.684809147
45,5241.75,15,5242.0,08:45:08.684815083
45,5241.75,17,5242.0,08:45:08.684856440
45,5241.75,18,5242.0,08:45:08.684862869
45,5241.75,18,5242.0,08:45:08.684869385
45,5241.75,19,5242.0,08:45:08.684876569
45,5241.75,19,5242.0,08:45:08.684889542
43,5241.75,19,5242.0,08:45:08.684903235
38,5241.75,19,5242.0,08:45:08.684924797
36,5241.75,19,5242.0,08:45:08.684931063
36,5241.75,19,5242.0,08:45:08.684931063
34,5241.75,19,5242.0,08:45:08.684935613
34,5241.75,19,5242.0,08:45:08.684962955
34,5241.75,19,5242.0,08:45:08.685027391
28,5241.75,19,5242.0,08:45:08.685032181
26,5241.75,19,5242.0,08:45:08.685198511
26,5241.75,20,5242.0,08:45:08.685315037
26,5241.75,20,5242.0,08:45:08.685322833
26,5241.75,20,5242.0,08:45:08.685383501
26,5241.75,20,5242.0,08:45:08.685394826
26,5241.75,20,5242.0,08:45:08.685403623
26,5241.75,20,5242.0,08:45:08.685476437
26,5241.75,20,5242.0,08:45:08.685539440
26,5241.75,20,5242.0,08:45:08.686369981
26,5241.75,20,5242.0,08:45:08.686369981
25,5241.75,20,5242.0,08:45:08.686429764
25,5241.75,20,5242.0,08:45:08.686483259
25,5241.75,20,5242.0,08:45:08.686597487
25,5241.75,20,5242.0,08:45:08.686597487
25,5241.75,20,5242.0,08:45:08.686676384
25,5241.75,20,5242.0,08:45:08.686835402
25,5241.75,20,5242.0,08:45:08.686835402
25,5241.75,20,5242.0,08:45:08.692740519
25,5241.75,20,5242.0,08:45:08.692952940
25,5241.75,20,5242.0,08:45:08.693055851
25,5241.75,20,5242.0,08:45:08.721330799
25,5241.75,20,5242.0,08:45:08.721429208
25,5241.75,18,5242.0,08:45:08.735592108
25,5241.75,17,5242.0,08:45:08.735611004
27,5241.75,17,5242.0,08:45:08.735634473
27,5241.75,16,5242.0,08:45:08.735674948
27,5241.75,15,5242.0,08:45:08.735687435
27,5241.75,14,5242.0,08:45:08.735696673
28,5241.75,14,5242.0,08:45:08.735731051
28,5241.75,14,5242.0,08:45:08.735806711
28,5241.75,14,5242.0,08:45:08.735932652
28,5241.75,14,5242.0,08:45:08.735953280
28,5241.75,14,5242.0,08:45:08.738162950
27,5241.75,14,5242.0,08:45:08.742024929
25,5241.75,14,5242.0,08:45:08.744893220
25,5241.75,14,5242.0,08:45:08.744998224
25,5241.75,15,5242.0,08:45:08.745097993
25,5241.75,15,5242.0,08:45:08.766968428
25,5241.75,14,5242.0,08:45:08.767164281
25,5241.75,14,5242.0,08:45:08.767188368
25,5241.75,14,5242.0,08:45:08.767213540
27,5241.75,14,5242.0,08:45:08.767252321
27,5241.75,14,5242.0,08:45:08.767271093
27,5241.75,14,5242.0,08:45:08.767350627
27,5241.75,14,5242.0,08:45:08.774292246
27,5241.75,14,5242.0,08:45:08.795044707
27,5241.75,14,5242.0,08:45:08.795140334
27,5241.75,14,5242.0,08:45:08.795174168
27,5241.75,14,5242.0,08:45:08.795212044
27,5241.75,14,5242.0,08:45:08.795334476
25,5241.75,14,5242.0,08:45:08.795727690
25,5241.75,14,5242.0,08:45:08.795834294
25,5241.75,15,5242.0,08:45:08.796424194
25,5241.75,16,5242.0,08:45:08.800350395
25,5241.75,16,5242.0,08:45:08.800451257
25,5241.75,15,5242.0,08:45:08.800983332
27,5241.75,15,5242.0,08:45:08.801075884
27,5241.75,14,5242.0,08:45:08.801081113
26,5241.75,14,5242.0,08:45:08.804548950
24,5241.75,14,5242.0,08:45:08.804630289
24,5241.75,15,5242.0,08:45:08.804718127
24,5241.75,16,5242.0,08:45:08.813032811
24,5241.75,16,5242.0,08:45:08.815312997
24,5241.75,16,5242.0,08:45:08.909661389
24,5241.75,16,5242.0,08:45:08.909661389
24,5241.75,16,5242.0,08:45:08.909766392
24,5241.75,16,5242.0,08:45:08.909799763
24,5241.75,18,5242.0,08:45:08.909805900
24,5241.75,18,5242.0,08:45:08.909814838
24,5241.75,19,5242.0,08:45:08.909823501
24,5241.75,20,5242.0,08:45:08.909837613
22,5241.75,20,5242.0,08:45:08.909847633
22,5241.75,20,5242.0,08:45:08.909847633
21,5241.75,20,5242.0,08:45:08.909929484
21,5241.75,19,5242.0,08:45:08.910442252
21,5241.75,17,5242.0,08:45:08.910524888
23,5241.75,17,5242.0,08:45:08.948028930
23,5241.75,16,5242.0,08:45:08.948117135
21,5241.75,16,5242.0,08:45:08.948316051
23,5241.75,16,5242.0,08:45:08.948419448
23,5241.75,16,5242.0,08:45:08.948419448
21,5241.75,16,5242.0,08:45:08.948664538
21,5241.75,16,5242.0,08:45:08.948664538
23,5241.75,16,5242.0,08:45:08.950488290
25,5241.75,16,5242.0,08:45:08.950807708
25,5241.75,16,5242.0,08:45:08.950807708
24,5241.75,16,5242.0,08:45:08.958681671
24,5241.75,16,5242.0,08:45:08.962469978
24,5241.75,16,5242.0,08:45:08.962469978
24,5241.75,16,5242.0,08:45:08.965432486
24,5241.75,16,5242.0,08:45:09.005422160
24,5241.75,14,5242.0,08:45:09.025995315
24,5241.75,13,5242.0,08:45:09.026089061
25,5241.75,13,5242.0,08:45:09.026097746
25,5241.75,12,5242.0,08:45:09.026104111
24,5241.75,12,5242.0,08:45:09.026177261
24,5241.75,12,5242.0,08:45:09.026201348
24,5241.75,12,5242.0,08:45:09.026216628
24,5241.75,10,5242.0,08:45:09.026222619
24,5241.75,12,5242.0,08:45:09.026267608
24,5241.75,10,5242.0,08:45:09.026309541
25,5241.75,10,5242.0,08:45:09.026319013
27,5241.75,10,5242.0,08:45:09.026328841
26,5241.75,10,5242.0,08:45:09.026362785
26,5241.75,9,5242.0,08:45:09.026419144
26,5241.75,9,5242.0,08:45:09.026506378
27,5241.75,9,5242.0,08:45:09.026519604
25,5241.75,9,5242.0,08:45:09.026606534
24,5241.75,9,5242.0,08:45:09.026697640
25,5241.75,9,5242.0,08:45:09.027907783
25,5241.75,11,5242.0,08:45:09.028027945
25,5241.75,11,5242.0,08:45:09.029491184
24,5241.75,11,5242.0,08:45:09.049582943
24,5241.75,13,5242.0,08:45:09.094304697
24,5241.75,14,5242.0,08:45:09.094309878
22,5241.75,14,5242.0,08:45:09.094316589
22,5241.75,15,5242.0,08:45:09.094335133
22,5241.75,16,5242.0,08:45:09.094352036
22,5241.75,17,5242.0,08:45:09.094357454
22,5241.75,18,5242.0,08:45:09.094363463
22,5241.75,18,5242.0,08:45:09.094408892
22,5241.75,18,5242.0,08:45:09.094425458
22,5241.75,19,5242.0,08:45:09.094457411
22,5241.75,21,5242.0,08:45:09.094463299
20,5241.75,21,5242.0,08:45:09.094477072
20,5241.75,21,5242.0,08:45:09.094477072
20,5241.75,21,5242.0,08:45:09.094482884
20,5241.75,21,5242.0,08:45:09.094482884
20,5241.75,21,5242.0,08:45:09.094490820
18,5241.75,21,5242.0,08:45:09.094657573
18,5241.75,21,5242.0,08:45:09.094657573
18,5241.75,21,5242.0,08:45:09.094657573
18,5241.75,22,5242.0,08:45:09.094657573
18,5241.75,23,5242.0,08:45:09.094657573
18,5241.75,24,5242.0,08:45:09.094657573
17,5241.75,24,5242.0,08:45:09.094674072
17,5241.75,24,5242.0,08:45:09.094674072
16,5241.75,24,5242.0,08:45:09.094740684
16,5241.75,26,5242.0,08:45:09.094831143
15,5241.75,26,5242.0,08:45:09.097253465
15,5241.75,24,5242.0,08:45:09.097253465
15,5241.75,25,5242.0,08:45:09.097304201
15,5241.75,27,5242.0,08:45:09.097415253
15,5241.75,27,5242.0,08:45:09.099065699
15,5241.75,25,5242.0,08:45:09.099188531
16,5241.75,25,5242.0,08:45:09.099274011
61,5241.5,25,5242.0,08:45:09.124968898
52,5241.5,25,5242.0,08:45:09.124968898
52,5241.5,25,5242.0,08:45:09.124968898
52,5241.5,1,5241.75,08:45:09.125006473
52,5241.5,2,5241.75,08:45:09.125023545
52,5241.5,4,5241.75,08:45:09.125063050
52,5241.5,5,5241.75,08:45:09.125065530
52,5241.5,6,5241.75,08:45:09.125076048
52,5241.5,6,5241.75,08:45:09.125087063
52,5241.5,8,5241.75,08:45:09.125111367
52,5241.5,8,5241.75,08:45:09.125128805
54,5241.5,8,5241.75,08:45:09.125135900
54,5241.5,8,5241.75,08:45:09.125135900
54,5241.5,8,5241.75,08:45:09.125190563
55,5241.5,8,5241.75,08:45:09.125226010
57,5241.5,8,5241.75,08:45:09.125253044
57,5241.5,8,5241.75,08:45:09.125261147
57,5241.5,8,5241.75,08:45:09.125294133
57,5241.5,2,5241.75,08:45:09.125523766
57,5241.5,2,5241.75,08:45:09.125523766
57,5241.5,2,5241.75,08:45:09.125523766
56,5241.5,2,5241.75,08:45:09.125523766
56,5241.5,4,5241.75,08:45:09.125523766
56,5241.5,4,5241.75,08:45:09.125523766
56,5241.5,4,5241.75,08:45:09.125523766
54,5241.5,4,5241.75,08:45:09.125523766
54,5241.5,4,5241.75,08:45:09.125523766
54,5241.5,6,5241.75,08:45:09.125526064
54,5241.5,6,5241.75,08:45:09.125526064
54,5241.5,6,5241.75,08:45:09.125540774
54,5241.5,4,5241.75,08:45:09.125540774
55,5241.5,4,5241.75,08:45:09.125547056
55,5241.5,4,5241.75,08:45:09.125547056
56,5241.5,4,5241.75,08:45:09.125553487
56,5241.5,4,5241.75,08:45:09.125565996
56,5241.5,1,5241.75,08:45:09.125851536
56,5241.5,1,5241.75,08:45:09.125851536
56,5241.5,1,5241.75,08:45:09.125851536
56,5241.5,34,5242.0,08:45:09.125851536
56,5241.5,34,5242.0,08:45:09.125851536
2,5241.75,34,5242.0,08:45:09.125859610
4,5241.75,34,5242.0,08:45:09.125859610
5,5241.75,34,5242.0,08:45:09.125876171
6,5241.75,34,5242.0,08:45:09.125876171
7,5241.75,34,5242.0,08:45:09.125876171
8,5241.75,34,5242.0,08:45:09.125876171
10,5241.75,34,5242.0,08:45:09.125885937
12,5241.75,34,5242.0,08:45:09.125885937
10,5241.75,34,5242.0,08:45:09.125914942
8,5241.75,34,5242.0,08:45:09.126185770
7,5241.75,34,5242.0,08:45:09.126185770
5,5241.75,34,5242.0,08:45:09.126185770
4,5241.75,34,5242.0,08:45:09.126185770
4,5241.75,33,5242.0,08:45:09.126185770
4,5241.75,32,5242.0,08:45:09.126206740
4,5241.75,31,5242.0,08:45:09.126206740
5,5241.75,31,5242.0,08:45:09.126206740
5,5241.75,30,5242.0,08:45:09.126206740
5,5241.75,30,5242.0,08:45:09.126206740
6,5241.75,30,5242.0,08:45:09.126206740
6,5241.75,29,5242.0,08:45:09.126206740
6,5241.75,33,5242.0,08:45:09.126206740
6,5241.75,33,5242.0,08:45:09.126206740
6,5241.75,27,5242.0,08:45:09.126206740
5,5241.75,27,5242.0,08:45:09.126287436
5,5241.75,27,5242.0,08:45:09.126698587
5,5241.75,27,5242.0,08:45:09.126705745
5,5241.75,27,5242.0,08:45:09.126737115
5,5241.75,27,5242.0,08:45:09.126737115
5,5241.75,27,5242.0,08:45:09.126975559
5,5241.75,23,5242.0,08:45:09.128063862
6,5241.75,23,5242.0,08:45:09.128387034
7,5241.75,23,5242.0,08:45:09.128390896
8,5241.75,23,5242.0,08:45:09.128401786
7,5241.75,23,5242.0,08:45:09.128417271
9,5241.75,23,5242.0,08:45:09.128432167
11,5241.75,23,5242.0,08:45:09.128474917
12,5241.75,23,5242.0,08:45:09.128488460
10,5241.75,23,5242.0,08:45:09.128508774
9,5241.75,23,5242.0,08:45:09.128515641
10,5241.75,23,5242.0,08:45:09.128577101
10,5241.75,21,5242.0,08:45:09.128590593
11,5241.75,21,5242.0,08:45:09.128676832
12,5241.75,21,5242.0,08:45:09.128695907
14,5241.75,21,5242.0,08:45:09.128783960
14,5241.75,21,5242.0,08:45:09.128909924
16,5241.75,21,5242.0,08:45:09.131256580
14,5241.75,21,5242.0,08:45:09.134061977
12,5241.75,21,5242.0,08:45:09.134163637
11,5241.75,21,5242.0,08:45:09.134247130
