price,volume,timestamp
108.8906,8,13:00:00.910409602
108.875,10,13:00:01.511599791
108.875,1,13:00:02.263610041
108.8906,1,13:00:02.470078086
108.875,2,13:00:02.680895643
108.875,2,13:00:02.681993940
108.875,2,13:00:02.682631188
108.875,2,13:00:02.683075527
108.875,2,13:00:02.683385338
108.875,2,13:00:02.683732913
108.875,2,13:00:02.684050906
108.875,2,13:00:02.684310089
108.875,2,13:00:02.684518349
108.875,2,13:00:02.684728913
108.875,2,13:00:02.684928530
108.875,2,13:00:02.685150660
108.875,2,13:00:02.685351585
108.875,2,13:00:02.685551570
108.875,2,13:00:02.685738566
108.875,2,13:00:06.125591443
108.875,21,13:00:06.125975076
108.875,2,13:00:06.126363164
108.875,2,13:00:06.126998249
108.875,2,13:00:06.127225585
108.875,2,13:00:06.127585506
108.875,3,13:00:06.137123205
108.875,3,13:00:06.137186019
108.875,2,13:00:06.137219514
108.875,2,13:00:06.137265233
108.875,1,13:00:06.137294217
108.875,2,13:00:06.137318008
108.875,3,13:00:06.137365340
108.8906,12,13:00:10.865989839
108.875,12,13:00:14.474777395
108.875,2,13:00:17.227195773
108.875,2,13:00:17.228244752
108.875,4,13:00:17.228273360
108.875,2,13:00:17.229553578
108.875,2,13:00:17.230480762
108.875,400,13:00:21.117634986
108.875,1,13:00:21.118022636
108.875,1,13:00:21.118165967
108.875,3,13:00:21.118248883
108.875,3,13:00:21.118300574
108.875,1,13:00:21.118300574
108.875,36,13:00:21.118352671
108.875,2,13:00:21.118389343
108.875,2,13:00:21.118446410
108.875,1,13:00:21.118514156
108.875,2,13:00:21.118514156
108.875,2,13:00:21.118547078
108.875,2,13:00:21.118582077
108.875,1,13:00:21.118619208
108.875,1,13:00:21.118757627
108.875,2,13:00:21.118790648
108.875,1,13:00:21.118822681
108.875,2,13:00:21.118907607
108.875,2,13:00:21.118945852
108.875,2,13:00:21.119144044
108.8906,1,13:00:21.138456500
108.875,2,13:00:22.297937331
108.875,2,13:00:22.298219670
108.875,2,13:00:22.298439015
108.875,2,13:00:22.298651333
108.875,2,13:00:22.298846505
108.8906,10,13:00:23.629030893
108.8906,3,13:00:29.051569595
108.8906,2,13:00:30.079505942
108.875,3,13:00:30.089335017
108.8906,4,13:00:30.109603650
108.8906,1,13:00:30.121041775
108.8906,50,13:00:30.553622975
108.8906,6,13:00:31.082847903
108.875,59,13:00:31.545035559
108.875,60,13:00:38.885376424
108.875,4,13:00:38.885626279
108.875,2,13:00:38.885756381
108.875,10,13:00:38.886504230
108.875,45,13:00:39.401500638
108.875,45,13:00:39.401577117
108.875,20,13:00:39.401790244
108.875,7,13:00:39.402312242
108.875,1,13:00:39.402645011
108.875,2,13:00:39.402728910
108.875,23,13:00:39.403504759
108.875,111,13:00:39.406087419
108.875,7,13:00:39.406165718
108.875,20,13:00:39.406869204
108.875,84,13:00:39.407180747
108.875,6,13:00:39.407736847
108.875,1,13:00:39.407956632
108.875,3,13:00:39.408340169
108.875,5,13:00:39.409400651
108.875,45,13:00:39.409541943
108.875,45,13:00:39.409751195
108.875,3,13:00:39.410123542
108.875,2,13:00:39.410739212
108.875,6,13:00:39.410950234
108.875,2,13:00:39.411510505
108.875,1,13:00:39.411991401
108.875,1,13:00:39.412483308
108.875,2,13:00:39.413937420
108.875,2,13:00:39.415648671
108.875,2,13:00:39.416325123
108.875,2,13:00:39.416607939
108.875,2,13:00:39.416831331
108.875,18,13:00:39.416946146
108.875,2,13:00:39.417032613
108.875,2,13:00:39.417261312
108.875,2,13:00:39.417453322
108.875,2,13:00:39.417654043
108.875,2,13:00:39.417848751
108.875,1,13:00:39.523758326
108.875,2,13:00:39.523813278
108.8906,1,13:00:42.459359449
108.875,88,13:00:42.711732808
108.875,1,13:00:42.712923636
108.875,1,13:00:42.713073050
108.875,1,13:00:42.713337349
108.875,1,13:00:42.713405185
108.875,7,13:00:42.713433057
108.875,1,13:00:42.713688281
108.875,1,13:00:42.713743668
108.875,1,13:00:42.713825244
108.875,5,13:00:42.713874918
108.875,1,13:00:42.713972312
108.875,7,13:00:42.713972312
108.875,4,13:00:42.713972312
108.875,1,13:00:42.714026432
108.875,4,13:00:42.714026432
108.875,1,13:00:42.714051569
108.875,1,13:00:42.714181498
108.875,1,13:00:42.714328252
108.875,1,13:00:42.714496448
108.875,1,13:00:42.714561921
108.875,1,13:00:42.714608639
108.875,1,13:00:42.714811875
108.875,1,13:00:42.714958870
108.875,1,13:00:42.714999198
108.875,1,13:00:42.715234860
108.875,1,13:00:42.715585157
108.875,1,13:00:42.715655207
108.875,1,13:00:42.715920864
108.875,1,13:00:42.716022818
108.875,1,13:00:42.716270513
108.875,1,13:00:42.716609480
108.875,1,13:00:42.716685369
108.875,1,13:00:42.716929317
108.875,1,13:00:42.716977282
108.875,1,13:00:42.717242696
108.875,1,13:00:42.717555934
108.875,1,13:00:42.717625785
108.875,1,13:00:42.717879723
108.875,1,13:00:42.717937605
108.875,1,13:00:42.718168766
108.875,1,13:00:42.718228344
108.875,1,13:00:42.725556319
108.875,43,13:00:42.725939242
108.875,1,13:00:42.726032799
108.875,37,13:00:42.726166178
108.875,1,13:00:42.726411071
108.875,9,13:00:42.732308558
108.875,1,13:00:42.732589949
108.875,1,13:00:42.782516651
108.875,1,13:00:42.782941402
108.875,1,13:00:42.783210457
108.875,1,13:00:42.783464222
108.875,1,13:00:42.783546419
108.875,1,13:00:42.812563215
108.875,1,13:00:42.812887024
108.875,1,13:00:42.813047491
108.875,1,13:00:42.813280846
108.875,1,13:00:42.813379840
108.875,1,13:00:42.813585194
108.875,1,13:00:42.813715882
108.875,1,13:00:42.813952770
108.875,1,13:00:42.814019139
108.875,1,13:00:42.814252120
108.875,1,13:00:42.814369681
108.875,1,13:00:42.814604431
108.875,1,13:00:42.814696288
108.875,1,13:00:42.814911077
108.875,1,13:00:42.815046325
108.875,1,13:00:42.815251030
108.875,1,13:00:42.868519956
108.875,1,13:00:42.868863473
108.875,1,13:00:42.868962852
108.875,1,13:00:42.869222178
108.875,1,13:00:42.869285444
108.875,1,13:00:42.869562070
108.875,1,13:00:42.869645300
108.875,1,13:00:42.869901101
108.875,1,13:00:42.869946737
108.875,1,13:00:42.870214454
108.875,1,13:00:42.870738148
108.875,1,13:00:42.871063326
108.875,1,13:00:42.871107227
108.875,1,13:00:42.871444546
108.875,1,13:00:42.871671088
108.875,1,13:00:42.871763708
108.875,1,13:00:42.872012587
108.875,22,13:00:43.379907673
108.8594,2,13:00:44.073121172
108.8594,45,13:00:44.515415229
108.875,28,13:00:44.915225460
108.875,28,13:00:44.915317191
108.875,1,13:00:44.915790333
108.875,1,13:00:45.725140330
108.875,3,13:00:45.725389321
108.875,1,13:00:46.170291800
108.875,1,13:00:46.170718257
108.875,4,13:00:46.847772890
108.8594,25,13:01:01.421277713
108.8594,1,13:01:08.064239387
108.8594,1,13:01:08.505826703
108.875,39,13:01:11.955359886
108.875,96,13:01:11.955393010
108.875,48,13:01:11.955441664
108.875,20,13:01:11.956095069
108.875,18,13:01:11.956292365
108.875,321,13:01:11.956482319
108.875,285,13:01:11.956607572
108.8906,1,13:01:11.967050573
108.8906,10,13:01:11.968078722
108.8906,6,13:01:11.968104110
108.8906,7,13:01:11.968134128
108.8906,43,13:01:11.968352484
108.8906,9,13:01:11.969735130
108.8906,9,13:01:11.970917863
108.8906,9,13:01:11.971063167
108.8906,5,13:01:11.971094993
108.8906,1,13:01:11.971425362
108.8906,11,13:01:11.972072873
108.8906,2,13:01:11.972340052
108.8906,7,13:01:11.972361739
108.8906,7,13:01:11.972566707
108.8906,2,13:01:11.972694460
108.8906,1,13:01:11.972727775
108.8906,1,13:01:11.972762224
108.8906,10,13:01:11.972825512
108.8906,9,13:01:11.972859324
108.8906,2,13:01:11.972892598
108.8906,1,13:01:11.972918368
108.8906,3,13:01:11.973157861
108.8906,5,13:01:11.973281217
108.8906,2,13:01:11.973441415
108.8906,1,13:01:11.974619509
108.8906,2,13:01:11.975055240
108.8906,2,13:01:11.975572770
108.8906,2,13:01:11.975796929
108.8906,2,13:01:11.976052361
108.8906,8,13:01:11.976141965
108.8906,6,13:01:11.976276519
108.8906,6,13:01:11.976311178
108.8906,2,13:01:11.976469304
108.8906,2,13:01:11.976794651
108.8906,1,13:01:11.977614975
108.8906,1,13:01:11.978182705
108.8906,4,13:01:11.979289444
108.8906,2,13:01:11.986525794
108.9063,7,13:01:11.986525794
108.9063,7,13:01:11.986539643
108.8906,2,13:01:11.986889584
108.8906,2,13:01:11.987131336
108.8906,31,13:01:11.987273342
108.8906,2,13:01:11.987543610
108.8906,2,13:01:11.987868647
108.8906,2,13:01:11.987902424
108.8906,2,13:01:11.988098444
108.8906,4,13:01:11.988721256
108.8906,1,13:01:11.994968873
108.8906,1,13:01:12.021140629
108.8906,4,13:01:12.024176777
108.8906,3,13:01:12.024872705
108.8906,1,13:01:12.025419669
108.8906,4,13:01:12.025827502
108.8906,13,13:01:12.026099270
108.8594,38,13:01:12.537572316
108.875,362,13:01:12.537572316
108.875,2,13:01:12.540463341
108.875,14,13:01:12.541430838
108.875,2,13:01:12.541633847
108.875,8,13:01:12.541752851
108.875,10,13:01:12.609507098
108.875,1,13:01:18.881759026
108.8906,1,13:01:19.845089438
108.8906,1,13:01:27.353754783
108.8906,1,13:01:28.138262600
108.8906,86,13:01:29.046270501
108.8906,14,13:01:29.047042539
108.8906,14,13:01:29.047635444
108.8906,7,13:01:29.047671534
108.8906,16,13:01:29.048000495
108.8906,3,13:01:29.048344639
108.8906,5,13:01:29.065593306
108.8906,1,13:01:31.473204130
108.8906,12,13:01:35.014510692
108.875,99,13:01:40.627262026
108.875,20,13:01:40.627915607
108.875,12,13:01:40.628061918
108.875,2,13:01:40.628353028
108.875,7,13:01:40.628433429
108.875,7,13:01:40.628508361
108.875,2,13:01:40.628629033
108.875,19,13:01:40.629293837
108.875,125,13:01:40.629628926
108.875,5,13:01:40.631872839
108.875,29,13:01:40.634075460
108.875,1,13:01:40.635226596
108.875,12,13:01:40.635684803
108.875,13,13:01:40.637823740
108.875,38,13:01:40.638118782
108.875,207,13:01:47.450621618
108.8594,510,13:01:47.450621618
108.8438,250,13:01:47.451836126
108.8438,4,13:01:47.451844430
108.8438,29,13:01:47.451986859
108.8438,300,13:01:47.451998270
108.8438,27,13:01:47.451998270
108.8438,28,13:01:47.452005266
108.8438,300,13:01:47.452021992
108.8281,38,13:01:47.454416049
108.8281,1,13:01:47.457316073
108.8281,1,13:01:47.457797718
108.8281,56,13:01:47.457814899
108.8281,9,13:01:47.457820633
108.8281,12,13:01:47.457834200
108.8281,296,13:01:47.457834200
108.8281,49,13:01:47.457848061
108.8438,8,13:01:47.462007242
108.8125,8,13:01:47.462327460
108.8281,203,13:01:47.462327460
108.8281,8,13:01:47.462327460
108.8125,1,13:01:47.462338132
108.8125,7,13:01:47.462338132
108.8125,20,13:01:47.462615742
108.8125,38,13:01:47.462876083
108.8281,1,13:01:47.463603719
108.8125,10,13:01:47.463727709
108.8281,3,13:01:47.464381431
108.8281,2,13:01:47.464813920
108.8125,36,13:01:47.466243855
108.8125,62,13:01:47.466350478
108.8281,4,13:01:47.466659332
108.8281,1,13:01:47.471610354
108.8281,1,13:01:47.471696639
108.8281,1,13:01:47.471710089
108.8281,1,13:01:47.471804002
108.8281,1,13:01:47.471812005
108.8281,1,13:01:47.471832237
108.8281,1,13:01:47.471909368
108.8281,1,13:01:47.471924385
108.8281,1,13:01:47.472011393
108.8281,1,13:01:47.472024170
108.8281,1,13:01:47.474650037
108.8281,2,13:01:47.475073892
108.8281,49,13:01:47.475482320
108.8281,8,13:01:47.476092790
108.8438,16,13:01:47.476788746
108.8281,134,13:01:47.477125274
108.8281,6,13:01:47.477235209
108.8125,59,13:01:47.477442977
108.8125,90,13:01:47.477554384
108.8125,90,13:01:47.477568535
108.8125,82,13:01:47.477665176
108.8125,8,13:01:47.478015491
108.8438,4,13:01:47.480242214
108.8594,1,13:01:47.480242214
108.8281,10,13:01:47.482128289
108.8438,5,13:01:47.483308086
108.8281,6,13:01:47.485025737
108.8281,2,13:01:47.485235280
108.8281,4,13:01:47.485273275
108.8281,2,13:01:47.487533762
108.8438,4,13:01:47.489200570
108.8438,4,13:01:47.489291103
108.8281,2,13:01:47.489697770
108.8281,14,13:01:47.490659908
108.8281,7,13:01:47.492042486
108.8281,19,13:01:47.492161253
108.8281,22,13:01:47.492462197
108.8281,6,13:01:47.492627490
108.8125,1,13:01:47.492627490
108.8281,1,13:01:47.493440283
108.8281,5,13:01:47.493538421
108.8281,1,13:01:47.493854980
108.8281,6,13:01:47.493854980
108.8125,70,13:01:47.494405013
108.8281,21,13:01:47.495755966
108.8281,1,13:01:47.496050712
108.8281,1,13:01:47.497464413
108.8281,39,13:01:47.498101696
108.8281,1,13:01:47.498344670
108.8125,16,13:01:47.500149449
108.8281,2,13:01:47.501816449
108.8438,19,13:01:47.502863117
108.8281,4,13:01:47.506105409
108.8281,2,13:01:47.506935301
108.8281,8,13:01:47.507380709
108.8281,1,13:01:47.510398952
108.8438,7,13:01:47.513311983
108.8281,7,13:01:47.514771826
108.8281,3,13:01:47.514965420
108.8281,4,13:01:47.516877242
108.8281,1,13:01:47.516932197
108.8281,3,13:01:47.517001027
108.8281,12,13:01:47.541788485
108.8281,1,13:01:47.572230198
108.8438,44,13:01:47.577508442
108.8438,18,13:01:47.579809020
108.8438,21,13:01:47.588559183
108.8281,20,13:01:47.594192003
108.8438,1,13:01:47.604415652
108.8438,19,13:01:47.612414932
108.8438,60,13:01:47.612518013
108.8438,5,13:01:47.613549711
108.8438,15,13:01:47.634230021
108.8438,1,13:01:47.655262262
108.8438,25,13:01:47.655511850
108.8438,3,13:01:47.655543415
108.8438,30,13:01:47.657793663
108.8438,38,13:01:47.658346304
108.8438,7,13:01:47.658650022
108.8438,6,13:01:47.658864557
108.8438,1,13:01:47.659988174
108.8438,5,13:01:47.660055654
108.8438,9,13:01:47.664909624
108.8438,1,13:01:47.757037217
108.8438,7,13:01:47.757280799
108.8438,7,13:01:47.757452554
108.8438,5,13:01:47.757597961
108.8438,6,13:01:47.757724053
108.8438,14,13:01:47.804586174
108.8438,1,13:01:47.858465538
108.8594,1,13:01:47.908989725
108.8438,7,13:01:47.972683874
108.8438,2,13:01:48.006445570
108.8438,44,13:01:48.006795443
108.8438,5,13:01:48.042592889
108.8438,24,13:01:48.042906524
108.8438,34,13:01:48.044114347
108.8438,1,13:01:48.044461506
108.8438,1,13:01:48.044524768
108.8438,6,13:01:48.044649139
108.8438,5,13:01:48.046601056
108.8594,2,13:01:48.111816150
108.8594,1,13:01:48.162551084
108.8438,5,13:01:48.198326408
108.8594,1,13:01:48.213329404
108.8594,1,13:01:48.314853673
108.8594,1,13:01:48.365837341
108.8594,1,13:01:48.416336997
108.8594,128,13:01:48.421871767
108.8594,160,13:01:48.423189759
108.8594,32,13:01:48.424077645
108.8594,16,13:01:48.426986712
108.8594,3,13:01:48.429314247
108.8594,76,13:01:48.452390230
108.8594,1,13:01:48.457521403
108.8594,6,13:01:48.457853060
108.8594,5,13:01:48.458250768
108.8594,1,13:01:48.458383004
108.8594,11,13:01:48.458445063
108.8594,1,13:01:48.461114602
108.8594,1,13:01:48.462543763
108.8594,5,13:01:48.462827135
108.8594,1,13:01:48.467172765
108.8594,38,13:01:48.484835441
108.8594,1,13:01:48.485284464
108.8594,1,13:01:48.485660292
108.8594,6,13:01:48.485877679
108.8438,15,13:01:48.494403639
108.8594,34,13:01:48.516406469
108.8594,1,13:01:48.516854369
108.875,1,13:01:48.517916612
108.8594,32,13:01:48.519280479
108.8594,1,13:01:48.519842308
108.8594,1,13:01:48.520801585
108.8594,1,13:01:48.606213825
108.8594,1,13:01:48.606286559
108.8594,7,13:01:48.606374654
108.8594,4,13:01:48.606789289
108.875,1,13:01:48.619318108
108.8594,5,13:01:48.637658025
108.875,1,13:01:48.670180401
108.875,1,13:01:48.720929085
108.8594,8,13:01:48.762047414
108.8594,18,13:01:48.762872656
108.8594,44,13:01:48.764502721
108.8594,50,13:01:48.764982907
108.8594,8,13:01:48.765047279
108.8594,1,13:01:48.765183724
108.8594,1,13:01:48.765624731
108.8594,1,13:01:48.766289477
108.8594,1,13:01:48.767311604
108.8594,4,13:01:48.773102431
108.8594,5,13:01:48.773167523
108.8594,1,13:01:48.773509536
108.8594,1,13:01:48.773817845
108.8594,1,13:01:48.773949231
108.8594,6,13:01:48.774132470
108.8594,1,13:01:48.779245386
108.875,1,13:01:48.873177045
108.8594,1,13:01:48.889791290
108.8594,5,13:01:48.889832404
108.8594,1,13:01:48.889895122
108.8594,23,13:01:48.890341941
108.8594,5,13:01:48.891026048
108.875,1,13:01:48.923945497
108.8594,3,13:01:48.933439406
108.8594,1,13:01:48.934042462
108.8594,3,13:01:48.934486893
108.8594,2,13:01:48.937366423
108.875,1,13:01:48.974656248
108.8594,7,13:01:48.999788376
108.8594,7,13:01:49.000273592
108.8594,11,13:01:49.001628800
108.8594,1,13:01:49.001920573
108.8594,1,13:01:49.001990394
108.8594,1,13:01:49.025786195
108.875,1,13:01:49.076112280
108.8594,8,13:01:49.142032704
108.8594,1,13:01:49.142109028
108.8594,4,13:01:49.142548816
108.8594,12,13:01:49.142653115
108.8594,1,13:01:49.143009968
108.8594,14,13:01:49.143405409
108.875,1,13:01:49.177499663
108.8594,14,13:01:49.196320845
108.8594,22,13:01:49.196350663
108.875,1,13:01:49.228263043
108.8594,1,13:01:49.255743800
108.8594,1,13:01:49.255821860
108.8594,23,13:01:49.255882133
108.8594,14,13:01:49.255924572
108.875,1,13:01:49.279001113
108.875,1,13:01:49.329722527
108.875,1,13:01:49.380426110
108.8594,56,13:01:49.392106640
108.8594,83,13:01:49.393132148
108.8594,4,13:01:49.394064919
108.8594,1,13:01:49.394913640
108.8594,1,13:01:49.395502631
108.8438,1,13:01:49.400204003
108.8594,1,13:01:49.481840832
108.8594,1,13:01:49.532843647
108.8594,1,13:01:49.583343806
108.8594,1,13:01:49.633989618
108.8594,1,13:01:49.684847121
108.8594,1,13:01:49.786743180
108.8594,1,13:01:49.836909327
108.8594,1,13:01:49.887708596
108.8594,1,13:01:49.938379986
108.8594,1,13:01:49.989171424
108.8594,1,13:01:50.090516590
108.8594,1,13:01:50.141203658
108.8594,1,13:01:50.192055168
108.8594,1,13:01:50.242758123
108.8438,8,13:01:50.258039116
108.8438,15,13:01:50.258141133
108.8438,24,13:01:50.258191551
108.8438,15,13:01:50.258291959
108.8438,11,13:01:50.258355864
108.8438,7,13:01:50.258689676
108.8438,10,13:01:50.258958942
108.8438,5,13:01:50.259326556
108.8594,1,13:01:50.293504380
108.8438,47,13:01:50.362372859
108.8438,53,13:01:50.363032083
108.8438,1,13:01:50.363458069
108.8438,1,13:01:50.363727614
108.8594,1,13:01:50.394903060
108.8594,1,13:01:50.445678517
108.8594,76,13:01:50.457599131
108.8594,1,13:01:50.458451634
108.8594,10,13:01:50.458875608
108.8594,4,13:01:50.459048047
108.8594,89,13:01:50.459607578
108.8594,1,13:01:50.460693923
108.8594,7,13:01:50.470400883
108.8594,2,13:01:50.470618190
108.8594,4,13:01:50.471197184
108.8594,14,13:01:50.471770356
108.8594,5,13:01:50.471815606
108.8594,3,13:01:50.475921177
108.875,2,13:01:50.547163614
108.875,1,13:01:50.597869341
108.8594,1,13:01:50.673239664
108.8594,7,13:01:50.681338908
108.8594,2,13:01:50.681845703
108.8594,2,13:01:50.682138743
108.875,2,13:01:50.750088801
108.875,1,13:01:50.800921765
108.8594,1,13:01:50.811443001
108.875,1,13:01:50.851656829
108.875,1,13:01:50.902315472
108.8594,1,13:01:50.948510772
108.8594,2,13:01:51.016864797
108.8594,12,13:01:51.017900059
108.8594,19,13:01:51.018219822
108.875,5,13:01:51.025047576
108.875,1,13:01:51.054578185
108.8594,15,13:01:51.086661167
108.8594,1,13:01:51.088877484
108.8594,2,13:01:51.106209542
108.875,1,13:01:51.257379946
108.875,2,13:01:51.308144000
108.875,1,13:01:51.358827307
108.875,1,13:01:51.460208775
108.875,2,13:01:51.510907027
108.875,1,13:01:51.612354957
108.875,1,13:01:51.663026598
108.8594,36,13:01:51.673108570
108.8594,1,13:01:51.673733808
108.8594,1,13:01:51.673810751
108.875,1,13:01:51.713805540
108.875,1,13:01:51.764581701
108.875,1,13:01:51.815284443
108.875,1,13:01:51.916659476
108.875,1,13:01:51.967313485
108.875,1,13:01:52.068706171
108.875,2,13:01:52.119356033
108.875,1,13:01:52.220762564
108.875,1,13:01:52.271385334
108.875,1,13:01:52.322219333
108.875,1,13:01:52.372932598
108.875,1,13:01:52.423605086
108.8594,1,13:01:52.438411497
108.8594,10,13:01:52.488184354
108.8594,56,13:01:52.489719857
108.8594,1,13:01:52.490126643
108.8594,1,13:01:52.490274992
108.8594,1,13:01:52.490693570
108.8594,1,13:01:52.524981978
108.8594,1,13:01:52.575735166
108.8594,1,13:01:52.626396419
108.8594,1,13:01:52.677200808
108.8594,1,13:01:52.727921167
108.8594,5,13:01:52.730756702
108.8594,1,13:01:52.743432830
108.8594,3,13:01:52.743671804
108.8594,1,13:01:52.829334430
108.8594,1,13:01:52.879995271
108.8594,1,13:01:52.930673091
108.8594,1,13:01:52.981510501
108.8594,1,13:01:53.032276061
108.8594,1,13:01:53.133716627
108.8594,1,13:01:53.184362165
108.8594,1,13:01:53.235164324
108.8594,1,13:01:53.285822073
108.8594,1,13:01:53.336639221
108.8594,1,13:01:53.438018310
108.8594,1,13:01:53.488729796
108.8594,1,13:01:53.590141080
108.8594,2,13:01:53.640824850
108.8594,1,13:01:53.742113129
108.8594,1,13:01:53.792847397
108.8594,1,13:01:53.843589614
108.8594,1,13:01:53.894326311
108.8594,1,13:01:53.945043282
108.8594,1,13:01:54.097115691
108.8594,2,13:01:54.147854464
108.8594,1,13:01:54.198669238
108.8594,1,13:01:54.249400855
108.8594,1,13:01:54.350977604
108.8594,2,13:01:54.390460460
108.8594,1,13:01:54.390969590
108.8594,1,13:01:54.401713759
108.8594,1,13:01:54.452474925
108.8594,1,13:01:54.503174524
108.8594,1,13:01:54.585079202
108.8594,1,13:01:54.655228425
108.8594,1,13:01:54.705934533
108.8594,2,13:01:54.756654357
108.8594,1,13:01:54.756897401
108.8594,1,13:01:54.807418501
108.8594,1,13:01:54.858119281
108.8594,47,13:01:54.914179548
108.8594,1,13:01:54.915261618
108.8594,1,13:01:54.959555152
108.8594,1,13:01:55.060863916
108.8594,1,13:01:55.162398141
108.8594,1,13:01:55.263812071
108.8594,1,13:01:55.365125823
108.8594,1,13:01:55.466515538
108.8594,1,13:01:55.557315048
108.8594,1,13:01:55.567896852
108.8594,1,13:01:55.669216749
108.8594,1,13:01:55.770700275
108.8594,1,13:01:55.872138400
108.8594,1,13:01:55.973469952
108.8594,1,13:01:56.074812120
108.8594,1,13:01:56.176181091
108.8594,1,13:01:56.277594511
108.8594,1,13:01:56.378937652
108.8594,1,13:01:56.480354689
108.8594,1,13:01:56.581716406
108.8594,1,13:01:56.683133410
108.8594,1,13:01:56.784528872
108.8594,1,13:01:56.885875472
108.8594,1,13:01:56.987268108
108.8594,30,13:01:57.085859369
108.8594,1,13:01:57.088698556
108.8594,1,13:01:57.190022524
108.8594,1,13:01:57.291422319
108.8594,1,13:01:57.392894266
108.8594,1,13:01:57.494329220
108.8594,1,13:01:57.595692810
108.8594,1,13:01:57.697035484
108.8438,200,13:01:57.736690369
108.8594,10,13:01:57.782716435
108.8594,1,13:01:57.798431148
108.8594,1,13:01:57.899876960
108.8594,1,13:01:58.001207887
108.8594,1,13:01:58.102595256
108.8594,1,13:01:58.203844569
108.8594,1,13:01:58.305212127
108.8594,1,13:01:58.406549796
108.8594,1,13:01:58.507918170
108.8594,1,13:01:58.609196510
108.8594,1,13:01:58.710594779
108.8594,1,13:01:58.811914179
108.8594,1,13:01:58.913333475
108.8594,1,13:01:59.014629022
108.8594,1,13:01:59.116096019
108.8594,1,13:01:59.217359347
108.8594,1,13:01:59.318858710
108.8594,1,13:01:59.420228153
108.8594,1,13:01:59.521538654
108.8438,5,13:01:59.548840579
108.8594,1,13:01:59.622858041
108.8594,1,13:01:59.724191745
108.8594,1,13:01:59.825594231
108.8438,60,13:01:59.916473882
108.8438,1,13:01:59.916603808
108.8438,4,13:01:59.916767053
108.8438,4,13:01:59.917319935
108.8438,7,13:01:59.917395120
108.8438,2,13:01:59.917474920
108.8438,8,13:01:59.918538698
108.8438,1,13:01:59.918668861
108.8438,5,13:01:59.918950662
108.8438,5,13:01:59.919058904
108.8438,2,13:01:59.919375717
108.8438,1,13:01:59.919961386
108.8438,1,13:01:59.920396189
108.8438,1,13:01:59.920467115
108.8438,1,13:01:59.926865407
108.8438,1,13:01:59.977532827
108.8438,1,13:01:59.980116031
108.8438,1,13:02:00.000862807
108.8438,1,13:02:00.019160833
108.8438,1,13:02:00.028217886
108.8438,9,13:02:00.028413641
108.8438,1,13:02:00.028461433
108.8438,1,13:02:00.028648922
108.8438,1,13:02:00.078930597
108.8438,1,13:02:00.129621067
108.8438,1,13:02:00.180370524
108.8438,1,13:02:00.230979732
108.8438,4,13:02:00.231251907
108.8438,1,13:02:00.281740521
108.8438,1,13:02:00.332343863
108.8438,1,13:02:00.383095231
108.8438,1,13:02:00.433730938
108.8438,1,13:02:00.484444151
108.8438,1,13:02:00.535122430
108.8438,1,13:02:00.585838219
108.8438,1,13:02:00.636540795
108.8438,1,13:02:00.687262571
108.8438,1,13:02:00.737920541
108.8438,1,13:02:00.788616552
108.8438,1,13:02:00.800468013
108.8438,1,13:02:00.839326723
108.8438,1,13:02:00.889982664
108.8438,1,13:02:00.940680735
108.8438,1,13:02:00.991304714
108.8438,1,13:02:01.042024165
108.8438,1,13:02:01.092740296
108.8438,1,13:02:01.143448560
108.8438,1,13:02:01.194095716
108.8438,1,13:02:01.244754978
108.8438,1,13:02:01.295482949
108.8438,1,13:02:01.346138918
108.8438,1,13:02:01.396879132
108.8438,1,13:02:01.447514691
108.8438,1,13:02:01.498220562
108.8438,1,13:02:01.548898787
108.8438,1,13:02:01.599574193
108.8438,8,13:02:03.740747484
108.8438,1,13:02:03.980610060
108.8438,187,13:02:03.981188798
108.8438,13,13:02:03.991179105
108.8438,12,13:02:03.991782480
108.8438,1,13:02:03.992629872
108.8438,17,13:02:03.992858661
108.8438,2,13:02:03.996355285
108.8438,1,13:02:03.996621703
108.8438,1,13:02:03.996694828
108.8438,5,13:02:03.996917805
108.8438,1,13:02:04.782106072
108.8438,3,13:02:04.791465479
108.8438,9,13:02:04.792209901
108.8438,7,13:02:04.793391611
108.8438,1,13:02:04.793822464
108.8594,175,13:02:04.923158451
108.8438,44,13:02:05.306315938
108.8438,14,13:02:05.307227996
108.8438,147,13:02:05.307924057
108.8438,1,13:02:05.307951233
108.8438,3,13:02:05.307986296
108.8438,100,13:02:06.128650632
108.8594,9,13:02:06.248069995
108.8438,1,13:02:07.079059939
108.8438,4,13:02:07.142262591
108.8438,49,13:02:07.742053495
108.8438,13,13:02:07.746476895
108.8438,1,13:02:07.751641370
108.8594,100,13:02:07.769168033
108.8438,10,13:02:08.163858959
108.8594,1,13:02:10.044475960
108.8594,7,13:02:10.868791914
108.8438,30,13:02:11.816176033
108.8438,20,13:02:12.610255517
108.8438,24,13:02:12.631046962
108.8438,25,13:02:12.652004139
108.8438,24,13:02:12.672800861
108.8438,4,13:02:13.437098360
108.8438,6,13:02:13.548212806
108.8438,324,13:02:16.038658456
108.8438,2,13:02:16.040473311
108.8438,9,13:02:16.040767865
108.8438,1,13:02:16.042418308
108.8438,1,13:02:16.042463109
108.8438,1,13:02:16.042519484
108.8438,1,13:02:16.042623589
108.8438,95,13:02:16.042675766
108.8438,1,13:02:16.042862201
108.8438,28,13:02:16.042984053
108.8438,1,13:02:16.043479481
108.8438,30,13:02:16.197678592
108.8438,1,13:02:16.197958508
108.8438,1,13:02:17.022209039
108.8438,341,13:02:17.529479033
108.8438,15,13:02:17.529759650
108.8438,1,13:02:17.531036040
108.8438,86,13:02:17.531198831
108.8438,1,13:02:17.531322052
108.8438,44,13:02:17.531507733
108.8438,3,13:02:17.531765856
108.8438,1,13:02:17.533394613
108.8438,1,13:02:17.549056351
108.8438,2,13:02:17.550217258
108.8438,3,13:02:17.582609960
108.8438,3,13:02:17.601623254
108.8438,1,13:02:18.393821928
108.8438,33,13:02:18.434221872
108.8438,12,13:02:18.435135894
108.8438,1,13:02:18.435539041
108.8438,1,13:02:18.435737672
108.8438,1,13:02:18.435755273
108.8438,1,13:02:18.435895061
108.8438,43,13:02:18.436041384
108.8438,1,13:02:18.436306852
108.8438,1,13:02:19.300129393
108.8438,1,13:02:19.300372596
108.8438,2,13:02:20.139530689
108.8438,2,13:02:20.139774371
108.8438,1,13:02:20.149055649
108.8438,17,13:02:20.463445318
108.8438,1,13:02:20.463738850
108.8438,1,13:02:20.463824160
108.8438,82,13:02:20.873367222
108.8438,1,13:02:20.876030464
108.8594,6,13:02:20.969029124
108.8438,4,13:02:21.176978291
108.8594,1,13:02:22.018304513
108.8438,6,13:02:22.022894210
108.8594,1,13:02:22.096037856
108.8438,5,13:02:23.388312638
108.8438,5,13:02:23.389925746
108.8438,6,13:02:23.391965473
108.8438,6,13:02:23.393968873
108.8438,6,13:02:23.396010604
108.8438,5,13:02:23.397973891
108.8438,6,13:02:23.399807346
108.8438,6,13:02:23.401623914
108.8438,6,13:02:23.403621266
108.8438,5,13:02:23.405281289
108.8438,6,13:02:23.407319525
108.8438,6,13:02:23.409015608
108.8438,5,13:02:23.411527917
108.8438,6,13:02:23.423748211
108.8438,6,13:02:23.425756754
108.8438,6,13:02:23.427987055
108.8438,5,13:02:23.429874626
108.8438,6,13:02:23.431675516
108.8438,6,13:02:23.433434710
108.8438,480,13:02:24.088864537
108.8438,2,13:02:24.089909067
108.8438,3,13:02:24.091850191
108.8438,15,13:02:24.092909367
108.8438,9,13:02:24.094797213
108.8438,1,13:02:24.094852751
108.8438,5,13:02:24.094877846
108.8438,1,13:02:24.095218931
108.8438,34,13:02:24.095373861
108.8438,1,13:02:24.096280984
108.8438,1,13:02:24.096315852
108.8438,150,13:02:24.924295532
108.8438,1,13:02:24.924376480
108.8438,16,13:02:24.924606728
108.8438,2,13:02:24.924635190
108.8438,1,13:02:24.924690317
108.8438,16,13:02:24.924740260
108.8438,3,13:02:24.925824366
108.8438,7,13:02:24.926040616
108.8438,36,13:02:24.926262778
108.8438,36,13:02:24.926435952
108.8438,7,13:02:24.926465716
108.8438,1,13:02:24.927103674
108.8438,1,13:02:24.928026032
108.8438,32,13:02:24.928238740
108.8438,6,13:02:24.930290439
108.8438,25,13:02:25.834068827
108.8438,1,13:02:25.834438146
108.8438,99,13:02:26.252927791
108.8438,3,13:02:26.253261608
108.8438,10,13:02:26.253386847
108.8438,1,13:02:26.254587952
108.8438,1,13:02:26.254708342
108.8438,6,13:02:26.254865081
108.8438,3,13:02:26.255210762
108.8438,5,13:02:26.255309672
108.8438,2,13:02:26.256946777
108.8438,1,13:02:26.257115805
108.8438,21,13:02:26.257233656
108.8438,3,13:02:26.257451645
108.8438,1,13:02:26.258462203
108.8438,5,13:02:26.258970012
108.8438,5,13:02:26.259182515
108.8438,1,13:02:26.528133957
108.8438,1,13:02:26.528508557
108.8438,3,13:02:26.528630131
108.8438,2,13:02:26.528945020
108.8438,42,13:02:26.529134330
108.8438,23,13:02:26.529168074
108.8438,1,13:02:26.529506241
108.8438,1,13:02:27.215247679
108.8438,16,13:02:27.215614470
108.8438,1,13:02:27.215776096
108.8438,1,13:02:27.215901410
108.8438,12,13:02:27.216011793
108.8438,1,13:02:27.216100662
108.8438,1,13:02:27.216518538
108.8438,1,13:02:27.216709548
108.8438,7,13:02:27.217126485
108.8438,1,13:02:27.217451813
108.8438,1,13:02:27.217815234
108.8438,5,13:02:27.403068371
108.8438,1,13:02:27.891184982
108.8438,2,13:02:28.217384314
108.8438,2,13:02:28.217852871
108.8438,1,13:02:28.232271836
108.8438,40,13:02:28.353309892
108.8438,500,13:02:30.000353743
108.8438,1,13:02:30.000780766
108.8438,1,13:02:30.001098910
108.8438,1,13:02:30.001469749
108.8438,3,13:02:30.001530518
108.8438,1,13:02:30.001551162
108.8594,1,13:02:31.868186355
108.8594,1,13:02:35.106302945
108.8594,1210,13:02:37.668732460
108.8594,1,13:02:37.673854517
108.8594,5,13:02:37.674986166
108.8594,3,13:02:37.679767683
108.8594,17,13:02:37.689219952
108.8594,32,13:02:37.697164489
108.8594,1,13:02:37.697381524
108.8594,16,13:02:37.697523242
108.8594,2,13:02:37.697567099
108.8594,34,13:02:37.697709163
108.8594,42,13:02:37.698713679
108.8594,7,13:02:37.698774157
108.8594,1,13:02:37.699305915
108.8594,1,13:02:37.699341925
108.8594,22,13:02:37.700366473
108.8594,1,13:02:37.700577394
108.8594,120,13:02:37.701125708
108.8594,9,13:02:37.701802186
108.8594,3,13:02:37.738179499
108.8594,30,13:02:37.738451751
108.8594,1,13:02:37.738673788
108.8594,1,13:02:37.738705250
108.8594,26,13:02:37.894271338
108.8594,1,13:02:37.894438894
108.8594,25,13:02:37.894552464
108.8594,1,13:02:37.894586564
108.8594,1,13:02:37.894723488
108.8594,1,13:02:38.769338777
108.8594,1,13:02:38.976988663
108.8594,1,13:02:40.247657403
108.8594,3,13:02:40.271839662
108.8594,2,13:02:40.494617609
108.8594,1,13:02:42.260812607
108.8594,9,13:02:42.700400251
108.8594,1,13:02:44.205962368
108.8594,1,13:02:45.667940628
108.8594,11,13:02:48.035348664
108.8594,1,13:02:48.037065025
108.8438,4,13:02:48.198721576
108.8438,11,13:02:48.318298984
108.8594,9,13:02:57.042845403
108.8438,4,13:02:57.915116441
108.8438,1,13:03:03.825880281
108.8438,10,13:03:12.854809284
108.8438,3,13:03:24.626146831
108.8594,74,13:03:31.613051117
108.8594,6,13:03:42.455610415
108.8438,5,13:03:45.621121563
108.8438,5,13:03:50.231289948
108.8594,25,13:04:07.970869534
108.8594,13,13:04:14.446463944
108.8594,5,13:04:15.257201129
108.8438,1,13:04:17.205145463
108.8438,1,13:04:28.071855637
108.8594,6,13:04:34.661241592
108.8594,7,13:04:34.692244555
108.8594,6,13:04:34.719257779
108.8594,6,13:04:34.750248990
108.8594,6,13:04:34.777325848
108.8594,6,13:04:34.812377104
108.8594,6,13:04:34.839388505
108.8594,6,13:04:34.866322897
108.8594,6,13:04:34.899412404
108.8594,6,13:04:34.928391864
108.8594,6,13:04:34.959383454
108.8594,6,13:04:34.989401243
108.8594,6,13:04:35.018680280
108.8594,1,13:04:35.027028243
108.8594,4,13:04:35.027150121
108.8594,7,13:04:35.085575587
108.8594,6,13:04:36.224150215
108.8594,4,13:04:36.752058022
108.8594,47,13:04:36.753038609
108.8594,2,13:04:36.753501194
108.8594,2,13:04:36.753592460
108.8594,1,13:04:36.753654028
108.8594,52,13:04:36.753747921
108.8594,1,13:04:36.753787594
108.8594,4,13:04:36.754044325
108.8594,1,13:04:36.754392063
108.8594,3,13:04:36.754563977
108.8594,1,13:04:36.754985287
108.8594,2,13:04:36.755025976
108.8594,3,13:04:36.755072802
108.8594,3,13:04:36.755089292
108.8594,1,13:04:36.756205469
108.8594,91,13:04:36.756448089
108.8594,1,13:04:36.757307936
108.8594,56,13:04:36.757336036
108.8594,1,13:04:36.757920742
108.8594,1,13:04:36.758235427
108.8594,1,13:04:36.758818968
108.8594,5,13:04:36.759270247
108.8594,1,13:04:36.761982750
108.8594,5,13:04:36.762144235
108.8594,4,13:04:36.762371625
108.8594,2,13:04:36.762605521
108.8594,20,13:04:36.762691254
108.8594,3,13:04:36.762716723
108.8594,2,13:04:36.762824761
108.8594,30,13:04:36.762844723
108.8594,20,13:04:36.763048220
108.8594,1,13:04:36.763136757
108.8594,1,13:04:36.763235464
108.8594,1,13:04:36.763774748
108.8594,1,13:04:36.771433743
108.8594,1,13:04:36.794205977
108.8594,2,13:04:36.806588936
108.8594,3,13:04:36.828171292
108.8594,2,13:04:36.829862578
108.8594,1,13:04:36.851171153
108.8594,1,13:04:36.853410644
108.8594,1,13:04:36.875058961
108.8594,3,13:04:36.896100487
108.8594,1,13:04:36.896616242
108.8594,3,13:04:36.896644230
108.8594,2,13:04:36.896709997
108.8594,118,13:04:36.897188621
108.8594,1,13:04:36.897425634
108.8594,1,13:04:36.897566913
108.8594,1,13:04:36.897637843
108.8594,6,13:04:36.897766598
108.8594,1,13:04:36.897935081
108.8594,1,13:04:36.904664692
108.8594,1,13:04:36.905107472
108.8594,1,13:04:36.909112554
108.8594,2,13:04:36.909208821
108.8594,10,13:04:36.909653928
108.8594,1,13:04:36.909878195
108.8594,2,13:04:36.910398855
108.8594,5,13:04:36.916890166
108.8594,4,13:04:36.936380721
108.8594,6,13:04:36.939490479
108.8594,2,13:04:36.953649749
108.8594,1,13:04:36.956738154
108.8594,1,13:04:36.969216974
108.8594,5,13:04:36.984451912
108.8594,4,13:04:36.985656276
108.8594,1,13:04:36.998142544
108.8594,1,13:04:37.021487329
108.8594,5,13:04:37.054529462
108.8594,1,13:04:37.221620485
108.8594,6,13:04:37.228604485
108.8594,6,13:04:37.260637243
108.8594,6,13:04:37.289660748
108.8594,6,13:04:37.317634935
108.8594,6,13:04:37.347655350
108.8594,6,13:04:37.376639849
108.8594,50,13:04:37.382296922
108.8594,6,13:04:37.403690923
108.8594,7,13:04:37.431712929
108.8594,6,13:04:37.461707986
108.8594,6,13:04:37.490756756
108.8594,6,13:04:37.519776807
108.8594,6,13:04:37.546764956
108.8594,6,13:04:37.575777789
108.8594,6,13:04:37.601808196
108.8594,6,13:04:37.630799800
108.8594,6,13:04:37.659842918
108.8594,6,13:04:37.687880710
108.8594,6,13:04:37.716929281
108.8594,6,13:04:37.745869702
108.8594,7,13:04:37.774908484
108.8594,6,13:04:37.801907539
108.8594,6,13:04:37.827929188
108.8594,6,13:04:37.856914532
108.8438,100,13:04:38.110102268
108.8594,6,13:04:38.389299510
108.8594,6,13:04:38.417235918
108.8594,6,13:04:38.445255034
108.8594,250,13:05:00.006845197
108.8594,3,13:05:00.008017531
108.8594,4,13:05:00.008074121
108.8594,1,13:05:00.037143449
108.8594,1,13:05:03.290095563
108.8594,1,13:05:03.292666840
108.8594,1,13:05:04.638407157
108.8594,10,13:05:04.639056319
108.8594,1,13:05:04.641126716
108.8594,6,13:05:04.642717347
108.8594,51,13:05:04.771562849
108.8594,1,13:05:04.772420042
108.8594,46,13:05:04.772448106
108.8594,7,13:05:04.772637127
108.8594,3,13:05:04.772657924
108.8594,337,13:05:04.772708972
108.8594,45,13:05:04.772734701
108.8594,94,13:05:04.772757747
108.8594,24,13:05:04.772816421
108.8594,3,13:05:04.772909085
108.8594,9,13:05:04.772930062
108.8594,282,13:05:04.773073604
108.8594,1,13:05:04.773116769
108.8594,1,13:05:04.773150197
108.8594,1,13:05:04.773180044
108.8594,1,13:05:04.773236359
108.8594,1,13:05:04.773267083
108.8594,1,13:05:04.773341055
108.8594,1,13:05:04.773416481
108.8594,1,13:05:04.773420648
108.8594,1,13:05:04.773449486
108.8594,1,13:05:04.773490713
108.8594,1,13:05:04.773511318
108.8594,1,13:05:04.773543949
108.8594,1,13:05:04.773618757
108.8594,1,13:05:04.773657027
108.8594,1,13:05:04.773717004
108.8594,1,13:05:04.773778113
108.8594,1,13:05:04.773894123
108.8594,1,13:05:04.773920814
108.8594,3,13:05:04.773964646
108.8594,20,13:05:04.774060017
108.8594,1,13:05:04.774060017
108.8594,1,13:05:04.774112614
108.8594,1,13:05:04.774165610
108.8594,1,13:05:04.774218866
108.8594,4,13:05:04.774243275
108.8594,1,13:05:04.774330170
108.8594,10,13:05:04.774356660
108.8594,6,13:05:04.774403749
108.8594,3,13:05:04.774436521
108.8594,10,13:05:04.774475779
108.8594,4,13:05:04.774559346
108.8594,3,13:05:04.774590844
108.8594,2,13:05:04.774622371
108.8594,2,13:05:04.774674059
108.8594,44,13:05:04.774715736
108.8594,2,13:05:04.774809079
108.8594,6,13:05:04.774839155
108.8594,1,13:05:04.774862266
108.8594,2,13:05:04.774894901
108.8594,8,13:05:04.775056105
108.8594,4,13:05:04.775076550
108.8594,83,13:05:04.775103456
108.8594,28,13:05:04.775103456
108.8594,6,13:05:04.775180923
108.8594,29,13:05:04.775203928
108.8594,4,13:05:04.775235539
108.8594,3,13:05:04.775259888
108.8594,2,13:05:04.775305543
108.8594,31,13:05:04.775359516
108.8594,2,13:05:04.775450941
108.8594,1,13:05:04.775570111
108.8594,1,13:05:04.775598541
108.8594,1,13:05:04.775624279
108.8594,3,13:05:04.775676588
108.8594,38,13:05:04.775705923
108.8594,8,13:05:04.775855433
108.8594,1,13:05:04.775914928
108.8594,1,13:05:04.775939043
108.8594,1,13:05:04.775987940
108.8594,24,13:05:04.776042512
108.8594,102,13:05:04.776064272
108.8594,94,13:05:04.776119041
108.8594,2,13:05:04.776147339
108.8594,3,13:05:04.776245374
108.8594,3,13:05:04.776282997
108.8594,20,13:05:04.776340393
108.8594,40,13:05:04.776394084
108.8594,289,13:05:04.776643979
108.8594,3,13:05:04.778067260
108.8594,3,13:05:04.778105881
108.8594,2,13:05:04.778147625
108.8594,1,13:05:04.780867428
108.8594,12,13:05:04.781132127
108.8594,1,13:05:04.781291187
108.8594,1,13:05:04.781456530
108.8594,1,13:05:04.781628973
108.8594,1,13:05:04.781649294
108.8594,1,13:05:04.781894204
108.8594,1,13:05:04.781912041
108.8594,1,13:05:04.781954957
108.8594,1,13:05:04.781976478
108.875,10,13:05:04.801322724
108.8594,10,13:05:04.803508626
108.875,2,13:05:04.845993342
108.875,5,13:05:05.106368464
108.875,5,13:05:05.568734134
108.875,1,13:05:09.531531706
108.875,1,13:05:16.354425507
108.875,3,13:05:16.477623462
108.875,7,13:05:16.510331617
108.875,2,13:05:16.511022540
108.875,15,13:05:23.008132719
108.8594,47,13:05:23.777436628
108.8594,51,13:05:23.777485684
108.8594,47,13:05:23.777546812
108.8594,51,13:05:23.778096270
108.8594,80,13:05:23.778735374
108.8594,3,13:05:23.778844883
108.8594,51,13:05:23.778992073
108.8594,94,13:05:23.779291429
108.8594,74,13:05:23.780040830
108.8594,1,13:05:23.780085590
108.8594,1,13:05:23.780108547
108.8594,47,13:05:23.780216322
108.8594,2,13:05:23.780342910
108.8594,124,13:05:23.780539169
108.8594,3,13:05:23.780668481
108.8594,3,13:05:23.781260599
108.8594,3,13:05:23.781698972
108.8594,6,13:05:23.782273042
108.8594,3,13:05:23.782459705
108.8594,3,13:05:23.787349816
108.8594,2,13:05:23.787857838
108.8594,2,13:05:23.788168936
108.8594,2,13:05:25.253307558
108.8594,86,13:05:25.262808123
108.8594,1,13:05:25.262877430
108.8594,1,13:05:25.262950718
108.8594,128,13:05:25.263633564
108.8594,1100,13:05:25.264241983
108.8594,1,13:05:25.266116605
108.8594,7,13:05:25.266184748
108.8594,2,13:05:25.266236886
108.8594,41,13:05:25.266506002
108.8594,1,13:05:25.273299534
108.8594,7,13:05:25.273316760
108.8594,1,13:05:25.274167542
108.8594,1,13:05:25.274438197
108.8594,10,13:05:25.275088644
108.8594,3,13:05:25.283836818
108.8594,13,13:05:25.285016708
108.8594,2,13:05:25.285475936
108.8594,47,13:05:25.285808554
108.8594,15,13:05:25.285840996
108.8594,1,13:05:25.285952525
108.8594,1,13:05:25.285979854
108.8594,1,13:05:25.286504750
108.8594,2,13:05:25.286623025
108.8594,3,13:05:25.286646187
108.8594,1,13:05:25.286802366
108.8594,77,13:05:25.286919744
108.8594,1,13:05:25.288798781
108.875,1,13:05:25.342038303
108.8594,235,13:05:32.786639202
108.8594,1,13:05:32.787243557
108.8594,1,13:05:32.787309539
108.8594,1,13:05:32.787385300
108.8594,1,13:05:32.787661161
108.875,93,13:05:46.204746282
108.875,16,13:05:48.047190997
108.8594,2,13:05:50.068097309
108.8594,10,13:05:51.450164266
108.8594,1,13:05:51.451801704
108.8594,1,13:05:51.452146530
108.8594,2,13:05:51.458346540
108.8594,370,13:05:51.486726148
108.8594,1,13:05:51.487737576
108.8594,1,13:05:51.488011390
108.8594,1,13:05:51.488073410
108.8594,1,13:05:51.488157831
108.8594,100,13:05:51.488292743
108.8594,3,13:05:51.488426268
108.8594,3,13:05:51.488452067
108.8594,3,13:05:51.488482346
108.8594,1,13:05:51.488535736
108.8594,2,13:05:51.488567071
108.8594,1,13:05:51.488601356
108.8594,5,13:05:51.488813608
108.8594,2,13:05:51.489010552
108.8594,51,13:05:51.489397372
108.8594,10,13:05:51.490549976
108.8594,8,13:05:51.490614584
108.8594,2,13:05:51.490628879
108.8594,1,13:05:51.491144077
108.8594,7,13:05:51.491960759
108.8594,1,13:05:51.493760635
108.8594,1,13:05:51.493938895
108.8594,49,13:05:51.494274033
108.8594,7,13:05:51.494308508
108.8594,10,13:05:51.494323884
108.8594,10,13:05:51.494769193
108.8594,1,13:05:51.496066080
108.8594,2,13:05:51.496329314
108.8594,1,13:05:51.497446604
108.8594,3,13:05:51.529191851
108.8594,50,13:05:52.886222621
108.8594,3,13:06:01.783043642
108.8594,2,13:06:04.062035017
108.8594,1,13:06:04.062058672
108.8594,1,13:06:04.834123233
108.8594,1,13:06:05.568837199
108.8594,2,13:06:07.183256674
108.8594,25,13:06:07.640679031
108.8594,1,13:06:08.166999332
108.8594,2,13:06:09.424970567
108.8594,1,13:06:10.056329584
108.8594,5,13:06:13.583930003
108.8594,2,13:06:15.713146244
108.8594,1,13:06:16.462855531
108.8594,1,13:06:17.881485542
108.8594,1,13:06:18.669829763
108.8594,9,13:06:24.263279763
108.8594,200,13:06:27.009194256
108.8594,1,13:06:27.045032085
108.8594,1,13:06:27.593561039
108.8594,1,13:06:28.346247044
108.8594,11,13:06:30.098847064
108.8594,6,13:06:30.098989198
108.8594,7,13:06:30.099220009
108.8594,2,13:06:30.099328075
108.8594,2,13:06:30.101000256
108.8594,1,13:06:30.967414120
108.8594,1,13:06:31.586106470
108.8594,1,13:06:31.891092395
108.8438,10,13:06:34.071508761
108.8594,1,13:06:34.662724614
108.8594,1,13:06:34.663087511
108.8594,20,13:06:34.663413543
108.8594,73,13:06:34.663678213
108.8594,1,13:06:34.664288633
108.8594,51,13:06:34.664516317
108.8594,2,13:06:34.664890206
108.8594,1,13:06:34.665028971
108.8594,4,13:06:34.665436857
108.8594,1,13:06:34.665704834
108.8594,74,13:06:34.665810177
108.8594,2,13:06:34.665880632
108.8594,5,13:06:34.666186124
108.8594,2,13:06:34.666756241
108.8594,55,13:06:34.666784385
108.8594,4,13:06:34.666924209
108.8594,3,13:06:34.667193078
108.8594,1,13:06:34.667333318
108.8594,3,13:06:34.667356214
108.8594,4,13:06:34.667574801
108.8594,10,13:06:34.668043095
108.8594,2,13:06:34.668540843
108.8594,1,13:06:34.668912156
108.8594,37,13:06:34.668953965
108.8594,3,13:06:34.668981610
108.8594,1,13:06:34.669079782
108.8594,1,13:06:34.669136292
108.8594,4,13:06:34.669221823
108.8594,1,13:06:34.669365972
108.8594,1,13:06:34.670207842
108.8594,82,13:06:34.670316760
108.8594,44,13:06:34.670670719
108.8594,1,13:06:34.671323741
108.8594,1,13:06:34.671553809
108.8594,50,13:06:34.671876718
108.8594,1,13:06:34.672067928
108.8594,1,13:06:34.672092277
108.8594,2,13:06:34.672116352
108.8594,1,13:06:34.672696327
108.8594,9,13:06:34.672940349
108.8594,1,13:06:34.673002597
108.8594,1,13:06:34.673450043
108.8594,1,13:06:34.673470936
108.8594,1,13:06:34.673524838
108.8594,2,13:06:34.673718272
108.8594,1,13:06:34.673744307
108.8594,209,13:06:34.673777175
108.8594,1,13:06:34.675898239
108.8594,1,13:06:34.675917702
108.8594,1,13:06:34.675938419
108.8594,1,13:06:34.676348811
108.8594,1,13:06:34.676442048
108.8594,1,13:06:34.676536265
108.8594,1,13:06:34.676582796
108.8594,1,13:06:34.676604806
108.8594,33,13:06:34.676691141
108.8594,1,13:06:34.676975624
108.8594,1,13:06:34.676995531
108.8594,1,13:06:34.677022328
108.8594,4,13:06:34.677043487
108.8594,45,13:06:34.677062051
108.8594,6,13:06:34.679287058
108.8594,1,13:06:34.679333892
108.8594,7,13:06:34.679424690
108.8594,1,13:06:34.679516267
108.8594,26,13:06:34.679796948
108.8594,33,13:06:34.680010027
108.8594,6,13:06:34.680038552
108.8594,1,13:06:34.680065004
108.8594,1,13:06:34.680115783
108.8594,20,13:06:34.680175647
108.8594,1,13:06:34.680500226
108.8594,3,13:06:34.681988509
108.8594,2,13:06:34.682011504
108.8594,9,13:06:34.682031274
108.8594,24,13:06:34.682068203
108.8594,1,13:06:34.683486545
108.8594,1,13:06:34.683596067
108.8594,3,13:06:34.683676235
108.8594,1,13:06:34.683757107
108.8594,1,13:06:34.683806721
108.8594,1,13:06:34.684668937
108.8594,1,13:06:34.705750660
108.8594,1,13:06:34.728650800
108.8594,3,13:06:34.731852587
108.8594,3,13:06:34.745722785
108.8594,1,13:06:34.816122681
108.8594,16,13:06:36.232518962
108.8594,1,13:06:36.232670558
108.8594,1,13:06:36.232721836
108.8594,6,13:06:36.233299793
108.8594,1,13:06:36.234704253
108.8594,30,13:06:36.234955712
108.8594,1,13:06:36.235952655
108.8594,100,13:06:37.702460507
108.8594,1,13:06:37.702782162
108.8594,417,13:06:38.113435384
108.8594,136,13:06:38.118354631
108.8594,1,13:06:38.121772990
108.8594,1,13:06:38.124048803
108.8594,1,13:06:38.128621576
108.8594,1,13:06:38.129048986
108.8594,1,13:06:38.709164316
108.8594,6,13:06:39.390043859
108.8594,1,13:06:41.443896951
108.8594,1,13:06:42.195089410
108.8594,1,13:06:42.197465138
108.8594,1,13:06:42.200458773
108.8594,2,13:06:42.217953384
108.8594,2,13:06:44.003384430
108.8594,1,13:06:44.056050076
108.8594,350,13:06:44.109552695
108.8594,19,13:06:44.110445290
108.8594,7,13:06:50.276737474
108.8594,14,13:06:50.276946476
108.8594,21,13:06:50.277396136
108.8594,7,13:06:50.277609801
108.8594,1,13:06:50.277675562
108.8594,1,13:06:50.277749400
108.8594,1,13:06:50.277817799
108.8594,7,13:06:50.277955530
108.8594,1,13:06:50.278536803
108.8594,1,13:06:50.279237863
108.8594,21,13:06:50.279591646
108.8594,185,13:06:50.313543701
108.8594,1,13:06:59.237222355
108.875,1,13:07:03.542543271
108.875,2,13:07:03.542557108
108.875,4,13:07:07.155759791
108.875,2,13:07:27.254507809
108.875,43,13:07:27.255112453
108.875,37,13:07:27.255151625
108.875,2,13:07:27.255199741
108.875,3,13:07:27.255218042
108.875,3,13:07:27.255238001
108.875,492,13:07:27.255674783
108.875,2,13:07:27.256011498
108.875,2,13:07:27.256194961
108.875,6,13:07:27.256257525
108.875,1,13:07:27.256313808
108.875,1,13:07:27.256357662
108.875,30,13:07:27.256550926
108.875,3,13:07:27.256688167
108.875,1,13:07:27.256795113
108.875,8,13:07:27.256902427
108.875,2,13:07:27.256947849
108.875,43,13:07:27.257214745
108.875,1,13:07:27.257464337
108.875,92,13:07:27.257654312
108.875,32,13:07:27.257688616
108.875,2,13:07:27.257911018
108.875,13,13:07:27.257944986
108.875,150,13:07:27.257997662
108.875,20,13:07:27.258020654
108.875,1,13:07:27.258050556
108.875,1,13:07:27.258071023
108.875,20,13:07:27.258148978
108.875,4,13:07:27.258209251
108.875,2,13:07:27.258262043
108.875,2,13:07:27.258293179
108.875,2,13:07:27.258472024
108.875,3,13:07:27.258660022
108.875,6,13:07:27.258692010
108.875,4,13:07:27.258723921
108.875,7,13:07:27.258953528
108.875,1,13:07:27.259263233
108.875,1,13:07:27.259342298
108.875,12,13:07:27.259366302
108.875,1,13:07:27.259454505
108.875,1,13:07:27.259498307
108.875,1,13:07:27.259695428
108.875,1,13:07:27.259739896
108.875,1,13:07:27.259767583
108.875,178,13:07:27.259919100
108.875,20,13:07:27.261149287
108.875,1,13:07:27.261310711
108.875,1,13:07:27.261577443
108.875,1,13:07:27.261601369
108.875,1,13:07:27.261624627
108.875,1,13:07:27.261649261
108.875,1,13:07:27.261669237
108.875,1,13:07:27.261697632
108.875,1,13:07:27.261748909
108.875,1,13:07:27.261768548
108.875,1,13:07:27.261790875
108.875,2,13:07:27.261878762
108.875,75,13:07:27.261916890
108.875,1,13:07:27.263045620
108.875,1,13:07:27.264645908
108.875,1,13:07:27.264905894
108.875,2,13:07:27.264927524
108.875,1,13:07:27.264951070
108.875,1,13:07:27.265019292
108.875,3,13:07:27.265214617
108.875,25,13:07:27.265295941
108.875,1,13:07:27.265582538
108.875,3,13:07:27.265771877
108.875,1,13:07:27.265791215
108.875,1,13:07:27.266167155
108.875,2,13:07:27.266884197
108.875,36,13:07:27.267407989
108.875,2,13:07:27.268298922
108.875,5,13:07:27.329077791
108.875,2,13:07:29.617808872
108.875,10,13:07:32.363356265
108.8906,1,13:07:36.736632469
108.8906,2,13:07:36.736645730
108.8906,1,13:07:36.736812025
108.8906,1,13:07:36.873349093
108.8906,1,13:07:37.137814979
108.8906,1,13:07:38.536786028
108.8906,309,13:07:42.174885573
108.8906,1,13:07:44.478009696
108.8906,3,13:07:46.226100705
108.8906,3,13:07:48.689823304
108.8906,5,13:07:54.377774668
108.8906,2,13:07:54.377882062
108.8906,1,13:07:54.552884691
108.875,2,13:07:55.900830696
108.8906,1,13:08:01.902019568
108.8906,1,13:08:02.235454668
108.875,1,13:08:02.688172723
108.8906,1,13:08:02.690859731
108.8906,33,13:08:04.285799036
108.8906,1,13:08:04.286067259
108.8906,30,13:08:04.286484201
108.8906,1,13:08:04.286872768
108.8906,7,13:08:04.286947177
108.8906,1,13:08:04.287000970
108.8906,1,13:08:04.287298893
108.8906,5,13:08:04.294498976
108.8906,2,13:08:04.294938524
108.8906,11,13:08:04.294976631
108.8906,1,13:08:04.295525737
108.8906,47,13:08:04.295555651
108.8906,1,13:08:04.295818114
108.8906,3,13:08:04.295965492
108.8906,48,13:08:04.296334025
108.8906,47,13:08:04.296499523
108.8906,48,13:08:04.296589272
108.8906,47,13:08:04.296789907
108.8906,51,13:08:04.296816108
108.8906,51,13:08:04.296859747
108.8906,48,13:08:04.296960274
108.8906,48,13:08:04.297071979
108.8906,28,13:08:04.297212819
108.8906,25,13:08:04.297282684
108.8906,6,13:08:04.297326691
108.8906,42,13:08:04.297346621
108.8906,1,13:08:04.297426418
108.8906,60,13:08:04.297698203
108.8906,3,13:08:04.392156946
108.8906,2,13:08:04.392593230
108.8906,2,13:08:04.392614932
108.8906,3,13:08:04.392632779
108.8906,2,13:08:04.438177269
108.8906,2,13:08:04.438242914
108.8906,8,13:08:04.438423782
108.8906,5,13:08:04.438541890
108.8906,8,13:08:04.438754857
108.8906,1,13:08:04.438791847
108.8906,4,13:08:04.528574657
108.8906,4,13:08:05.242114835
108.8906,4,13:08:05.762593745
108.8906,1,13:08:05.762762301
108.8906,4,13:08:05.762986519
108.8906,23,13:08:05.788754892
108.8906,62,13:08:05.788811025
108.8906,2,13:08:05.788972097
108.8906,3,13:08:05.789041534
108.8906,75,13:08:05.789143079
108.8906,83,13:08:05.789233286
108.8906,1,13:08:05.789290190
108.8906,20,13:08:05.789339768
108.8906,1,13:08:05.789452878
108.8906,3,13:08:05.789507515
108.8906,7,13:08:05.789558211
108.8906,5,13:08:05.789667420
108.8906,11,13:08:05.789701577
108.8906,20,13:08:05.789734931
108.8906,47,13:08:05.790480165
108.8906,2,13:08:05.790620217
108.8906,10,13:08:05.790717060
108.8906,58,13:08:05.790866807
108.8906,14,13:08:05.791084043
108.8906,1,13:08:05.792497914
108.8906,1,13:08:05.793895418
108.8906,1,13:08:05.805179874
108.8906,33,13:08:06.970516530
108.8906,102,13:08:06.970847811
108.8906,1,13:08:06.971541968
108.8906,2,13:08:06.971806729
108.8906,7,13:08:06.973331419
108.8906,7,13:08:06.973462650
108.9063,1,13:08:07.168568569
108.9063,2,13:08:07.168585468
108.8906,51,13:08:11.036613242
108.8906,23,13:08:11.036934381
108.8906,1,13:08:11.039095542
108.8906,5,13:08:11.039145191
108.8906,1,13:08:11.039179438
108.8906,30,13:08:11.039372565
108.8906,1,13:08:11.039409170
108.8906,1,13:08:11.039596682
108.8906,6,13:08:11.039701737
108.8906,4,13:08:11.040609655
108.8906,2,13:08:11.041214602
108.8906,1,13:08:11.041335440
108.8906,1,13:08:11.041440718
108.8906,1,13:08:11.041683479
108.8906,23,13:08:11.041882913
108.8906,1,13:08:11.042201179
108.8906,1,13:08:11.043218665
108.8906,1,13:08:11.043369516
108.8906,63,13:08:11.338229479
108.8906,7,13:08:11.338509841
108.8906,2,13:08:11.338568863
108.8906,1,13:08:11.338580741
108.8906,5,13:08:11.338778134
108.8906,20,13:08:11.339032843
108.8906,92,13:08:11.852732700
108.8906,38,13:08:11.868931147
108.8906,1,13:08:11.869119679
108.8906,1,13:08:11.869163129
108.8906,36,13:08:11.869264968
108.8906,1,13:08:11.869289788
108.8906,1,13:08:11.869328717
108.8906,1,13:08:11.869368071
108.8906,1,13:08:11.869393569
108.8906,1,13:08:11.869419672
108.8906,1,13:08:11.869447529
108.8906,1,13:08:11.869486391
108.8906,1,13:08:11.869530141
108.8906,1,13:08:11.869587640
108.8906,1,13:08:11.869603097
108.8906,1,13:08:11.869634233
108.8906,1,13:08:11.869662938
108.8906,1,13:08:11.869694269
108.8906,1,13:08:11.869726452
108.8906,1,13:08:11.869759835
108.8906,1,13:08:11.869811493
108.8906,1,13:08:11.869875633
108.8906,1,13:08:11.869908818
108.8906,1,13:08:11.869964502
108.8906,1,13:08:11.869998458
108.8906,2,13:08:11.870167988
108.8906,1,13:08:11.870266784
108.8906,1,13:08:11.870555570
108.8906,1,13:08:11.870806865
108.8906,5,13:08:11.871433546
108.9063,1,13:08:15.717861322
108.8906,10,13:08:17.044827440
108.8906,9,13:08:17.044908895
108.8906,1,13:08:17.045055922
108.8906,9,13:08:17.222778520
108.8906,10,13:08:17.222820383
108.8906,19,13:08:17.486650303
108.8906,9,13:08:17.538710421
108.8906,10,13:08:17.543616226
108.8906,1,13:08:17.543821442
108.8906,1,13:08:17.947512592
108.8906,2,13:08:17.947621209
108.8906,115,13:08:17.948205118
108.8906,1,13:08:17.950406410
108.8906,5,13:08:17.952241999
108.8906,3,13:08:19.089387013
108.8906,250,13:08:25.767226372
108.8906,230,13:08:25.767576498
108.8906,1,13:08:25.767928332
108.8906,78,13:08:25.768414027
108.8906,1,13:08:25.768729439
108.8906,4,13:08:25.768784122
108.8906,2,13:08:25.769158789
108.8906,7,13:08:25.769251827
108.8906,47,13:08:25.771806333
108.8906,60,13:08:25.771933350
108.8906,15,13:08:25.771974839
108.8906,8,13:08:25.772096531
108.8906,1,13:08:25.772628093
108.8906,1,13:08:25.772826996
108.8906,1,13:08:25.841304756
108.8906,1,13:08:28.647643778
108.8906,1,13:08:32.028516014
108.8906,1,13:08:34.116159268
108.8906,10,13:08:37.153640858
108.8906,1,13:08:40.927961570
108.8906,94,13:08:42.281330866
108.8906,1,13:08:42.281436350
108.8906,1,13:08:42.281743121
108.8906,5,13:08:42.281840915
108.8906,91,13:08:42.282074779
108.8906,1,13:08:42.282162707
108.8906,2,13:08:42.282216375
108.8906,78,13:08:42.282493097
108.8906,15,13:08:42.283120684
108.8906,20,13:08:42.283399935
108.8906,5,13:08:42.283471252
108.8906,3,13:08:42.283549167
108.8906,55,13:08:42.284278036
108.8906,2,13:08:42.284858118
108.8906,3,13:08:42.284956805
108.8906,1,13:08:42.286732335
108.8906,119,13:08:42.286906559
108.8906,1,13:08:42.287593554
108.8906,1,13:08:42.287803688
108.8906,1,13:08:42.287866617
108.8906,1,13:08:42.288066547
108.8906,1,13:08:42.288116532
108.8906,1,13:08:42.288150907
108.8906,1,13:08:42.288243248
108.8906,4,13:08:42.288263780
108.8906,104,13:08:42.288304408
108.8906,1,13:08:42.288588302
108.8906,1,13:08:42.288616273
108.8906,3,13:08:42.289347734
108.8906,1,13:08:42.289378112
108.8906,1,13:08:42.289412097
108.8906,19,13:08:42.290167364
108.8906,20,13:08:42.290784493
108.8906,1,13:08:42.290818644
108.8906,1,13:08:42.291228067
108.8906,1,13:08:42.291444868
108.8906,1,13:08:42.291468292
108.8906,1,13:08:42.293705995
108.8906,10,13:08:42.296002284
108.8906,2,13:08:42.296159126
108.8906,25,13:08:42.330874788
108.8906,1,13:08:42.331012923
108.8906,1,13:08:42.331051051
108.8906,19,13:08:42.331187345
108.8906,5,13:08:42.331270518
108.8906,1,13:08:42.331348357
108.8906,1,13:08:42.331447117
108.8906,1,13:08:42.331708996
108.8906,51,13:08:42.355605783
108.9063,53,13:08:45.394788328
108.8906,50,13:08:46.995170345
108.9063,1000,13:08:53.725022669
108.9063,3,13:08:53.749599128
108.9063,5,13:08:54.486907417
108.9063,2,13:08:54.938828551
108.9063,1,13:09:03.994315168
108.9063,30,13:09:11.228711313
108.9063,15,13:09:13.698287185
108.9063,1,13:09:14.829171850
108.9063,15,13:09:16.118047878
108.8906,2,13:09:20.219584654
108.8906,2,13:09:20.287870543
108.8906,12,13:09:24.540510129
108.8906,2,13:09:24.540998030
108.8906,51,13:09:24.769593094
108.8906,47,13:09:24.769762221
108.8906,6,13:09:24.770003698
108.8906,240,13:09:24.770611204
108.8906,48,13:09:24.771788623
108.8906,48,13:09:24.771849366
108.8906,47,13:09:24.771946056
108.8906,10,13:09:24.772076065
108.8906,5,13:09:24.772182487
108.8906,1,13:09:24.772182487
108.8906,102,13:09:24.772416849
108.8906,48,13:09:24.772521139
108.8906,47,13:09:24.772570978
108.8906,5,13:09:24.772643975
108.8906,5,13:09:24.772852401
108.8906,23,13:09:24.772861870
108.8906,1,13:09:24.773102883
108.8906,3,13:09:24.776444422
108.8906,7,13:09:24.777536969
108.8906,1,13:09:24.845201385
108.8906,4,13:09:29.721219949
108.8906,5,13:09:30.903231415
108.875,4,13:09:45.012378301
108.875,281,13:09:46.219730548
108.875,10,13:09:47.589849023
108.875,2,13:09:51.071268806
108.875,21,13:09:51.072182392
108.875,1,13:09:51.072233478
108.875,21,13:09:51.073993933
108.875,1,13:09:51.074256703
108.875,22,13:09:51.078072440
108.875,21,13:09:51.080033459
108.875,22,13:09:51.082094873
108.875,22,13:09:51.084066813
108.875,1,13:09:51.084204793
108.875,1,13:09:51.084323721
108.875,25,13:09:52.703501788
108.875,1,13:09:52.703723837
108.875,25,13:09:52.725458178
108.875,1,13:09:52.725664848
108.875,25,13:09:52.747484105
108.875,1,13:09:52.747703559
108.875,1,13:09:52.747748398
108.875,25,13:09:52.934560365
108.875,1,13:09:52.934779067
108.875,1,13:09:52.934842275
108.875,25,13:09:57.943388049
108.875,2,13:09:57.966360870
108.875,65,13:09:58.612221216
108.875,102,13:09:58.612656341
108.875,94,13:09:58.613173491
108.875,33,13:09:58.613344089
108.875,1021,13:09:58.614106547
108.875,1,13:09:58.619355865
108.875,100,13:09:58.622217282
108.875,3,13:09:58.623626063
108.875,5,13:09:58.628132105
108.875,1,13:09:58.628450025
108.875,15,13:09:58.643694060
108.8594,10,13:10:01.052706671
108.875,45,13:10:01.434394586
108.875,1,13:10:05.389455350
108.8594,57,13:10:12.019129306
108.875,3,13:10:18.078169310
108.8594,10,13:10:19.053404358
108.8594,3,13:10:21.943005838
108.8594,94,13:10:21.943500229
108.8594,33,13:10:21.944126807
108.8594,51,13:10:21.944214998
108.8594,48,13:10:21.944643294
108.8594,51,13:10:21.944734410
108.8594,1,13:10:21.944897662
108.8594,1,13:10:21.944937823
108.8594,6,13:10:21.945155062
108.8594,131,13:10:21.945155062
108.8594,52,13:10:21.945541813
108.8594,10,13:10:21.946029777
108.8594,2,13:10:21.946029777
108.8594,3,13:10:21.946105839
108.8594,3,13:10:21.946239638
108.8594,1,13:10:21.946327309
108.8594,6,13:10:21.946471047
108.8594,13,13:10:21.946524975
108.8594,3,13:10:21.946554556
108.8594,2,13:10:21.946586966
108.8594,103,13:10:21.946675150
108.8594,1,13:10:21.946775690
108.8594,17,13:10:21.946881151
108.8594,18,13:10:21.946881151
108.8594,1,13:10:21.946960698
108.8594,8,13:10:21.947072217
108.8594,2,13:10:21.947131572
108.8594,3,13:10:21.947335256
108.8594,2,13:10:21.947335256
108.8594,94,13:10:21.947487224
108.8594,1,13:10:21.947538511
108.8594,5,13:10:21.947584260
108.8594,1,13:10:21.947615514
108.8594,1,13:10:21.947666501
108.8594,1,13:10:21.947704553
108.8594,1,13:10:21.947718422
108.8594,1,13:10:21.947737354
108.8594,1,13:10:21.947768622
108.8594,1,13:10:21.947823692
108.8594,1,13:10:21.947849727
108.8594,1,13:10:21.947872272
108.8594,1,13:10:21.947935918
108.8594,1,13:10:21.947960978
108.8594,1,13:10:21.948011929
108.8594,1,13:10:21.948038752
108.8594,1,13:10:21.948097486
108.8594,1,13:10:21.948123375
108.8594,9,13:10:21.948185433
108.8594,4,13:10:21.948217409
108.8594,8,13:10:21.948277726
108.8594,7,13:10:21.948323180
108.8594,8,13:10:21.948356685
108.8594,8,13:10:21.948385014
108.8594,8,13:10:21.948413629
108.8594,7,13:10:21.948440219
108.8594,8,13:10:21.948471029
108.8594,8,13:10:21.948505968
108.8594,8,13:10:21.948538010
108.8594,8,13:10:21.948565850
108.8594,7,13:10:21.948590785
108.8594,2,13:10:21.948626331
108.8594,8,13:10:21.948648741
108.8594,8,13:10:21.948671629
108.8594,8,13:10:21.948695296
108.8594,8,13:10:21.948732840
108.8594,7,13:10:21.948763493
108.8594,8,13:10:21.948784361
108.8594,8,13:10:21.948813110
108.8594,8,13:10:21.948840022
108.8594,7,13:10:21.948866788
108.8594,8,13:10:21.948895943
108.8594,8,13:10:21.948923787
108.8594,9,13:10:21.948988883
108.8594,1,13:10:21.949107199
108.8594,2,13:10:21.949231870
108.8594,23,13:10:21.949288323
108.8594,3,13:10:21.949366225
108.8594,33,13:10:21.949388514
108.8594,102,13:10:21.949541886
108.8594,1,13:10:21.949603974
108.8594,1,13:10:21.949685642
108.8594,80,13:10:21.949863169
108.8594,1,13:10:21.950577360
108.8594,2,13:10:21.950807960
108.8594,4,13:10:21.950972587
108.8594,1,13:10:21.951057395
108.8594,1,13:10:21.952784924
108.8594,3,13:10:21.952946332
108.8594,39,13:10:21.954316314
108.8594,50,13:10:21.955173193
108.8594,1,13:10:21.956771001
108.8594,2,13:10:21.966408306
108.8594,3,13:10:21.966450872
108.8594,4,13:10:21.966537998
108.8594,3,13:10:21.966741272
108.8594,2,13:10:21.966823514
108.8594,3,13:10:21.966849703
108.8594,2,13:10:21.966898792
108.8594,8,13:10:21.966921327
108.8594,70,13:10:21.966942419
108.8594,59,13:10:21.966970675
108.8594,3,13:10:21.966993201
108.8594,20,13:10:21.967018804
108.8594,2,13:10:21.967044718
108.8594,1,13:10:21.967062303
108.8594,50,13:10:21.967194561
108.8594,3,13:10:21.967261554
108.8594,1,13:10:21.967623341
108.8594,108,13:10:21.967694437
108.8594,1,13:10:21.967770985
108.8594,1,13:10:21.967816298
108.8594,1,13:10:21.967841823
108.8594,1,13:10:21.967904895
108.8594,1,13:10:21.967938538
108.8594,1,13:10:21.967966583
108.8594,1,13:10:21.968048457
108.8594,1,13:10:21.968406294
108.8594,1,13:10:21.968427821
108.8594,4,13:10:21.968503570
108.8594,70,13:10:21.968867600
108.8594,1,13:10:21.969356768
108.8594,1,13:10:21.969379984
108.8594,4,13:10:21.975805787
108.8594,131,13:10:21.990149083
108.8594,14,13:10:22.027650132
108.8594,200,13:10:24.298331692
108.8594,1,13:10:24.298547428
108.8594,3,13:10:24.298581540
108.8594,1,13:10:24.298620886
108.8594,1,13:10:24.298694628
108.8594,1,13:10:24.298782101
108.8594,1,13:10:24.298854890
108.8594,1,13:10:24.298927531
108.8594,1,13:10:24.298970950
108.8594,1,13:10:24.299008906
108.8594,1,13:10:24.299062929
108.8594,1,13:10:24.299099394
108.8594,1,13:10:24.299151619
108.8594,1,13:10:24.299184567
108.8594,1,13:10:24.299240081
108.8594,1,13:10:24.299281968
108.8594,1,13:10:24.299335703
108.8594,1,13:10:24.299379000
108.8594,1,13:10:24.299422799
108.8594,1,13:10:24.299484489
108.8594,1,13:10:24.299557303
108.8594,1,13:10:24.299567912
108.8594,1,13:10:24.299679246
108.8594,6,13:10:24.299679246
108.8594,2,13:10:24.299746917
108.8594,1,13:10:24.299746917
108.8594,2,13:10:24.299786906
108.8594,1,13:10:24.299861579
108.8594,1,13:10:24.299932854
108.8594,3,13:10:24.300063496
108.8594,13,13:10:24.849063924
108.8594,1,13:10:24.849226094
108.8594,47,13:10:24.849532938
108.8594,13,13:10:24.849637228
108.8594,5,13:10:24.849712939
108.8594,20,13:10:24.849750299
108.8594,1,13:10:24.849802661
108.8594,1,13:10:24.849834496
108.8594,1,13:10:24.849868129
108.8594,6,13:10:24.849904369
108.8594,51,13:10:24.849958608
108.8594,24,13:10:24.850304029
108.8594,12,13:10:24.850742623
108.8594,1,13:10:24.852548781
108.8594,1,13:10:24.852768872
108.8594,6,13:10:25.028847188
108.8594,1,13:10:25.688252359
108.8594,23,13:10:26.883331735
108.8594,1,13:10:26.883847387
108.8594,9,13:10:26.883873125
108.8594,7,13:10:26.883897222
108.8594,1,13:10:26.883923527
108.8594,1,13:10:26.883983128
108.8594,1,13:10:26.884007423
108.8594,1,13:10:26.884027561
108.8594,1,13:10:26.884052626
108.8594,3,13:10:26.884088410
108.8594,1,13:10:26.884116212
108.8594,1,13:10:26.884148075
108.8594,1,13:10:26.884177506
108.8594,1,13:10:26.884211430
108.8594,1,13:10:26.884279137
108.8594,1,13:10:26.884317473
108.8594,1,13:10:26.884348847
108.8594,1,13:10:26.884386364
108.8594,1,13:10:26.884414023
108.8594,1,13:10:26.884447812
108.8594,1,13:10:26.884483100
108.8594,1,13:10:26.884556119
108.8594,1,13:10:26.884599457
108.8594,6,13:10:26.884599457
108.8594,1,13:10:26.884623713
108.8594,1,13:10:26.884658732
108.8594,1,13:10:26.884696192
108.8594,3,13:10:26.884749213
108.8594,1,13:10:26.884749213
108.8594,1,13:10:26.884781415
108.8594,4,13:10:26.884872471
108.8594,1,13:10:26.884909591
108.8594,1,13:10:26.884968130
108.8594,1,13:10:26.885006966
108.8594,2,13:10:26.885006966
108.8594,2,13:10:26.885042707
108.8594,1,13:10:26.885064689
108.8594,1,13:10:26.885104177
108.8594,30,13:10:28.139846620
108.8594,20,13:10:28.139927785
108.8594,51,13:10:28.140264559
108.8594,20,13:10:28.140376259
108.8594,47,13:10:28.140514722
108.8594,1,13:10:28.140574221
108.8594,1,13:10:28.140640853
108.8594,1,13:10:28.140706768
108.8594,1,13:10:28.140770951
108.8594,1,13:10:28.140835401
108.8594,1,13:10:28.140890346
108.8594,1,13:10:28.140940398
108.8594,1,13:10:28.141009910
108.8594,1,13:10:28.141036700
108.8594,1,13:10:28.141079726
108.8594,1,13:10:28.141149174
108.8594,1,13:10:28.141208195
108.8594,128,13:10:28.141706846
108.8594,9,13:10:28.141805673
108.8594,7,13:10:28.142613238
108.8594,1,13:10:28.142778586
108.8594,20,13:10:28.142834023
108.8594,2,13:10:28.142894598
108.8594,9,13:10:28.142938112
108.8594,1,13:10:28.143065331
108.8594,1,13:10:28.143241187
108.8594,1,13:10:28.143340411
108.8594,1,13:10:28.143546435
108.8594,1,13:10:28.143707657
108.8594,1,13:10:28.143762468
108.8594,1,13:10:28.143948910
108.8594,1,13:10:28.144169881
108.8594,7,13:10:28.144264040
108.8594,2,13:10:28.144289038
108.8594,1,13:10:28.144341689
108.8594,23,13:10:28.144639532
108.8594,1,13:10:28.144960857
108.8594,51,13:10:29.467679243
108.8594,1,13:10:29.468102647
108.8594,1,13:10:29.468141768
108.8594,1,13:10:29.468209235
108.8594,47,13:10:29.468408496
108.8594,3,13:10:29.468477115
108.8594,1,13:10:29.468716458
108.8594,1,13:10:29.469008265
108.8594,1,13:10:29.469026000
108.8594,1,13:10:29.469052212
108.8594,1,13:10:29.469120360
108.8594,47,13:10:30.186201346
108.8594,1,13:10:30.186394159
108.8594,1,13:10:30.186451417
108.8594,1,13:10:30.186508670
108.8594,1,13:10:30.186549929
108.8594,1,13:10:30.186592697
108.8594,1,13:10:30.186640372
108.8594,1,13:10:30.186664751
108.8594,1,13:10:30.186699423
108.8594,1,13:10:30.186750411
108.8594,1,13:10:30.186791164
108.8594,1,13:10:30.186831387
108.8594,1,13:10:30.186861602
108.8594,1,13:10:30.186902499
108.8594,1,13:10:30.186928461
108.8594,1,13:10:30.186964247
108.8594,1,13:10:30.187000152
108.8594,1,13:10:30.187047788
108.8594,1,13:10:30.187079031
108.8594,1,13:10:30.187112634
108.8594,1,13:10:30.187168111
108.8594,1,13:10:30.187212755
108.8594,1,13:10:30.187266384
108.8594,25,13:10:30.187367542
108.8594,1,13:10:30.187397840
108.8594,7,13:10:30.187424084
108.8594,7,13:10:30.187562496
108.8594,3,13:10:30.188203981
108.8594,20,13:10:30.189691403
108.8594,2,13:10:30.189756505
108.8594,2,13:10:30.190185378
108.8594,136,13:10:30.199766284
108.8594,3,13:10:37.854962568
108.8594,1,13:10:37.855238953
108.8594,94,13:10:38.206279172
108.8594,102,13:10:38.206686541
108.8594,23,13:10:38.206952133
108.8594,1,13:10:38.207434824
108.8594,25,13:10:38.377561900
108.8594,1,13:10:38.377713887
108.8594,3,13:10:38.377784886
108.8594,6,13:10:38.377817372
108.8594,1,13:10:38.377854094
108.8594,1,13:10:38.377913343
108.8594,25,13:10:38.399315198
108.8594,1,13:10:38.399544857
108.8594,189,13:10:38.399820469
108.8594,22,13:10:38.454909644
108.8594,1,13:10:38.457351405
108.8594,3,13:10:38.457452882
108.8594,5,13:10:38.457721873
108.8594,1,13:10:38.457959811
108.8594,25,13:10:38.460366585
108.8594,1,13:10:38.460553713
108.8594,1,13:10:38.460596270
108.8594,1,13:10:38.460638044
108.8594,2,13:10:38.522915728
108.8594,1,13:10:38.592917302
108.8594,1,13:10:39.372993787
108.8594,8,13:10:39.373185746
108.8594,1,13:10:39.373261565
108.8594,115,13:10:41.531278557
108.8594,1,13:10:46.017007728
108.8594,50,13:10:46.017274776
108.8594,3,13:10:46.017362797
108.8594,1,13:10:46.017721387
108.8594,20,13:10:46.018494839
108.8594,1,13:10:46.018884098
108.8594,1,13:10:46.019009697
108.8594,1,13:10:46.019128426
108.8594,2,13:10:46.087169404
108.8594,91,13:10:46.192751386
108.8594,5,13:10:46.262797146
108.8594,9,13:10:47.068025629
108.8594,1,13:10:47.068271190
108.8594,6,13:10:47.068369850
108.8594,1,13:10:47.068453900
108.8594,1,13:10:47.068583938
108.8594,10,13:10:47.754528233
108.8594,1,13:10:47.754723120
108.8594,1,13:10:47.754809852
108.8594,9,13:10:48.122695444
108.8594,3,13:10:48.122942934
108.8594,1,13:10:48.122979348
108.8594,1,13:10:48.123059265
108.8594,20,13:10:48.797298034
108.8594,1,13:10:48.797638806
108.8594,76,13:10:48.797877409
108.8594,5,13:10:48.798214843
108.8594,34,13:10:49.677293524
108.8594,1,13:10:49.677447604
108.8594,1,13:10:49.677526034
108.8594,2,13:10:49.677574826
108.8594,40,13:10:49.677605018
108.8594,12,13:10:49.677791332
108.8594,1,13:10:49.677887859
108.8594,35,13:10:49.677941428
108.8594,1,13:10:49.677974123
108.8594,1,13:10:49.678325195
108.8594,1,13:10:49.678440424
108.8594,1,13:10:49.678465486
108.8594,1,13:10:49.678496860
108.8594,2,13:10:49.678533735
108.8594,1,13:10:49.678585409
108.8594,1,13:10:49.678649958
108.8594,10,13:10:50.866761057
108.8594,40,13:10:51.466912781
108.8594,1,13:10:51.467013311
108.8594,1,13:10:51.467100958
108.8594,1,13:10:51.467138232
108.8594,1,13:10:51.467209286
108.8594,1,13:10:51.467267723
108.8594,1,13:10:51.467297822
108.8594,1,13:10:51.467343059
108.8594,1,13:10:51.467423809
108.8594,1,13:10:51.467478447
108.8594,1,13:10:51.467486034
108.8594,1,13:10:51.467526730
108.8594,1,13:10:51.467585242
108.8594,1,13:10:51.467616617
108.8594,1,13:10:51.467652741
108.8594,1,13:10:51.467686569
108.8594,1,13:10:51.467743118
108.8594,1,13:10:51.467780399
108.8594,1,13:10:51.467859116
108.8594,1,13:10:51.467892177
108.8594,29,13:10:51.468051275
108.8594,8,13:10:51.468115014
108.8594,71,13:10:51.468215099
108.8594,1,13:10:51.468253330
108.8594,3,13:10:51.468454351
108.8594,1,13:10:51.469039585
108.8594,1,13:10:51.469098934
108.8594,1,13:10:51.469135335
108.8594,1,13:10:51.469179374
108.8594,2,13:10:51.469211032
108.8594,1,13:10:51.469241561
108.8594,1,13:10:51.469361061
108.8594,1,13:10:51.469516456
108.8594,19,13:10:51.470384678
108.8594,1,13:10:51.470602472
108.8438,1,13:10:58.273962485
108.8438,2,13:10:58.273979779
108.8594,3,13:10:58.300312683
108.8594,4,13:10:59.213402627
108.8594,1,13:10:59.213746557
108.8594,40,13:10:59.215244050
108.8594,24,13:10:59.889575661
108.8594,1,13:10:59.889772915
108.8594,16,13:10:59.889836666
108.8594,1,13:10:59.889884920
108.8594,1,13:10:59.889962976
108.8594,1,13:10:59.889994381
108.8594,1,13:10:59.890027659
108.8594,1,13:10:59.890122583
108.8594,1,13:11:01.145568264
108.8594,1,13:11:01.145842675
108.8594,10,13:11:04.991714939
108.8594,51,13:11:09.084041937
108.8594,94,13:11:09.084268748
108.8594,51,13:11:09.084689403
108.8594,2,13:11:09.084819665
108.8594,1,13:11:09.087875953
108.8594,1,13:11:09.087925862
108.8594,11,13:11:17.135568631
108.8594,1,13:11:31.380869338
108.8594,1,13:11:31.381114194
108.8594,1,13:11:31.381207287
108.8594,1,13:11:31.382181086
108.8594,208,13:11:31.382271865
108.8594,1,13:11:31.383279630
108.8594,1,13:11:31.383306385
108.8594,1,13:11:31.383333045
108.8594,1,13:11:31.383388173
108.8594,23,13:11:31.383414746
108.8594,1,13:11:31.383440112
108.8594,1,13:11:31.383455636
108.8594,1,13:11:31.383479266
108.8594,1,13:11:31.383500495
108.8594,11,13:11:31.383537100
108.8594,1,13:11:31.383563917
108.8594,1,13:11:31.383608336
108.8594,1,13:11:31.383639245
108.8594,1,13:11:31.383654772
108.8594,1,13:11:31.383685099
108.8594,1,13:11:31.383700914
108.8594,1,13:11:31.383725759
108.8594,1,13:11:31.383750740
108.8594,1,13:11:31.383783489
108.8594,1,13:11:31.383826793
108.8594,1,13:11:31.383854038
108.8594,1,13:11:31.383909626
108.8594,1,13:11:31.383948277
108.8594,1,13:11:31.383987314
108.8594,1,13:11:31.384025632
108.8594,1,13:11:31.384060010
108.8594,7,13:11:31.385187636
108.8594,1,13:11:31.385326916
108.8594,1,13:11:31.385560469
108.8594,1,13:11:31.385582271
108.8594,14,13:11:31.433601445
108.8594,1,13:11:31.433827565
108.8594,1,13:11:31.433893921
108.8594,2,13:11:31.482220034
108.8594,1,13:11:31.482293196
108.8594,13,13:11:31.482506035
108.8594,1,13:11:36.843573141
108.8594,1,13:11:36.843787469
108.8594,1,13:11:36.843966439
108.8594,1,13:11:38.015151365
108.8594,1,13:11:38.015388656
108.8594,2,13:11:38.045924279
108.8594,1,13:11:38.870322243
108.8594,1,13:11:48.049753111
108.8594,1,13:11:48.052278503
108.8594,47,13:11:48.052400021
108.8594,1,13:11:48.052844508
108.8594,1,13:11:48.052899239
108.8594,1,13:11:48.052930356
108.8594,50,13:11:48.053138897
108.8594,1,13:11:48.053184959
108.8594,7,13:11:48.053230154
108.8594,1,13:11:48.053270762
108.8594,47,13:11:48.053534198
108.8594,1,13:11:48.053592721
108.8594,1,13:11:48.053664460
108.8594,1,13:11:48.053681705
108.8594,37,13:11:48.053893841
108.8594,2,13:11:48.053956952
108.8594,1,13:11:48.122011111
108.8594,1,13:11:48.191832239
108.8594,1,13:11:50.690000056
108.8594,47,13:11:50.691955379
108.8594,1,13:11:50.692093913
108.8594,8,13:11:50.692124550
108.8594,1,13:11:50.692146771
108.8594,1,13:11:50.692239821
108.8594,1,13:11:50.692282789
108.8594,1,13:11:50.692306627
108.8594,1,13:11:50.692369176
108.8594,1,13:11:50.692395752
108.8594,1,13:11:50.692429091
108.8594,1,13:11:50.692461139
108.8594,1,13:11:50.692534091
108.8594,1,13:11:50.692601852
108.8594,1,13:11:50.692641760
108.8594,1,13:11:50.692680763
108.8594,1,13:11:50.692790806
108.8594,1,13:11:50.692817489
108.8594,1,13:11:50.692850907
108.8594,1,13:11:50.692886018
108.8594,1,13:11:50.692938985
108.8594,1,13:11:50.693048962
108.8594,1,13:11:50.693150116
108.8594,31,13:11:50.693301591
108.8594,25,13:11:50.693383464
108.8594,12,13:11:50.704410870
108.8594,1,13:11:50.783253277
108.8594,14,13:11:50.783398199
108.8594,1,13:11:50.783660809
108.8594,51,13:11:50.798031401
108.8594,81,13:11:50.798203271
108.8594,14,13:11:50.798401928
108.8594,6,13:11:50.798457026
108.8594,1,13:11:50.799741999
108.8594,1,13:11:50.799764966
108.8594,1,13:11:50.799856347
108.8594,3,13:11:50.799968916
108.8594,5,13:11:50.801502428
108.8594,1,13:11:50.801619016
108.8594,3,13:11:50.869553827
108.8594,1,13:11:50.938552648
108.8594,1,13:11:51.006850401
108.8594,1,13:11:51.232053026
108.8594,18,13:11:51.232223515
108.8594,1,13:11:51.232263654
108.8594,17,13:11:51.232453642
108.8594,34,13:11:51.336439633
108.8594,1,13:11:51.336606049
108.8594,1,13:11:51.336646215
108.8594,1,13:11:51.336754724
108.8594,2,13:11:51.336854594
108.8594,10,13:11:51.372035081
108.8594,86,13:11:51.415439175
108.875,1,13:11:52.474571207
108.8594,47,13:11:55.231952682
108.8594,3,13:11:55.232071727
108.8594,1,13:11:55.232131784
108.8594,1,13:11:55.232195976
108.8594,1,13:11:55.232235411
108.8594,1,13:11:55.232304078
108.8594,1,13:11:55.232343218
108.8594,1,13:11:55.232375388
108.8594,1,13:11:55.232443652
108.8594,1,13:11:55.232480306
108.8594,1,13:11:55.232542230
108.8594,1,13:11:55.232570957
108.8594,1,13:11:55.232628485
108.8594,1,13:11:55.232670303
108.8594,1,13:11:55.232696131
108.8594,1,13:11:55.232715933
108.8594,1,13:11:55.232750382
108.8594,1,13:11:55.232775265
108.8594,1,13:11:55.232801704
108.8594,1,13:11:55.232856819
108.8594,1,13:11:55.287141773
108.8594,1,13:11:55.287333418
108.8594,1,13:11:55.498429384
108.8594,1,13:11:55.712442533
108.8594,19,13:12:00.721429057
108.8594,1,13:12:00.721535213
108.8594,6,13:12:00.721562954
108.8594,1,13:12:00.721833606
108.8594,1,13:12:00.722033991
108.8594,1,13:12:00.722232907
108.8594,1,13:12:00.768901292
108.8594,40,13:12:02.105258773
108.8594,1,13:12:02.109021207
108.875,1,13:12:07.187354346
108.8594,47,13:12:10.767219552
108.8594,1,13:12:10.767407626
108.8594,1,13:12:10.767484241
108.8594,14,13:12:10.767536553
108.8594,1,13:12:10.767560572
108.8594,1,13:12:10.767599440
108.8594,1,13:12:10.767670034
108.8594,1,13:12:10.767698767
108.8594,1,13:12:10.767737436
108.8594,1,13:12:10.767768836
108.8594,1,13:12:10.767837813
108.8594,1,13:12:10.767870294
108.8594,1,13:12:10.767904621
108.8594,1,13:12:10.767934385
108.8594,1,13:12:10.768020558
108.8594,1,13:12:10.768053471
108.8594,1,13:12:10.768083977
108.8594,1,13:12:10.768154104
108.8594,1,13:12:10.768184303
108.8594,1,13:12:10.768223513
108.8594,1,13:12:10.768258878
108.8594,5,13:12:10.768317890
108.8594,1,13:12:10.768347062
108.8594,1,13:12:10.768374666
108.8594,2,13:12:10.768385585
108.8594,1,13:12:10.768414113
108.8594,2,13:12:10.768469256
108.8594,2,13:12:10.768522793
108.8594,2,13:12:10.768555739
108.8594,1,13:12:10.768655839
108.8594,1,13:12:10.768688666
108.8594,35,13:12:10.768935711
108.8594,25,13:12:10.769601161
108.8594,1,13:12:10.769800903
108.8594,33,13:12:10.770681442
108.8594,3,13:12:10.770732870
108.8594,1,13:12:10.771544877
108.8594,1,13:12:10.771865766
108.8594,1,13:12:10.771892176
108.8594,1,13:12:10.773148640
108.8594,1,13:12:10.773219358
108.8594,56,13:12:11.543359566
108.8594,10,13:12:12.408661729
108.8594,1,13:12:12.408868677
108.8594,1,13:12:14.381030738
108.8594,1,13:12:14.381129576
108.8594,28,13:12:14.381627928
108.8594,2,13:12:14.381702668
108.8594,2,13:12:14.381760094
108.8594,3,13:12:14.381825705
108.8594,4,13:12:14.381914317
108.8594,1,13:12:14.382217850
108.8594,1,13:12:14.382281784
108.8594,1,13:12:14.382329812
108.8594,1,13:12:14.382615241
108.8594,8,13:12:14.383258617
108.8594,5,13:12:14.383702062
108.8594,3,13:12:14.383754876
108.8594,7,13:12:14.384241392
108.8594,1,13:12:14.384440743
108.8594,1,13:12:14.385031174
108.8594,1,13:12:14.385363210
108.8594,26,13:12:14.385434494
108.8594,1,13:12:14.385719088
108.8594,7,13:12:14.385742118
108.8594,1,13:12:14.385820027
108.8594,1,13:12:14.385991936
108.8594,1,13:12:20.223132099
108.8594,51,13:12:20.223336333
108.8594,71,13:12:20.223531922
108.8594,3,13:12:20.226754822
108.8594,23,13:12:20.226810506
108.8594,47,13:12:20.236446513
108.8594,1,13:12:20.236551693
108.8594,4,13:12:20.236583179
108.8594,1,13:12:20.236620651
108.8594,1,13:12:20.236666554
108.8594,1,13:12:20.236718580
108.8594,1,13:12:20.236803209
108.8594,1,13:12:20.236835351
108.8594,1,13:12:20.236869918
108.8594,1,13:12:20.236932309
108.8594,1,13:12:20.236998634
108.8594,1,13:12:20.237062693
108.8594,1,13:12:20.237105155
108.8594,1,13:12:20.237171164
108.8594,1,13:12:20.237205100
108.8594,24,13:12:20.252305505
108.8594,1,13:12:20.252507253
108.8594,5,13:12:20.264274824
108.8594,2,13:12:20.334958225
108.8594,1,13:12:20.335191612
108.8594,1,13:12:20.404338250
108.8594,1,13:12:20.404559842
108.8594,308,13:12:23.999895000
108.8594,113,13:12:24.001866213
108.8594,61,13:12:24.007333776
108.8594,2,13:12:24.026003227
108.8594,1,13:12:24.074005856
108.8594,15,13:12:24.180877764
108.8594,7,13:12:24.181400603
108.8594,1,13:12:24.181647772
108.8594,15,13:12:24.182240419
108.8594,1,13:12:24.182662923
108.8594,8,13:12:24.183161244
108.8594,14,13:12:24.184080222
108.8594,8,13:12:24.184540424
108.8594,7,13:12:24.185554389
108.8594,1,13:12:24.185792096
108.8594,2,13:12:24.185988523
108.8594,7,13:12:24.186427492
108.8594,8,13:12:24.197396695
108.8594,3,13:12:25.015043307
108.8594,1,13:12:25.015256258
108.8594,15,13:12:25.102096904
108.8594,1,13:12:25.102332532
108.8594,1,13:12:25.621860025
108.8594,1,13:12:25.622104683
108.8594,33,13:12:25.622311202
108.8594,1,13:12:25.622914661
108.8594,1,13:12:25.623035892
108.8594,3,13:12:25.623566472
108.8594,1,13:12:25.623636111
108.8594,1,13:12:25.623692962
108.8594,1,13:12:25.624946881
108.8594,1,13:12:31.677827420
108.8594,1,13:12:31.681997341
108.8594,2,13:12:35.095436948
108.8594,1,13:12:35.112502339
108.8594,2,13:12:35.117273266
108.8594,3,13:12:35.139169531
108.8594,3,13:12:35.139524011
108.8594,1,13:12:35.139987410
108.8594,3,13:12:35.142385052
108.8594,5,13:12:35.164969704
108.8594,2,13:12:35.167448362
108.8594,3,13:12:35.168778661
108.8594,1,13:12:35.189912587
108.8594,1,13:12:35.192689891
108.8594,2,13:12:35.214551380
108.8594,2,13:12:35.216815534
108.8594,1,13:12:35.237912394
108.8594,1,13:12:35.241098082
108.8594,1,13:12:35.262217986
108.8594,1,13:12:35.264694778
108.8594,1,13:12:35.307672358
108.8594,1,13:12:35.309707566
108.8594,2,13:12:36.594952014
108.8594,1,13:12:37.522870605
108.8594,1,13:12:37.523558779
108.8594,2,13:12:37.524715269
108.8594,1,13:12:37.546251485
108.8594,5,13:12:37.548578965
108.8594,1,13:12:37.563724716
108.8594,3,13:12:37.564071541
108.8594,2,13:12:37.589213427
108.8594,1,13:12:37.589386291
108.8594,1,13:12:38.407503655
108.8594,1,13:12:40.229761575
108.8594,7,13:12:46.046065707
108.8594,3,13:12:46.047090015
108.8594,1,13:12:46.047581587
108.8594,1,13:12:46.047899222
108.8594,94,13:12:46.047972711
108.8594,1,13:12:46.048299345
108.8594,1,13:12:46.048472882
108.8594,2,13:12:46.048506764
108.8594,1,13:12:46.048534281
108.8594,2,13:12:46.048696691
108.8594,1,13:12:46.048715229
108.8594,7,13:12:46.056578526
108.8594,1,13:12:46.056904459
108.8594,90,13:12:46.066262298
108.8594,1,13:12:46.071626195
108.8594,1,13:12:46.072579039
108.8594,20,13:12:46.095449380
108.8594,1,13:12:46.095819810
108.8594,20,13:12:53.291101010
108.8594,4,13:12:53.291331865
108.8594,10,13:12:53.291470537
108.8594,1,13:12:53.291539466
108.8594,14,13:12:53.291911912
108.8594,1,13:12:53.292034884
108.8594,8,13:12:53.293993903
108.8594,3,13:12:53.295362040
108.8594,1,13:12:53.295750101
108.8594,20,13:12:53.296224664
108.8594,7,13:12:53.296365678
108.8594,1,13:12:53.296434304
108.8594,2,13:12:53.296483758
108.8594,20,13:12:53.346596947
108.8594,1,13:12:53.346802276
108.8594,1,13:12:53.346883816
108.8594,1,13:12:53.346919411
108.8594,1,13:12:53.347172010
108.8594,20,13:12:53.415286435
108.8594,1,13:12:53.415457844
108.8594,1,13:12:53.415623700
108.8594,20,13:12:53.467806931
108.8594,1,13:12:53.468091048
108.8594,20,13:12:53.535913303
108.8594,20,13:12:53.839644732
108.8594,12,13:12:53.839824551
108.8594,20,13:12:53.970458362
108.8594,20,13:12:54.034032007
108.8594,14,13:12:54.137847664
108.8594,1,13:12:54.138070580
108.8594,1,13:12:54.138306012
108.8594,10,13:12:54.223508283
108.8594,1,13:12:54.223703961
108.8594,1,13:12:54.223917140
108.8594,14,13:12:54.264972832
108.8594,1,13:12:54.265167665
108.8594,1,13:12:54.265240563
108.8594,14,13:12:54.269568810
108.8594,15,13:12:54.344387256
108.8594,1,13:12:54.344710962
108.8594,1,13:12:54.344770809
108.8594,229,13:13:18.116393265
108.8594,1,13:13:18.116955723
108.8594,1,13:13:18.117124595
108.8594,1,13:13:18.117166019
108.8594,1,13:13:18.117472548
108.8594,1,13:13:18.117518637
108.8594,1,13:13:18.117602013
108.8594,2,13:13:18.117728594
108.8594,447,13:13:45.768444228
108.8594,1,13:13:45.769354639
108.8594,1,13:13:45.800121437
108.8594,4,13:13:47.990084849
108.8594,4,13:13:54.194956560
108.8594,1,13:14:05.061896795
108.8594,3,13:14:06.046632573
108.8594,10,13:14:07.053319700
108.8594,1,13:14:40.642888651
108.8594,16,13:14:49.802830793
108.8594,16,13:14:49.807811769
108.8594,16,13:14:49.810436555
108.8594,16,13:14:49.813266219
108.8594,16,13:14:49.816253553
108.8594,16,13:14:49.819232217
108.8594,16,13:14:49.823490959
108.8594,4,13:14:49.825324973
108.8594,16,13:14:49.827711415
108.8594,1,13:14:49.828232932
108.8594,17,13:14:50.265655661
108.8594,16,13:14:50.268822335
108.8594,16,13:14:50.272538614
108.8594,16,13:14:50.275532471
108.8594,16,13:14:50.279508471
108.8594,16,13:14:50.282574990
108.8438,35,13:14:50.305882959
108.8594,1,13:14:53.172583609
108.8594,16,13:14:54.873035326
108.8594,4,13:14:54.875299487
108.8594,16,13:14:54.876058619
108.8594,16,13:14:54.879051393
108.8594,16,13:14:54.882007545
108.8594,16,13:14:54.885043619
108.8594,16,13:14:54.888342367
108.8594,15,13:14:54.891030841
108.8594,16,13:14:54.894527714
108.8594,16,13:14:54.897001092
108.8594,16,13:14:54.900980305
108.8594,16,13:14:54.904038347
108.8594,16,13:14:54.907986254
108.8438,25,13:14:54.910508528
108.8594,16,13:14:54.911100620
108.8594,16,13:14:54.914062232
108.8594,15,13:14:54.917117039
108.8594,16,13:14:54.920190969
108.8594,16,13:14:54.923094039
108.8594,5,13:14:55.105302928
108.8594,11,13:14:55.109162314
108.8594,16,13:14:55.112196721
108.8594,5,13:14:55.115160710
108.8594,16,13:14:55.118101460
108.8594,1,13:14:55.121127912
108.8594,2,13:14:55.453785754
108.8438,13,13:14:58.020249932
108.8594,2,13:14:58.104466369
108.8594,2,13:15:01.582545235
108.8594,6,13:15:01.583607151
108.8594,1,13:15:02.748625386
108.8594,2,13:15:05.980891578
108.8594,1,13:15:33.242455970
108.8594,47,13:15:38.835052995
108.8594,47,13:15:38.835242277
108.8594,80,13:15:38.835800773
108.8594,1,13:15:38.835833442
108.8594,2,13:15:38.835870410
108.8594,3,13:15:38.836017683
108.8594,3,13:15:38.836043338
108.8594,80,13:15:38.836201284
108.8594,1,13:15:38.836333167
108.8594,8,13:15:38.836464494
108.8594,1,13:15:38.836544074
108.8594,31,13:15:38.836678624
108.8594,3,13:15:38.836714525
108.8594,1,13:15:38.836755208
108.8594,1,13:15:38.836827123
108.8594,1,13:15:38.837113068
108.8594,1,13:15:38.837770611
108.8594,1,13:15:38.837815585
108.8594,12,13:15:38.837843579
108.8594,1,13:15:38.837910006
108.8594,30,13:15:38.837988302
108.8594,1,13:15:38.838208277
108.8594,50,13:15:38.838353589
108.8594,1,13:15:38.838408249
108.8594,1,13:15:38.838566304
108.8594,53,13:15:38.838625671
108.8594,1,13:15:38.838649969
108.8594,1,13:15:38.839000489
108.8594,1,13:15:38.839021500
108.8594,1,13:15:38.839382903
108.8594,1,13:15:38.839403783
108.8594,1,13:15:38.839430385
108.8594,3,13:15:38.839551923
108.8594,1,13:15:38.839614879
108.8594,1,13:15:38.839646876
108.8594,47,13:15:38.839660905
108.8594,20,13:15:38.839855293
108.8594,1,13:15:38.839879946
108.8594,1,13:15:38.840234030
108.8594,1,13:15:38.840256277
108.8594,33,13:15:38.840285381
108.8594,94,13:15:38.840341062
108.8594,1,13:15:38.840816762
108.8594,2,13:15:38.841208516
108.8594,1,13:15:38.841228024
108.8594,47,13:15:44.356179341
108.8594,33,13:15:44.356297840
108.8594,47,13:15:44.356402131
108.8594,51,13:15:44.356518728
108.8594,102,13:15:44.356550531
108.8594,51,13:15:44.356621220
108.8594,30,13:15:44.356757597
108.8594,1,13:15:44.356821477
108.8594,1,13:15:44.356843791
108.8594,13,13:15:44.356864687
108.8594,17,13:15:44.356919789
108.8594,20,13:15:44.356936660
108.8594,89,13:15:44.357004895
108.8594,1,13:15:44.357251421
108.8594,1,13:15:44.357269997
108.8594,1,13:15:44.357298029
108.8594,1,13:15:44.357457355
108.8594,4,13:15:44.357486824
108.8594,3,13:15:44.357548448
108.8594,3,13:15:44.357583707
108.8594,88,13:15:44.357611320
108.8594,74,13:15:44.357632990
108.8594,121,13:15:44.358078449
108.8594,1,13:15:44.359480778
108.8594,18,13:15:44.361609791
108.8594,5,13:15:44.362910127
108.8594,1,13:15:44.364172521
108.8594,1,13:15:44.364352620
108.8594,3,13:15:44.366740031
108.8594,20,13:15:44.366998709
108.8594,30,13:15:44.367135143
108.8594,20,13:15:44.367271975
108.8594,3,13:15:44.367328081
108.8594,1,13:15:44.367359253
108.8594,2,13:15:44.367562003
108.8594,629,13:15:49.167308581
108.8594,3,13:15:49.171832403
108.8594,261,13:15:49.173004048
108.8594,1,13:15:49.173946455
108.8594,1,13:15:49.174422349
108.8594,1,13:15:51.064581780
108.8594,1,13:16:06.502197008
108.8594,11,13:16:40.639406390
108.8438,50,13:16:48.497922528
108.8594,3,13:16:49.636362103
108.8594,1,13:17:10.024260793
108.8438,10,13:17:19.528867584
108.8594,1,13:17:23.549285789
108.8594,1,13:17:32.181791421
108.8594,35,13:17:39.428249373
108.8594,25,13:18:02.639031225
108.8594,5,13:18:02.671272801
108.8594,16,13:18:10.115045058
108.8594,8,13:18:14.278656004
108.8594,7,13:18:14.278814829
108.8594,1,13:18:14.279252201
108.8594,11,13:18:29.640224161
108.8594,44,13:18:37.230158225
108.8594,2,13:18:37.304111292
108.8594,2,13:18:37.304146396
108.8594,1,13:19:37.534141799
108.8594,21,13:19:42.593000590
108.8594,1,13:19:52.321695046
108.8594,1,13:19:55.250869109
108.8438,10,13:20:01.066546871
108.8594,14,13:20:02.716932158
108.8594,1,13:20:20.028437267
108.8438,200,13:20:22.607064996
108.8594,11,13:20:30.639608708
108.8594,1,13:20:42.203393375
108.8594,130,13:21:03.365374406
108.8594,27,13:21:06.072087560
108.8594,17,13:21:06.072526842
108.8594,2,13:21:06.072644087
108.8594,5,13:21:07.136460897
108.8438,6,13:21:09.440458453
108.8594,1,13:21:13.294445349
108.8594,4,13:21:25.935174693
108.8594,15,13:21:33.065403675
108.8594,2,13:21:37.280268896
108.8594,1,13:21:44.317097458
108.8594,11,13:21:57.025039648
108.8594,1,13:21:57.026673463
108.8594,3,13:21:57.028439557
108.8594,1,13:21:57.028478530
108.8594,1,13:21:57.028547021
108.8594,1,13:21:57.028619826
108.8594,1,13:21:57.028805606
108.8594,4,13:21:57.030092127
108.8594,136,13:21:57.031812616
108.8594,22,13:21:57.032104317
108.8594,20,13:21:57.032253838
108.8594,39,13:21:57.033238493
108.8594,50,13:21:57.033376331
108.8594,1,13:21:57.034427331
108.8594,24,13:21:57.034537424
108.8594,1,13:21:57.034769425
108.8594,1,13:21:57.036852551
108.8594,1,13:21:57.037064965
108.8594,1,13:21:57.037132499
108.8594,1,13:21:57.037644977
108.8594,570,13:21:57.037757394
108.8594,23,13:21:57.037841106
108.8594,1,13:21:57.037936292
108.8594,59,13:21:57.038962574
108.8594,37,13:21:57.039008188
108.8594,1,13:21:57.039410891
108.8594,1,13:21:57.040050813
108.8594,1,13:21:57.040080446
108.8594,4,13:21:57.040107679
108.8594,1,13:21:57.040122419
108.8594,1,13:21:57.040296755
108.8594,15,13:21:57.040462419
108.8594,1,13:21:57.040490253
108.8594,1,13:21:57.040567797
108.8594,1,13:21:57.040635328
108.8594,15,13:21:57.040749126
108.8594,59,13:21:57.040811015
108.8594,3,13:21:57.040883119
108.8594,68,13:21:57.040939376
108.8594,1,13:21:57.040989812
108.8594,49,13:21:57.041047637
108.8594,1,13:21:57.041213621
108.8594,7,13:21:57.041865593
108.8594,3,13:21:57.043139312
108.8594,1,13:21:57.043166807
108.8594,8,13:21:57.043745026
108.8594,8,13:21:57.044057733
108.8594,1,13:21:57.044078930
108.8594,102,13:21:57.044158295
108.8594,1,13:21:57.044242575
108.8594,35,13:21:57.044285296
108.8594,53,13:21:57.044394643
108.8594,16,13:21:57.044873097
108.8594,10,13:21:57.045250813
108.8594,83,13:21:57.047224990
108.8594,1,13:21:57.047398401
108.8594,1,13:21:57.047642647
108.8594,1,13:21:57.047664734
108.8594,1,13:21:57.047792439
108.8594,60,13:21:57.047902377
108.8594,73,13:21:57.048036481
108.8594,11,13:21:57.048083049
108.8594,13,13:21:57.048119392
108.8594,1,13:21:57.048180171
108.8594,1,13:21:57.048333630
108.8594,1,13:21:57.048471425
108.8594,1,13:21:57.048542582
108.8594,10,13:21:57.049085193
108.8594,1,13:21:57.049141226
108.8594,7,13:21:57.050018852
108.8594,1,13:21:57.050044430
108.8594,1,13:21:57.050404434
108.8594,16,13:21:57.051125021
108.8594,1,13:21:57.051616580
108.8594,12,13:21:57.051777505
108.8594,1,13:21:57.051955764
108.8594,1,13:21:57.052002696
108.8594,11,13:21:57.052025551
108.8594,1,13:21:57.052413975
108.8594,1,13:21:57.052512741
108.8594,77,13:21:57.052564169
108.8594,19,13:21:57.052836959
108.8594,7,13:21:57.053217041
108.8594,1,13:21:57.053293029
108.8594,1,13:21:57.053406228
108.8594,1,13:21:57.053425038
108.8594,1,13:21:57.053458930
108.8594,7,13:21:57.053479305
108.8594,1,13:21:57.053895617
108.8594,1,13:21:57.053917154
108.8594,1,13:21:57.054346826
108.8594,1,13:21:57.054956228
108.8594,2,13:21:57.056794937
108.8594,2,13:21:57.065458317
108.8594,25,13:21:57.292053720
108.8594,118,13:21:57.292443385
108.8594,37,13:21:57.292598387
108.8594,1,13:21:57.292736815
108.8594,45,13:21:57.293115927
108.8594,1,13:21:57.293229545
108.8594,1,13:21:57.293302365
108.8594,1,13:21:57.293437667
108.8594,1,13:21:57.293478894
108.8594,3,13:21:57.293561055
108.8594,5,13:21:57.293581101
108.8594,14,13:21:57.293647818
108.8594,23,13:21:57.293731893
108.8594,18,13:21:57.293841717
108.8594,1,13:21:57.293871650
108.8594,23,13:21:57.294116513
108.8594,5,13:21:57.295277045
108.8594,24,13:21:57.306338333
108.8594,1,13:21:57.306641863
108.8594,24,13:21:57.321151902
108.8594,1,13:21:57.321442429
108.8594,24,13:21:57.338656465
108.8594,24,13:21:57.356791598
108.8594,1,13:21:57.357101120
108.8594,2,13:21:57.362962035
108.8594,12,13:21:57.378014882
108.8594,1,13:21:57.378254247
108.8594,6,13:21:57.384832418
108.8594,1,13:21:57.977133698
108.8594,1,13:21:57.977199768
108.8594,40,13:21:57.977361792
108.8594,1,13:21:57.977650806
108.8594,2,13:21:57.977761755
108.8594,4,13:21:57.977930044
108.8594,11,13:21:57.978640435
108.8594,1,13:21:57.978679000
108.8594,1,13:21:57.978854625
108.8594,91,13:21:57.979285287
108.8594,59,13:21:57.981538630
108.8594,59,13:21:57.981928262
108.8594,1,13:21:57.982205726
108.8594,2,13:21:57.982231368
108.8594,1,13:21:57.982254809
108.8594,20,13:21:57.982368754
108.8594,1,13:21:57.982394418
108.8594,1,13:21:57.982427449
108.8594,1,13:21:57.982451886
108.8594,1,13:21:57.982492875
108.8594,37,13:21:57.982537771
108.8594,33,13:21:57.982560657
108.8594,1,13:21:57.988287868
108.8594,8,13:21:58.752285624
108.8594,481,13:21:58.870411901
108.8594,7,13:21:58.876447929
108.8594,47,13:22:06.533174806
108.8594,1,13:22:06.533457490
108.8594,1,13:22:06.533514893
108.8594,1,13:22:06.533798717
108.8594,1,13:22:06.533957183
108.8594,3,13:22:06.534111609
108.8594,10,13:22:06.534500561
108.8594,61,13:22:06.534597455
108.8594,8,13:22:06.534866478
108.8594,1,13:22:06.534965354
108.8594,2,13:22:06.534965354
108.8594,10,13:22:06.535266570
108.8594,1,13:22:06.535316501
108.8594,17,13:22:06.535365333
108.8594,1,13:22:06.535449757
108.8594,42,13:22:06.535629425
108.8594,1,13:22:06.536903035
108.8594,1,13:22:06.537012407
108.8594,243,13:22:06.537550877
108.8594,1,13:22:06.537835796
108.8594,2,13:22:06.537948259
108.8594,1,13:22:06.537992484
108.8594,6,13:22:06.538010004
108.8594,1,13:22:06.538046738
108.8594,1,13:22:06.538067026
108.8594,84,13:22:06.538090940
108.8594,1,13:22:06.538116851
108.8594,1,13:22:06.538163485
108.8594,407,13:22:06.538226223
108.8594,15,13:22:06.539334729
108.8594,1,13:22:06.539409841
108.8594,1,13:22:06.539731197
108.8594,19,13:22:06.539787122
108.8594,16,13:22:06.540089339
108.8594,9,13:22:06.540149202
108.8594,1,13:22:08.873517222
108.8594,25,13:22:10.856462125
108.8594,13,13:22:10.881405430
108.8594,1,13:22:10.881699327
108.8594,25,13:22:10.903422503
108.8594,1,13:22:10.903674968
108.8594,25,13:22:10.932764403
108.8594,1,13:22:10.932971570
108.8594,25,13:22:10.959434032
108.8594,1,13:22:10.959659732
108.8594,25,13:22:10.981410800
108.8594,25,13:22:11.004448443
108.8594,25,13:22:11.027463677
108.8594,25,13:22:11.062480400
108.8594,25,13:22:11.085660629
108.8594,1,13:22:11.085772164
108.8594,1,13:22:11.085875379
108.8594,1,13:22:11.085932231
108.8594,25,13:22:11.108583941
108.8594,25,13:22:11.129618472
108.8594,25,13:22:11.151598894
108.8594,1,13:22:11.151802028
108.8594,1,13:22:11.151860983
108.8594,25,13:22:11.173713003
108.8594,1,13:22:11.173824375
108.8594,25,13:22:11.196653860
108.8594,1,13:22:11.196839206
108.8594,13,13:22:11.220597286
108.8594,25,13:22:11.242672155
108.8594,25,13:22:11.265804038
108.8594,25,13:22:11.287827719
108.8594,24,13:22:11.309649133
108.875,25,13:22:18.641137193
108.875,4,13:22:22.557883284
108.875,11,13:22:32.640714384
108.8594,33,13:22:39.952581458
108.8594,4,13:22:39.954682342
108.8594,1230,13:22:44.390918806
108.8594,9,13:22:44.393327069
108.8594,26,13:22:44.393479802
108.8594,1,13:22:44.399504147
108.8594,7,13:22:44.400236978
108.8594,1,13:22:44.408094790
108.8594,1,13:22:48.966418667
108.8594,50,13:23:07.232185390
108.8438,3,13:23:29.234016999
108.8438,3,13:23:29.234162399
108.8438,10,13:23:29.236238423
108.8438,3,13:23:29.237422384
108.8438,2,13:23:29.238237559
108.8438,1,13:23:29.238313784
108.8438,2,13:23:29.238335129
108.8438,1,13:23:29.238355311
108.8438,1,13:23:29.238376156
108.8438,1100,13:23:29.240622922
108.8438,2,13:23:29.242023193
108.8438,3,13:23:29.242135583
108.8438,3,13:23:29.242532154
108.8438,225,13:23:29.242726318
108.8438,1,13:23:29.242900180
108.8438,1,13:23:29.242924789
108.8438,1,13:23:29.242973007
108.8438,2,13:23:29.242987199
108.8438,1,13:23:29.243029536
108.8438,200,13:23:29.243148946
108.8438,1,13:23:29.246612949
108.8438,1,13:23:29.248791873
108.8438,118,13:23:29.252559367
108.8438,1,13:23:29.256570096
108.8438,1,13:23:29.256607131
108.8438,5,13:23:29.271715226
108.8438,11,13:23:29.277311665
108.8438,25,13:23:29.313606889
108.8438,15,13:23:29.319305618
108.8438,13,13:23:29.398719453
108.8438,7,13:23:29.399167116
108.8438,6,13:23:29.467264772
108.8438,38,13:23:29.479373249
108.8438,3,13:23:29.479630678
108.8438,2,13:23:29.479807495
108.8438,1,13:23:29.490624957
108.8438,1,13:23:29.490852020
108.8438,1,13:23:29.492452308
108.8281,2,13:23:45.376463408
108.8281,1,13:23:45.834643305
108.8438,3,13:23:50.975898499
108.8281,4,13:24:03.755867902
108.8281,300,13:24:12.808920904
108.8281,100,13:24:12.809284642
108.8281,59,13:24:12.809965636
108.8281,102,13:24:12.810213813
108.8281,2,13:24:12.810884686
108.8281,1,13:24:12.810909465
108.8281,1,13:24:12.810944593
108.8281,35,13:24:12.811298210
108.8281,15,13:24:12.811720704
108.8281,59,13:24:12.811888925
108.8281,37,13:24:12.811944619
108.8281,3,13:24:12.812047399
108.8281,1,13:24:12.812174322
108.8281,8,13:24:12.812174322
108.8281,1,13:24:12.812214420
108.8281,3,13:24:12.812282181
108.8281,1,13:24:12.812335740
108.8281,3,13:24:12.812383249
108.8281,1,13:24:12.812465385
108.8281,17,13:24:12.812475900
108.8281,1,13:24:12.812533609
108.8281,3,13:24:12.812559899
108.8281,45,13:24:12.812559899
108.8281,10,13:24:12.812624808
108.8281,2,13:24:12.812624808
108.8281,10,13:24:12.812647449
108.8281,21,13:24:12.812668406
108.8281,2,13:24:12.812687833
108.8281,1,13:24:12.812736993
108.8281,3,13:24:12.812736993
108.8281,1,13:24:12.812804307
108.8281,9,13:24:12.812843617
108.8281,36,13:24:12.812843617
108.8281,20,13:24:12.812974099
108.8281,2,13:24:12.813012356
108.8281,3,13:24:12.813069471
108.8281,1,13:24:12.813134061
108.8281,1,13:24:12.813231483
108.8281,2,13:24:12.813323104
108.8281,2,13:24:12.813362973
108.8281,2,13:24:12.813536162
108.8281,11,13:24:12.813792544
108.8281,10,13:24:12.813822026
108.8281,19,13:24:12.813851441
108.8281,2,13:24:12.813956887
108.8281,4,13:24:12.813996084
108.8281,1,13:24:12.814079763
108.8281,1,13:24:12.814114915
108.8281,1,13:24:12.814135073
108.8281,1,13:24:12.814160504
108.8281,1,13:24:12.814183653
108.8281,1,13:24:12.814226022
108.8281,1,13:24:12.814260301
108.8281,1,13:24:12.814310091
