bidVolume,bidPrice,askVolume,askPrice,timestamp
35,5141.0,46,5141.5,08:10:00.005804000
35,5141.0,43,5141.5,08:10:00.014350697
3,5141.25,43,5141.5,08:10:00.014444008
3,5141.25,43,5141.5,08:10:00.014460002
3,5141.25,43,5141.5,08:10:00.014543069
3,5141.25,43,5141.5,08:10:00.014836419
3,5141.25,42,5141.5,08:10:00.014861031
2,5141.25,42,5141.5,08:10:00.015163341
38,5141.0,42,5141.5,08:10:00.015163341
38,5141.0,42,5141.5,08:10:00.015163341
37,5141.0,42,5141.5,08:10:00.015246978
37,5141.0,43,5141.5,08:10:00.015302816
37,5141.0,44,5141.5,08:10:00.016030271
37,5141.0,44,5141.5,08:10:00.196800368
37,5141.0,44,5141.5,08:10:00.196806832
37,5141.0,44,5141.5,08:10:00.207650440
37,5141.0,44,5141.5,08:10:00.207656939
39,5141.0,44,5141.5,08:10:00.535050122
39,5141.0,44,5141.5,08:10:00.709781624
39,5141.0,44,5141.5,08:10:00.709781624
39,5141.0,44,5141.5,08:10:00.710101413
39,5141.0,44,5141.5,08:10:00.710101413
39,5141.0,44,5141.5,08:10:01.362890762
39,5141.0,44,5141.5,08:10:01.362890762
39,5141.0,44,5141.5,08:10:01.506842800
39,5141.0,44,5141.5,08:10:01.506842800
39,5141.0,44,5141.5,08:10:01.507034685
39,5141.0,44,5141.5,08:10:01.507040733
39,5141.0,44,5141.5,08:10:01.508244940
39,5141.0,44,5141.5,08:10:01.508244940
39,5141.0,44,5141.5,08:10:01.513484716
39,5141.0,44,5141.5,08:10:01.513492422
39,5141.0,45,5141.5,08:10:01.590572810
39,5141.0,45,5141.5,08:10:01.689287577
39,5141.0,45,5141.5,08:10:01.689287577
39,5141.0,46,5141.5,08:10:01.827735245
39,5141.0,46,5141.5,08:10:01.827735245
39,5141.0,1,5141.25,08:10:01.827756151
39,5141.0,1,5141.25,08:10:01.827756151
39,5141.0,45,5141.5,08:10:01.828106235
39,5141.0,45,5141.5,08:10:01.828106235
39,5141.0,4,5141.25,08:10:01.828644422
39,5141.0,4,5141.25,08:10:01.828819926
39,5141.0,44,5141.5,08:10:01.907967444
39,5141.0,44,5141.5,08:10:01.907967444
2,5141.25,44,5141.5,08:10:01.908084819
2,5141.25,44,5141.5,08:10:01.908198796
3,5141.25,44,5141.5,08:10:01.908243456
3,5141.25,44,5141.5,08:10:01.908358559
4,5141.25,44,5141.5,08:10:01.908370473
4,5141.25,45,5141.5,08:10:01.908708457
5,5141.25,45,5141.5,08:10:02.032162943
6,5141.25,45,5141.5,08:10:02.032270516
7,5141.25,45,5141.5,08:10:02.032283921
10,5141.25,45,5141.5,08:10:02.061499845
10,5141.25,44,5141.5,08:10:02.062127996
10,5141.25,44,5141.5,08:10:02.062127996
10,5141.25,43,5141.5,08:10:02.062224388
10,5141.25,42,5141.5,08:10:02.062321222
10,5141.25,43,5141.5,08:10:02.086113958
7,5141.25,43,5141.5,08:10:02.201442762
7,5141.25,44,5141.5,08:10:02.201550378
7,5141.25,45,5141.5,08:10:02.201828291
7,5141.25,45,5141.5,08:10:02.470497679
7,5141.25,45,5141.5,08:10:02.470504021
7,5141.25,45,5141.5,08:10:02.476540220
7,5141.25,45,5141.5,08:10:02.476546165
7,5141.25,45,5141.5,08:10:02.476654024
7,5141.25,46,5141.5,08:10:02.632459953
7,5141.25,47,5141.5,08:10:02.929363703
7,5141.25,47,5141.5,08:10:02.929363703
6,5141.25,47,5141.5,08:10:02.929473986
5,5141.25,47,5141.5,08:10:03.005156759
5,5141.25,46,5141.5,08:10:03.271442077
5,5141.25,46,5141.5,08:10:03.271442077
6,5141.25,46,5141.5,08:10:03.282508079
6,5141.25,45,5141.5,08:10:03.349799357
6,5141.25,46,5141.5,08:10:03.432963459
6,5141.25,46,5141.5,08:10:03.432963459
6,5141.25,47,5141.5,08:10:03.978384759
6,5141.25,47,5141.5,08:10:04.324179508
6,5141.25,47,5141.5,08:10:04.324191604
6,5141.25,47,5141.5,08:10:04.483246619
6,5141.25,47,5141.5,08:10:04.590838483
6,5141.25,48,5141.5,08:10:05.044459066
4,5141.25,48,5141.5,08:10:05.044666426
3,5141.25,48,5141.5,08:10:05.044766182
3,5141.25,48,5141.5,08:10:05.044812327
3,5141.25,48,5141.5,08:10:05.044818791
4,5141.25,48,5141.5,08:10:05.049714573
4,5141.25,47,5141.5,08:10:05.049733950
4,5141.25,47,5141.5,08:10:05.049733950
4,5141.25,47,5141.5,08:10:05.050585653
4,5141.25,47,5141.5,08:10:05.050592671
4,5141.25,48,5141.5,08:10:05.484613451
7,5141.25,48,5141.5,08:10:05.733955365
7,5141.25,47,5141.5,08:10:05.734034884
8,5141.25,47,5141.5,08:10:05.734058110
9,5141.25,47,5141.5,08:10:05.734065947
9,5141.25,48,5141.5,08:10:05.734378423
9,5141.25,48,5141.5,08:10:06.081206865
9,5141.25,47,5141.5,08:10:06.182464346
11,5141.25,47,5141.5,08:10:06.182569040
11,5141.25,47,5141.5,08:10:06.384334332
11,5141.25,47,5141.5,08:10:06.521023382
11,5141.25,47,5141.5,08:10:06.521033034
11,5141.25,46,5141.5,08:10:06.526791368
12,5141.25,46,5141.5,08:10:06.526890278
12,5141.25,45,5141.5,08:10:06.526896634
12,5141.25,44,5141.5,08:10:06.526990463
13,5141.25,44,5141.5,08:10:06.527016310
14,5141.25,44,5141.5,08:10:06.527186672
15,5141.25,44,5141.5,08:10:07.201455637
16,5141.25,44,5141.5,08:10:07.201802192
17,5141.25,44,5141.5,08:10:07.201926793
18,5141.25,44,5141.5,08:10:07.201932835
19,5141.25,44,5141.5,08:10:07.202021733
19,5141.25,44,5141.5,08:10:07.202146337
20,5141.25,44,5141.5,08:10:07.202202069
19,5141.25,44,5141.5,08:10:07.202249219
19,5141.25,44,5141.5,08:10:07.202255287
19,5141.25,44,5141.5,08:10:07.202255287
23,5141.25,44,5141.5,08:10:07.202278148
24,5141.25,44,5141.5,08:10:07.202303361
25,5141.25,44,5141.5,08:10:07.202331009
25,5141.25,44,5141.5,08:10:07.202913274
25,5141.25,44,5141.5,08:10:07.202919476
25,5141.25,44,5141.5,08:10:07.202935166
25,5141.25,44,5141.5,08:10:07.202946536
28,5141.25,44,5141.5,08:10:07.203167599
28,5141.25,44,5141.5,08:10:07.203207284
28,5141.25,44,5141.5,08:10:07.203207284
28,5141.25,44,5141.5,08:10:07.203463161
28,5141.25,44,5141.5,08:10:07.203463161
28,5141.25,44,5141.5,08:10:07.204175575
28,5141.25,44,5141.5,08:10:07.204183901
28,5141.25,44,5141.5,08:10:07.209215200
28,5141.25,44,5141.5,08:10:07.215017397
28,5141.25,44,5141.5,08:10:07.215017397
29,5141.25,44,5141.5,08:10:07.610548816
29,5141.25,43,5141.5,08:10:07.679105269
29,5141.25,42,5141.5,08:10:07.679213354
29,5141.25,37,5141.5,08:10:07.679467632
29,5141.25,36,5141.5,08:10:07.679579890
29,5141.25,36,5141.5,08:10:07.679594610
30,5141.25,36,5141.5,08:10:07.679619683
30,5141.25,36,5141.5,08:10:07.679625779
30,5141.25,35,5141.5,08:10:07.679637539
30,5141.25,33,5141.5,08:10:07.679642576
30,5141.25,31,5141.5,08:10:07.679674103
30,5141.25,31,5141.5,08:10:07.679674103
30,5141.25,26,5141.5,08:10:07.680058767
30,5141.25,27,5141.5,08:10:07.680058767
30,5141.25,27,5141.5,08:10:07.680086434
31,5141.25,27,5141.5,08:10:07.680099196
31,5141.25,27,5141.5,08:10:07.680110310
31,5141.25,16,5141.5,08:10:07.680321166
33,5141.25,16,5141.5,08:10:07.680321166
33,5141.25,52,5141.75,08:10:07.680461977
33,5141.25,52,5141.75,08:10:07.680461977
34,5141.25,52,5141.75,08:10:07.680474939
34,5141.25,1,5141.5,08:10:07.680601677
35,5141.25,1,5141.5,08:10:07.680601677
35,5141.25,52,5141.75,08:10:07.680601677
35,5141.25,52,5141.75,08:10:07.680601677
36,5141.25,52,5141.75,08:10:07.680601677
2,5141.5,52,5141.75,08:10:07.680608301
4,5141.5,52,5141.75,08:10:07.680629029
4,5141.5,44,5141.75,08:10:07.680629029
5,5141.5,44,5141.75,08:10:07.680629029
5,5141.5,44,5141.75,08:10:07.680629029
5,5141.5,44,5141.75,08:10:07.680644283
6,5141.5,44,5141.75,08:10:07.680729193
7,5141.5,44,5141.75,08:10:07.680742611
8,5141.5,44,5141.75,08:10:07.680750928
8,5141.5,44,5141.75,08:10:07.680768301
8,5141.5,45,5141.75,08:10:07.680785242
9,5141.5,45,5141.75,08:10:07.680802334
12,5141.5,45,5141.75,08:10:07.680807953
12,5141.5,45,5141.75,08:10:07.680847618
13,5141.5,45,5141.75,08:10:07.680910525
13,5141.5,45,5141.75,08:10:07.680949735
15,5141.5,45,5141.75,08:10:07.681188594
15,5141.5,45,5141.75,08:10:07.681215888
15,5141.5,45,5141.75,08:10:07.681221862
15,5141.5,45,5141.75,08:10:07.681233421
15,5141.5,45,5141.75,08:10:07.681253133
15,5141.5,45,5141.75,08:10:07.681509251
15,5141.5,45,5141.75,08:10:07.681509251
15,5141.5,45,5141.75,08:10:07.681607076
15,5141.5,41,5141.75,08:10:07.681730663
15,5141.5,42,5141.75,08:10:07.681843014
15,5141.5,42,5141.75,08:10:07.681897415
15,5141.5,41,5141.75,08:10:07.682544926
15,5141.5,41,5141.75,08:10:07.682544926
15,5141.5,40,5141.75,08:10:07.682709261
15,5141.5,40,5141.75,08:10:07.683012273
15,5141.5,40,5141.75,08:10:07.684039119
15,5141.5,40,5141.75,08:10:07.684039119
15,5141.5,40,5141.75,08:10:07.684563840
15,5141.5,40,5141.75,08:10:07.684563840
15,5141.5,40,5141.75,08:10:07.684688134
15,5141.5,40,5141.75,08:10:07.690141834
15,5141.5,35,5141.75,08:10:07.691932693
16,5141.5,35,5141.75,08:10:07.692035735
16,5141.5,35,5141.75,08:10:07.692041636
16,5141.5,35,5141.75,08:10:07.692059335
16,5141.5,35,5141.75,08:10:07.706030168
16,5141.5,35,5141.75,08:10:07.706030168
17,5141.5,35,5141.75,08:10:07.706156574
17,5141.5,31,5141.75,08:10:07.752783303
18,5141.5,31,5141.75,08:10:07.752886816
17,5141.5,31,5141.75,08:10:07.752995480
22,5141.5,31,5141.75,08:10:07.801095330
22,5141.5,30,5141.75,08:10:07.801183013
22,5141.5,30,5141.75,08:10:07.801198201
22,5141.5,30,5141.75,08:10:07.801207846
23,5141.5,30,5141.75,08:10:07.801439895
24,5141.5,30,5141.75,08:10:07.801446449
24,5141.5,30,5141.75,08:10:07.801464158
24,5141.5,30,5141.75,08:10:07.801472725
24,5141.5,30,5141.75,08:10:07.801480952
23,5141.5,30,5141.75,08:10:07.801542038
22,5141.5,30,5141.75,08:10:07.801827384
22,5141.5,31,5141.75,08:10:07.801913028
22,5141.5,31,5141.75,08:10:07.801976985
22,5141.5,31,5141.75,08:10:07.801976985
22,5141.5,30,5141.75,08:10:07.801985800
24,5141.5,30,5141.75,08:10:07.805793212
24,5141.5,29,5141.75,08:10:07.805877789
24,5141.5,26,5141.75,08:10:07.806146227
25,5141.5,26,5141.75,08:10:07.806195025
26,5141.5,26,5141.75,08:10:07.806203092
27,5141.5,26,5141.75,08:10:07.806233909
27,5141.5,23,5141.75,08:10:07.806249563
28,5141.5,23,5141.75,08:10:07.806300380
28,5141.5,22,5141.75,08:10:07.806309238
27,5141.5,22,5141.75,08:10:07.806321402
28,5141.5,22,5141.75,08:10:07.806363467
28,5141.5,21,5141.75,08:10:07.806379268
29,5141.5,21,5141.75,08:10:07.806406555
29,5141.5,20,5141.75,08:10:07.806484736
29,5141.5,20,5141.75,08:10:07.814845888
29,5141.5,20,5141.75,08:10:07.814845888
29,5141.5,20,5141.75,08:10:07.815935060
29,5141.5,20,5141.75,08:10:07.818872154
29,5141.5,20,5141.75,08:10:07.831572161
29,5141.5,20,5141.75,08:10:07.839389670
29,5141.5,20,5141.75,08:10:07.839389670
28,5141.5,20,5141.75,08:10:07.909973510
28,5141.5,20,5141.75,08:10:07.910040817
28,5141.5,20,5141.75,08:10:07.910040817
27,5141.5,20,5141.75,08:10:07.910075189
27,5141.5,20,5141.75,08:10:07.910315981
27,5141.5,20,5141.75,08:10:07.915841564
27,5141.5,20,5141.75,08:10:07.916127407
27,5141.5,20,5141.75,08:10:07.916149193
27,5141.5,20,5141.75,08:10:07.916182793
27,5141.5,20,5141.75,08:10:07.918225238
27,5141.5,20,5141.75,08:10:07.918225238
27,5141.5,20,5141.75,08:10:07.918991289
27,5141.5,22,5141.75,08:10:08.020691591
28,5141.5,22,5141.75,08:10:08.021063250
28,5141.5,20,5141.75,08:10:08.155110244
29,5141.5,20,5141.75,08:10:08.155163070
29,5141.5,20,5141.75,08:10:08.155177563
29,5141.5,20,5141.75,08:10:08.155187144
29,5141.5,20,5141.75,08:10:08.155210569
29,5141.5,20,5141.75,08:10:08.155415846
29,5141.5,20,5141.75,08:10:08.155422119
29,5141.5,20,5141.75,08:10:08.155427738
29,5141.5,18,5141.75,08:10:08.155702524
29,5141.5,16,5141.75,08:10:08.155702524
29,5141.5,16,5141.75,08:10:08.155702524
29,5141.5,16,5141.75,08:10:08.155702524
29,5141.5,16,5141.75,08:10:08.155702524
30,5141.5,16,5141.75,08:10:08.155745722
31,5141.5,16,5141.75,08:10:08.155797917
32,5141.5,16,5141.75,08:10:08.155836603
32,5141.5,16,5141.75,08:10:08.155849003
33,5141.5,16,5141.75,08:10:08.155854066
32,5141.5,16,5141.75,08:10:08.155900144
31,5141.5,16,5141.75,08:10:08.155951832
31,5141.5,17,5141.75,08:10:08.156519581
31,5141.5,18,5141.75,08:10:08.156630290
31,5141.5,18,5141.75,08:10:08.162149759
31,5141.5,18,5141.75,08:10:08.162160095
31,5141.5,18,5141.75,08:10:08.162168453
31,5141.5,18,5141.75,08:10:08.162268746
31,5141.5,18,5141.75,08:10:08.192263621
31,5141.5,18,5141.75,08:10:08.192263621
31,5141.5,47,5142.0,08:10:08.505184280
31,5141.5,47,5142.0,08:10:08.505184280
1,5141.75,47,5142.0,08:10:08.505274314
4,5141.75,47,5142.0,08:10:08.505289121
4,5141.75,47,5142.0,08:10:08.505293588
4,5141.75,46,5142.0,08:10:08.505307988
4,5141.75,46,5142.0,08:10:08.505314129
4,5141.75,46,5142.0,08:10:08.505340012
4,5141.75,43,5142.0,08:10:08.505354677
4,5141.75,43,5142.0,08:10:08.505382799
5,5141.75,43,5142.0,08:10:08.505394233
5,5141.75,43,5142.0,08:10:08.505412579
6,5141.75,43,5142.0,08:10:08.505436544
6,5141.75,44,5142.0,08:10:08.505443690
6,5141.75,45,5142.0,08:10:08.505452039
6,5141.75,37,5142.0,08:10:08.505498859
7,5141.75,37,5142.0,08:10:08.505555666
7,5141.75,38,5142.0,08:10:08.505563138
7,5141.75,38,5142.0,08:10:08.505633988
7,5141.75,38,5142.0,08:10:08.505641169
7,5141.75,38,5142.0,08:10:08.505652760
7,5141.75,38,5142.0,08:10:08.506136731
7,5141.75,38,5142.0,08:10:08.506180979
7,5141.75,38,5142.0,08:10:08.506180979
7,5141.75,38,5142.0,08:10:08.506857210
7,5141.75,39,5142.0,08:10:08.578874903
6,5141.75,39,5142.0,08:10:08.578987533
6,5141.75,39,5142.0,08:10:08.579081349
6,5141.75,40,5142.0,08:10:08.579476887
6,5141.75,40,5142.0,08:10:08.662875399
6,5141.75,40,5142.0,08:10:08.663162919
6,5141.75,40,5142.0,08:10:08.663183617
6,5141.75,40,5142.0,08:10:08.663193662
4,5141.75,40,5142.0,08:10:08.689958135
33,5141.5,40,5142.0,08:10:08.690159249
33,5141.5,40,5142.0,08:10:08.690159249
33,5141.5,2,5141.75,08:10:08.690168178
33,5141.5,3,5141.75,08:10:08.690180037
33,5141.5,4,5141.75,08:10:08.690180037
33,5141.5,5,5141.75,08:10:08.690226563
34,5141.5,5,5141.75,08:10:08.690252338
34,5141.5,3,5141.75,08:10:08.690284630
33,5141.5,3,5141.75,08:10:08.690296637
32,5141.5,3,5141.75,08:10:08.690301846
32,5141.5,4,5141.75,08:10:08.690332640
32,5141.5,3,5141.75,08:10:08.690383817
32,5141.5,40,5142.0,08:10:08.690564442
32,5141.5,40,5142.0,08:10:08.690564442
32,5141.5,40,5142.0,08:10:08.690564442
32,5141.5,40,5142.0,08:10:08.690564442
33,5141.5,40,5142.0,08:10:08.690604746
2,5141.75,40,5142.0,08:10:08.690652651
2,5141.75,40,5142.0,08:10:08.690658875
2,5141.75,40,5142.0,08:10:08.690669019
33,5141.5,40,5142.0,08:10:08.690959380
33,5141.5,40,5142.0,08:10:08.690959380
33,5141.5,1,5141.75,08:10:08.690959380
32,5141.5,1,5141.75,08:10:08.691053306
32,5141.5,1,5141.75,08:10:08.691186489
32,5141.5,1,5141.75,08:10:08.691586043
32,5141.5,38,5142.0,08:10:08.691817379
32,5141.5,38,5142.0,08:10:08.691817379
32,5141.5,38,5142.0,08:10:08.691861517
32,5141.5,38,5142.0,08:10:08.691867191
33,5141.5,38,5142.0,08:10:08.691916654
33,5141.5,39,5142.0,08:10:08.692035498
33,5141.5,39,5142.0,08:10:08.697457057
33,5141.5,40,5142.0,08:10:08.763067671
33,5141.5,40,5142.0,08:10:08.817561753
33,5141.5,41,5142.0,08:10:08.851167671
33,5141.5,41,5142.0,08:10:08.851167671
33,5141.5,41,5142.0,08:10:08.869577920
33,5141.5,41,5142.0,08:10:08.912160690
33,5141.5,41,5142.0,08:10:08.912196268
33,5141.5,41,5142.0,08:10:09.026442892
36,5141.5,41,5142.0,08:10:09.026593410
36,5141.5,40,5142.0,08:10:09.055070155
36,5141.5,40,5142.0,08:10:09.055070155
36,5141.5,39,5142.0,08:10:09.055768534
36,5141.5,40,5142.0,08:10:09.055932819
36,5141.5,40,5142.0,08:10:09.055932819
36,5141.5,41,5142.0,08:10:09.056068715
38,5141.5,41,5142.0,08:10:09.232572125
38,5141.5,3,5141.75,08:10:09.391634782
37,5141.5,3,5141.75,08:10:09.391746999
37,5141.5,41,5142.0,08:10:09.391880288
37,5141.5,41,5142.0,08:10:09.391880288
37,5141.5,1,5141.75,08:10:09.391880288
36,5141.5,1,5141.75,08:10:09.391924209
36,5141.5,4,5141.75,08:10:09.391936222
36,5141.5,5,5141.75,08:10:09.391944564
36,5141.5,5,5141.75,08:10:09.391971404
37,5141.5,5,5141.75,08:10:09.392032794
37,5141.5,6,5141.75,08:10:09.392040010
37,5141.5,6,5141.75,08:10:09.392077671
37,5141.5,6,5141.75,08:10:09.392083579
37,5141.5,9,5141.75,08:10:09.392327273
37,5141.5,9,5141.75,08:10:09.392335001
36,5141.5,9,5141.75,08:10:09.392429480
37,5141.5,9,5141.75,08:10:09.392546391
36,5141.5,9,5141.75,08:10:09.393532091
36,5141.5,12,5141.75,08:10:09.393641207
36,5141.5,12,5141.75,08:10:09.394158900
36,5141.5,12,5141.75,08:10:09.394169218
36,5141.5,12,5141.75,08:10:09.394169218
36,5141.5,13,5141.75,08:10:09.626792632
36,5141.5,14,5141.75,08:10:09.626886278
36,5141.5,15,5141.75,08:10:09.626897296
36,5141.5,16,5141.75,08:10:09.626905427
35,5141.5,16,5141.75,08:10:09.626976201
34,5141.5,16,5141.75,08:10:09.626999955
34,5141.5,17,5141.75,08:10:09.627094702
33,5141.5,17,5141.75,08:10:09.627103496
33,5141.5,19,5141.75,08:10:09.627159817
33,5141.5,19,5141.75,08:10:09.627159817
33,5141.5,19,5141.75,08:10:09.627375598
33,5141.5,19,5141.75,08:10:09.627375598
33,5141.5,23,5141.75,08:10:09.627583883
33,5141.5,23,5141.75,08:10:09.627762501
31,5141.5,23,5141.75,08:10:09.627767874
26,5141.5,23,5141.75,08:10:09.627827002
26,5141.5,23,5141.75,08:10:09.628109235
26,5141.5,23,5141.75,08:10:09.630029459
26,5141.5,23,5141.75,08:10:09.630029459
26,5141.5,23,5141.75,08:10:09.632308481
26,5141.5,23,5141.75,08:10:09.632308481
27,5141.5,23,5141.75,08:10:09.694864581
28,5141.5,23,5141.75,08:10:09.694981550
28,5141.5,23,5141.75,08:10:09.738037707
28,5141.5,23,5141.75,08:10:09.738037707
28,5141.5,23,5141.75,08:10:09.738989733
28,5141.5,23,5141.75,08:10:09.738989733
27,5141.5,23,5141.75,08:10:10.155656821
27,5141.5,23,5141.75,08:10:10.155712640
27,5141.5,23,5141.75,08:10:10.155712640
27,5141.5,23,5141.75,08:10:10.155753473
27,5141.5,23,5141.75,08:10:10.155753473
27,5141.5,23,5141.75,08:10:10.155890998
27,5141.5,23,5141.75,08:10:10.155898581
27,5141.5,23,5141.75,08:10:10.162285396
27,5141.5,23,5141.75,08:10:10.162293591
27,5141.5,23,5141.75,08:10:10.979857979
34,5141.25,23,5141.75,08:10:11.024695297
34,5141.25,23,5141.75,08:10:11.024695297
34,5141.25,24,5141.75,08:10:11.024721265
34,5141.25,1,5141.5,08:10:11.024727575
34,5141.25,2,5141.5,08:10:11.024759115
34,5141.25,4,5141.5,08:10:11.024778639
34,5141.25,4,5141.5,08:10:11.024784757
34,5141.25,5,5141.5,08:10:11.024790402
34,5141.25,6,5141.5,08:10:11.024797551
34,5141.25,6,5141.5,08:10:11.024811179
34,5141.25,9,5141.5,08:10:11.024816511
34,5141.25,10,5141.5,08:10:11.024852698
34,5141.25,10,5141.5,08:10:11.024857700
33,5141.25,10,5141.5,08:10:11.024879681
33,5141.25,11,5141.5,08:10:11.024888231
32,5141.25,11,5141.5,08:10:11.024894702
31,5141.25,11,5141.5,08:10:11.024911969
31,5141.25,11,5141.5,08:10:11.024932664
29,5141.25,11,5141.5,08:10:11.024937442
28,5141.25,11,5141.5,08:10:11.024946786
28,5141.25,11,5141.5,08:10:11.024957634
28,5141.25,12,5141.5,08:10:11.024966697
28,5141.25,12,5141.5,08:10:11.024995830
28,5141.25,12,5141.5,08:10:11.025009469
28,5141.25,12,5141.5,08:10:11.025016589
28,5141.25,12,5141.5,08:10:11.025023306
27,5141.25,12,5141.5,08:10:11.025043943
27,5141.25,13,5141.5,08:10:11.025054292
27,5141.25,13,5141.5,08:10:11.025066497
27,5141.25,13,5141.5,08:10:11.025108226
27,5141.25,13,5141.5,08:10:11.025134272
27,5141.25,14,5141.5,08:10:11.025147494
27,5141.25,14,5141.5,08:10:11.025182561
27,5141.25,14,5141.5,08:10:11.025190826
27,5141.25,14,5141.5,08:10:11.025197678
27,5141.25,13,5141.5,08:10:11.025207665
27,5141.25,13,5141.5,08:10:11.025235922
27,5141.25,12,5141.5,08:10:11.025261890
27,5141.25,12,5141.5,08:10:11.025274191
27,5141.25,13,5141.5,08:10:11.025287270
27,5141.25,14,5141.5,08:10:11.025292921
27,5141.25,15,5141.5,08:10:11.025310323
27,5141.25,15,5141.5,08:10:11.025318333
27,5141.25,15,5141.5,08:10:11.025331888
27,5141.25,14,5141.5,08:10:11.025354625
27,5141.25,13,5141.5,08:10:11.025377425
27,5141.25,14,5141.5,08:10:11.025448121
27,5141.25,14,5141.5,08:10:11.025578293
27,5141.25,14,5141.5,08:10:11.025725352
27,5141.25,14,5141.5,08:10:11.025859144
27,5141.25,14,5141.5,08:10:11.026286132
27,5141.25,14,5141.5,08:10:11.026286132
24,5141.25,14,5141.5,08:10:11.026933278
24,5141.25,19,5141.5,08:10:11.026938945
24,5141.25,20,5141.5,08:10:11.027038194
20,5141.25,20,5141.5,08:10:11.027044085
19,5141.25,20,5141.5,08:10:11.027053122
18,5141.25,20,5141.5,08:10:11.027151115
17,5141.25,20,5141.5,08:10:11.027162796
18,5141.25,20,5141.5,08:10:11.027709204
18,5141.25,20,5141.5,08:10:11.027787513
18,5141.25,20,5141.5,08:10:11.027787513
17,5141.25,20,5141.5,08:10:11.027982265
17,5141.25,21,5141.5,08:10:11.028245563
17,5141.25,23,5141.5,08:10:11.029194175
17,5141.25,23,5141.5,08:10:11.029194175
17,5141.25,24,5141.5,08:10:11.029277416
17,5141.25,24,5141.5,08:10:11.029300902
17,5141.25,24,5141.5,08:10:11.035021092
17,5141.25,24,5141.5,08:10:11.045435039
17,5141.25,24,5141.5,08:10:11.045441039
17,5141.25,24,5141.5,08:10:11.045547000
17,5141.25,25,5141.5,08:10:11.061943439
17,5141.25,25,5141.5,08:10:11.070577803
17,5141.25,25,5141.5,08:10:11.070577803
17,5141.25,25,5141.5,08:10:11.070835184
17,5141.25,25,5141.5,08:10:11.070835184
17,5141.25,26,5141.5,08:10:11.075751107
17,5141.25,26,5141.5,08:10:11.136815596
16,5141.25,26,5141.5,08:10:11.138576502
15,5141.25,26,5141.5,08:10:11.138672887
15,5141.25,26,5141.5,08:10:11.138698907
14,5141.25,26,5141.5,08:10:11.138703992
14,5141.25,26,5141.5,08:10:11.138826200
14,5141.25,26,5141.5,08:10:11.138826200
14,5141.25,26,5141.5,08:10:11.139063981
14,5141.25,26,5141.5,08:10:11.139063981
14,5141.25,26,5141.5,08:10:11.304649709
14,5141.25,26,5141.5,08:10:11.324221832
14,5141.25,26,5141.5,08:10:11.334748262
15,5141.25,26,5141.5,08:10:11.510725602
15,5141.25,27,5141.5,08:10:11.615791359
15,5141.25,26,5141.5,08:10:11.640000283
16,5141.25,26,5141.5,08:10:11.640369996
17,5141.25,26,5141.5,08:10:11.664065696
18,5141.25,26,5141.5,08:10:11.664171762
19,5141.25,26,5141.5,08:10:11.664269553
20,5141.25,26,5141.5,08:10:11.664276411
20,5141.25,25,5141.5,08:10:11.664475013
20,5141.25,24,5141.5,08:10:11.664487007
20,5141.25,23,5141.5,08:10:11.664493542
21,5141.25,23,5141.5,08:10:11.664579220
22,5141.25,23,5141.5,08:10:11.664585633
26,5141.25,23,5141.5,08:10:11.664604085
26,5141.25,18,5141.5,08:10:11.664703706
27,5141.25,18,5141.5,08:10:11.664711754
27,5141.25,18,5141.5,08:10:11.664803279
26,5141.25,18,5141.5,08:10:11.688221684
25,5141.25,18,5141.5,08:10:11.688573051
25,5141.25,19,5141.5,08:10:11.688888398
25,5141.25,19,5141.5,08:10:11.946767196
24,5141.25,19,5141.5,08:10:12.069936652
24,5141.25,20,5141.5,08:10:12.069946745
20,5141.25,20,5141.5,08:10:12.069948425
20,5141.25,19,5141.5,08:10:12.069958666
20,5141.25,20,5141.5,08:10:12.070058696
20,5141.25,20,5141.5,08:10:12.070064863
20,5141.25,21,5141.5,08:10:12.070070018
20,5141.25,26,5141.5,08:10:12.070131472
19,5141.25,26,5141.5,08:10:12.070184862
18,5141.25,26,5141.5,08:10:12.070190369
18,5141.25,26,5141.5,08:10:12.325387442
18,5141.25,25,5141.5,08:10:12.689571333
19,5141.25,25,5141.5,08:10:12.689985470
19,5141.25,20,5141.5,08:10:12.710995209
23,5141.25,20,5141.5,08:10:12.711002323
24,5141.25,20,5141.5,08:10:12.711085809
25,5141.25,20,5141.5,08:10:12.711112082
24,5141.25,20,5141.5,08:10:12.711216289
20,5141.25,20,5141.5,08:10:12.713303102
20,5141.25,20,5141.5,08:10:13.101663318
20,5141.25,25,5141.5,08:10:13.273294044
21,5141.25,25,5141.5,08:10:13.339858198
20,5141.25,25,5141.5,08:10:13.344700757
21,5141.25,25,5141.5,08:10:14.944309864
21,5141.25,20,5141.5,08:10:15.090211804
22,5141.25,20,5141.5,08:10:15.090511797
21,5141.25,20,5141.5,08:10:15.090919751
22,5141.25,20,5141.5,08:10:15.467931203
26,5141.25,20,5141.5,08:10:15.467938557
27,5141.25,20,5141.5,08:10:15.468520095
27,5141.25,20,5141.5,08:10:15.471035125
27,5141.25,15,5141.5,08:10:15.700103190
27,5141.25,14,5141.5,08:10:15.700168888
28,5141.25,14,5141.5,08:10:15.700182971
28,5141.25,13,5141.5,08:10:15.700205436
29,5141.25,13,5141.5,08:10:15.700216338
29,5141.25,13,5141.5,08:10:15.700228054
29,5141.25,13,5141.5,08:10:15.700238441
29,5141.25,12,5141.5,08:10:15.700309134
29,5141.25,13,5141.5,08:10:15.701940629
29,5141.25,14,5141.5,08:10:15.702399707
28,5141.25,14,5141.5,08:10:15.702408639
28,5141.25,15,5141.5,08:10:15.702485386
28,5141.25,15,5141.5,08:10:15.708497561
28,5141.25,16,5141.5,08:10:16.084948065
27,5141.25,16,5141.5,08:10:16.085050007
27,5141.25,16,5141.5,08:10:16.085149759
27,5141.25,17,5141.5,08:10:16.377394119
27,5141.25,18,5141.5,08:10:16.377492642
23,5141.25,18,5141.5,08:10:16.377498517
23,5141.25,20,5141.5,08:10:16.377590036
23,5141.25,21,5141.5,08:10:16.377596190
23,5141.25,22,5141.5,08:10:16.377701962
23,5141.25,27,5141.5,08:10:16.377942008
23,5141.25,27,5141.5,08:10:16.378268562
23,5141.25,27,5141.5,08:10:16.378268562
23,5141.25,27,5141.5,08:10:16.856027128
23,5141.25,27,5141.5,08:10:17.230128876
23,5141.25,27,5141.5,08:10:17.230128876
22,5141.25,27,5141.5,08:10:17.230168659
21,5141.25,27,5141.5,08:10:17.230254178
18,5141.25,27,5141.5,08:10:17.230268956
17,5141.25,27,5141.5,08:10:17.230290473
17,5141.25,27,5141.5,08:10:17.230303408
15,5141.25,27,5141.5,08:10:17.230363478
14,5141.25,27,5141.5,08:10:17.230395015
14,5141.25,27,5141.5,08:10:17.230467568
14,5141.25,30,5141.5,08:10:17.230505770
14,5141.25,30,5141.5,08:10:17.230613625
13,5141.25,30,5141.5,08:10:17.231199717
12,5141.25,30,5141.5,08:10:17.231418000
11,5141.25,30,5141.5,08:10:17.231524609
10,5141.25,30,5141.5,08:10:17.231533191
9,5141.25,30,5141.5,08:10:17.231632116
9,5141.25,31,5141.5,08:10:17.231748701
8,5141.25,31,5141.5,08:10:17.444275019
6,5141.25,31,5141.5,08:10:17.444479750
6,5141.25,32,5141.5,08:10:17.444479750
6,5141.25,32,5141.5,08:10:17.444479750
6,5141.25,33,5141.5,08:10:17.444484364
5,5141.25,33,5141.5,08:10:17.444647961
5,5141.25,34,5141.5,08:10:17.444647961
4,5141.25,34,5141.5,08:10:17.444716330
4,5141.25,35,5141.5,08:10:17.444723803
4,5141.25,35,5141.5,08:10:17.444723803
4,5141.25,35,5141.5,08:10:17.444773189
4,5141.25,36,5141.5,08:10:17.445321526
4,5141.25,36,5141.5,08:10:17.445332755
4,5141.25,36,5141.5,08:10:17.445339149
4,5141.25,36,5141.5,08:10:17.445357674
4,5141.25,37,5141.5,08:10:17.445523194
4,5141.25,42,5141.5,08:10:17.448339715
3,5141.25,42,5141.5,08:10:17.448794294
3,5141.25,42,5141.5,08:10:17.448914716
1,5141.25,42,5141.5,08:10:17.449257123
1,5141.25,42,5141.5,08:10:17.449345902
3,5141.25,42,5141.5,08:10:17.449783306
3,5141.25,42,5141.5,08:10:17.449880946
4,5141.25,42,5141.5,08:10:17.457990752
4,5141.25,41,5141.5,08:10:17.458223979
7,5141.25,41,5141.5,08:10:17.458361700
9,5141.25,41,5141.5,08:10:17.458460149
10,5141.25,41,5141.5,08:10:17.458467192
10,5141.25,41,5141.5,08:10:17.458517866
10,5141.25,40,5141.5,08:10:17.458551326
11,5141.25,40,5141.5,08:10:17.459041282
11,5141.25,40,5141.5,08:10:17.459047772
11,5141.25,40,5141.5,08:10:17.459047772
11,5141.25,35,5141.5,08:10:17.460288033
11,5141.25,32,5141.5,08:10:17.460553626
11,5141.25,31,5141.5,08:10:17.460560176
11,5141.25,30,5141.5,08:10:17.460653077
12,5141.25,30,5141.5,08:10:17.460746349
11,5141.25,30,5141.5,08:10:17.469037963
12,5141.25,30,5141.5,08:10:17.469154347
12,5141.25,30,5141.5,08:10:17.469160382
12,5141.25,30,5141.5,08:10:17.469160382
12,5141.25,30,5141.5,08:10:17.480045235
12,5141.25,30,5141.5,08:10:17.480045235
12,5141.25,30,5141.5,08:10:17.662233014
12,5141.25,30,5141.5,08:10:17.791982440
12,5141.25,30,5141.5,08:10:17.791982440
11,5141.25,30,5141.5,08:10:18.104408537
10,5141.25,30,5141.5,08:10:18.104524875
8,5141.25,30,5141.5,08:10:18.104533976
8,5141.25,30,5141.5,08:10:18.106034519
8,5141.25,30,5141.5,08:10:18.106050269
2,5141.25,30,5141.5,08:10:18.228582499
2,5141.25,31,5141.5,08:10:18.228673970
2,5141.25,32,5141.5,08:10:18.228683148
1,5141.25,32,5141.5,08:10:18.228689650
1,5141.25,33,5141.5,08:10:18.228790164
36,5141.0,33,5141.5,08:10:18.228797896
36,5141.0,33,5141.5,08:10:18.228797896
35,5141.0,33,5141.5,08:10:18.228908768
34,5141.0,33,5141.5,08:10:18.228918845
35,5141.0,33,5141.5,08:10:18.228929735
35,5141.0,1,5141.25,08:10:18.229025923
35,5141.0,1,5141.25,08:10:18.229025923
35,5141.0,2,5141.25,08:10:18.229126117
35,5141.0,2,5141.25,08:10:18.229210073
35,5141.0,2,5141.25,08:10:18.229268359
35,5141.0,2,5141.25,08:10:18.229274579
35,5141.0,2,5141.25,08:10:18.229281520
35,5141.0,5,5141.25,08:10:18.229377542
35,5141.0,5,5141.25,08:10:18.229397268
35,5141.0,6,5141.25,08:10:18.229481948
34,5141.0,6,5141.25,08:10:18.229489554
34,5141.0,7,5141.25,08:10:18.229499849
34,5141.0,7,5141.25,08:10:18.229596328
34,5141.0,7,5141.25,08:10:18.229596328
34,5141.0,10,5141.25,08:10:18.229975091
34,5141.0,10,5141.25,08:10:18.229986044
33,5141.0,10,5141.25,08:10:18.230009798
32,5141.0,10,5141.25,08:10:18.230032253
32,5141.0,11,5141.25,08:10:18.230287331
32,5141.0,11,5141.25,08:10:18.231057512
32,5141.0,13,5141.25,08:10:18.231452670
32,5141.0,13,5141.25,08:10:18.231452670
32,5141.0,13,5141.25,08:10:18.231562664
32,5141.0,13,5141.25,08:10:18.231572203
32,5141.0,13,5141.25,08:10:18.233191232
32,5141.0,13,5141.25,08:10:18.233197037
32,5141.0,13,5141.25,08:10:18.244470621
32,5141.0,13,5141.25,08:10:18.244476951
31,5141.0,13,5141.25,08:10:18.336975698
31,5141.0,13,5141.25,08:10:18.336982920
31,5141.0,13,5141.25,08:10:18.336982920
31,5141.0,13,5141.25,08:10:18.337130015
31,5141.0,14,5141.25,08:10:18.337329133
31,5141.0,15,5141.25,08:10:18.337340714
30,5141.0,15,5141.25,08:10:18.337345904
30,5141.0,15,5141.25,08:10:18.337353844
30,5141.0,16,5141.25,08:10:18.337398696
29,5141.0,16,5141.25,08:10:18.337408937
29,5141.0,17,5141.25,08:10:18.337451343
29,5141.0,17,5141.25,08:10:18.337458557
29,5141.0,17,5141.25,08:10:18.337458557
29,5141.0,17,5141.25,08:10:18.337465747
29,5141.0,18,5141.25,08:10:18.337500650
29,5141.0,17,5141.25,08:10:18.337536938
29,5141.0,17,5141.25,08:10:18.337600086
29,5141.0,17,5141.25,08:10:18.337600086
28,5141.0,17,5141.25,08:10:18.337610230
27,5141.0,17,5141.25,08:10:18.337720040
27,5141.0,17,5141.25,08:10:18.338515960
27,5141.0,17,5141.25,08:10:18.338522005
28,5141.0,17,5141.25,08:10:18.341555272
28,5141.0,17,5141.25,08:10:18.341562252
28,5141.0,17,5141.25,08:10:18.341562252
28,5141.0,16,5141.25,08:10:18.551968230
29,5141.0,16,5141.25,08:10:18.698306022
28,5141.0,16,5141.25,08:10:18.879875837
28,5141.0,16,5141.25,08:10:19.063733638
28,5141.0,16,5141.25,08:10:19.063733638
28,5141.0,16,5141.25,08:10:19.064755419
28,5141.0,16,5141.25,08:10:19.064755419
28,5141.0,16,5141.25,08:10:19.181467220
28,5141.0,16,5141.25,08:10:19.181467220
28,5141.0,20,5141.25,08:10:19.360009377
28,5141.0,21,5141.25,08:10:19.360106588
24,5141.0,21,5141.25,08:10:19.360148874
23,5141.0,21,5141.25,08:10:19.360189573
22,5141.0,21,5141.25,08:10:19.360297200
19,5141.0,21,5141.25,08:10:19.360393493
19,5141.0,21,5141.25,08:10:19.360417085
19,5141.0,21,5141.25,08:10:19.360417085
19,5141.0,21,5141.25,08:10:19.360424492
19,5141.0,21,5141.25,08:10:19.360525864
19,5141.0,21,5141.25,08:10:19.361651138
19,5141.0,21,5141.25,08:10:19.361673782
20,5141.0,21,5141.25,08:10:19.452936508
19,5141.0,21,5141.25,08:10:19.548568162
19,5141.0,22,5141.25,08:10:19.635939344
18,5141.0,22,5141.25,08:10:19.635946394
17,5141.0,22,5141.25,08:10:19.636043679
16,5141.0,22,5141.25,08:10:19.636149643
14,5141.0,22,5141.25,08:10:19.636360850
14,5141.0,22,5141.25,08:10:19.636467972
14,5141.0,23,5141.25,08:10:19.636554160
14,5141.0,24,5141.25,08:10:19.636653509
14,5141.0,24,5141.25,08:10:19.636669068
14,5141.0,24,5141.25,08:10:19.685904216
13,5141.0,24,5141.25,08:10:19.687067459
12,5141.0,24,5141.25,08:10:19.687077084
12,5141.0,23,5141.25,08:10:19.701123294
12,5141.0,22,5141.25,08:10:19.701129018
13,5141.0,22,5141.25,08:10:19.701339692
14,5141.0,22,5141.25,08:10:19.701346169
13,5141.0,22,5141.25,08:10:19.707189238
12,5141.0,22,5141.25,08:10:19.707283528
12,5141.0,23,5141.25,08:10:19.707491465
12,5141.0,23,5141.25,08:10:19.708964275
11,5141.0,23,5141.25,08:10:19.888520543
9,5141.0,23,5141.25,08:10:19.888520543
9,5141.0,24,5141.25,08:10:19.888558239
8,5141.0,24,5141.25,08:10:19.888567641
8,5141.0,23,5141.25,08:10:19.888580518
6,5141.0,23,5141.25,08:10:19.888712953
5,5141.0,23,5141.25,08:10:19.888765553
5,5141.0,24,5141.25,08:10:19.888765553
2,5141.0,24,5141.25,08:10:19.888765553
2,5141.0,24,5141.25,08:10:19.888823121
45,5140.75,24,5141.25,08:10:19.888823121
45,5140.75,24,5141.25,08:10:19.888823121
45,5140.75,24,5141.25,08:10:19.888823121
42,5140.75,24,5141.25,08:10:19.888833362
42,5140.75,25,5141.25,08:10:19.888833362
42,5140.75,26,5141.25,08:10:19.888839932
42,5140.75,26,5141.25,08:10:19.888839932
42,5140.75,1,5141.0,08:10:19.888858025
42,5140.75,1,5141.0,08:10:19.888865733
42,5140.75,1,5141.0,08:10:19.888926266
42,5140.75,1,5141.0,08:10:19.888931537
41,5140.75,1,5141.0,08:10:19.888969268
41,5140.75,2,5141.0,08:10:19.888992376
42,5140.75,2,5141.0,08:10:19.889003781
42,5140.75,3,5141.0,08:10:19.889008037
42,5140.75,5,5141.0,08:10:19.889035849
42,5140.75,5,5141.0,08:10:19.889035849
41,5140.75,5,5141.0,08:10:19.889044297
40,5140.75,5,5141.0,08:10:19.889073923
40,5140.75,6,5141.0,08:10:19.889084490
40,5140.75,6,5141.0,08:10:19.889084490
40,5140.75,6,5141.0,08:10:19.889101195
40,5140.75,6,5141.0,08:10:19.889101195
40,5140.75,9,5141.0,08:10:19.889113972
40,5140.75,9,5141.0,08:10:19.889132302
40,5140.75,10,5141.0,08:10:19.889137329
40,5140.75,10,5141.0,08:10:19.889174754
40,5140.75,10,5141.0,08:10:19.889186854
40,5140.75,10,5141.0,08:10:19.889186854
40,5140.75,10,5141.0,08:10:19.889211619
40,5140.75,10,5141.0,08:10:19.889220307
40,5140.75,10,5141.0,08:10:19.889220307
40,5140.75,10,5141.0,08:10:19.889247204
40,5140.75,10,5141.0,08:10:19.889310312
40,5140.75,10,5141.0,08:10:19.889362022
40,5140.75,11,5141.0,08:10:19.889376777
40,5140.75,11,5141.0,08:10:19.889644962
40,5140.75,12,5141.0,08:10:19.889759483
40,5140.75,12,5141.0,08:10:19.889768667
36,5140.75,12,5141.0,08:10:19.889792459
35,5140.75,12,5141.0,08:10:19.889799730
35,5140.75,12,5141.0,08:10:19.890041083
35,5140.75,12,5141.0,08:10:19.890041083
35,5140.75,12,5141.0,08:10:19.890177216
35,5140.75,12,5141.0,08:10:19.890177216
35,5140.75,12,5141.0,08:10:19.890199921
35,5140.75,12,5141.0,08:10:19.890199921
35,5140.75,12,5141.0,08:10:19.890356602
35,5140.75,12,5141.0,08:10:19.891343851
35,5140.75,13,5141.0,08:10:19.891489603
32,5140.75,13,5141.0,08:10:19.891596912
32,5140.75,14,5141.0,08:10:19.891683272
31,5140.75,14,5141.0,08:10:19.891809476
31,5140.75,14,5141.0,08:10:19.891817656
31,5140.75,15,5141.0,08:10:19.891835493
31,5140.75,15,5141.0,08:10:19.893268412
31,5140.75,15,5141.0,08:10:19.893268412
31,5140.75,15,5141.0,08:10:19.894555193
31,5140.75,15,5141.0,08:10:19.894555193
32,5140.75,15,5141.0,08:10:19.954349924
32,5140.75,15,5141.0,08:10:20.005644227
32,5140.75,15,5141.0,08:10:20.005757375
32,5140.75,12,5141.0,08:10:20.013680124
35,5140.75,12,5141.0,08:10:20.013765828
36,5140.75,12,5141.0,08:10:20.013772414
38,5140.75,12,5141.0,08:10:20.013780161
38,5140.75,12,5141.0,08:10:20.013958469
40,5140.75,12,5141.0,08:10:20.028029172
40,5140.75,13,5141.0,08:10:20.079384411
37,5140.75,13,5141.0,08:10:20.079489393
37,5140.75,13,5141.0,08:10:20.260061799
37,5140.75,13,5141.0,08:10:20.260061799
37,5140.75,13,5141.0,08:10:20.432257805
37,5140.75,13,5141.0,08:10:20.432363424
37,5140.75,13,5141.0,08:10:20.705065660
37,5140.75,13,5141.0,08:10:20.741873597
37,5140.75,13,5141.0,08:10:20.741873597
37,5140.75,13,5141.0,08:10:20.766420531
37,5140.75,13,5141.0,08:10:20.766420531
40,5140.75,13,5141.0,08:10:21.914178800
40,5140.75,13,5141.0,08:10:21.914185840
40,5140.75,10,5141.0,08:10:21.914211425
41,5140.75,10,5141.0,08:10:21.914322348
41,5140.75,3,5141.0,08:10:21.914549483
41,5140.75,2,5141.0,08:10:21.914549483
41,5140.75,2,5141.0,08:10:21.914565406
41,5140.75,26,5141.25,08:10:21.914759410
41,5140.75,26,5141.25,08:10:21.914759410
1,5141.0,26,5141.25,08:10:21.914759410
2,5141.0,26,5141.25,08:10:21.914766581
4,5141.0,26,5141.25,08:10:21.914773100
5,5141.0,26,5141.25,08:10:21.914786268
6,5141.0,26,5141.25,08:10:21.914794227
7,5141.0,26,5141.25,08:10:21.914802528
12,5141.0,26,5141.25,08:10:21.914835293
14,5141.0,26,5141.25,08:10:21.914844791
14,5141.0,27,5141.25,08:10:21.914940259
15,5141.0,27,5141.25,08:10:21.914974498
16,5141.0,27,5141.25,08:10:21.915018826
16,5141.0,27,5141.25,08:10:21.915036219
17,5141.0,27,5141.25,08:10:21.915050657
17,5141.0,28,5141.25,08:10:21.915055800
18,5141.0,28,5141.25,08:10:21.915072520
16,5141.0,28,5141.25,08:10:21.915077243
17,5141.0,28,5141.25,08:10:21.915082892
17,5141.0,28,5141.25,08:10:21.915091458
18,5141.0,28,5141.25,08:10:21.915102991
18,5141.0,29,5141.25,08:10:21.915113260
18,5141.0,29,5141.25,08:10:21.915125421
18,5141.0,28,5141.25,08:10:21.915135008
13,5141.0,28,5141.25,08:10:21.915150355
13,5141.0,27,5141.25,08:10:21.915155338
12,5141.0,27,5141.25,08:10:21.915163895
11,5141.0,27,5141.25,08:10:21.915177172
12,5141.0,27,5141.25,08:10:21.915191073
12,5141.0,26,5141.25,08:10:21.915285126
12,5141.0,26,5141.25,08:10:21.915572908
12,5141.0,26,5141.25,08:10:21.915733138
12,5141.0,26,5141.25,08:10:21.915738687
12,5141.0,26,5141.25,08:10:21.915746281
12,5141.0,26,5141.25,08:10:21.915756051
15,5141.0,26,5141.25,08:10:21.916625601
15,5141.0,26,5141.25,08:10:21.916718768
15,5141.0,26,5141.25,08:10:21.916780981
15,5141.0,26,5141.25,08:10:21.916780981
15,5141.0,26,5141.25,08:10:21.917232609
16,5141.0,26,5141.25,08:10:21.917302517
17,5141.0,26,5141.25,08:10:21.917310431
17,5141.0,26,5141.25,08:10:21.917321382
17,5141.0,26,5141.25,08:10:21.917321382
18,5141.0,26,5141.25,08:10:21.917334326
22,5141.0,26,5141.25,08:10:21.917343116
22,5141.0,26,5141.25,08:10:21.917451007
22,5141.0,26,5141.25,08:10:21.917458172
24,5141.0,26,5141.25,08:10:21.917492556
25,5141.0,26,5141.25,08:10:21.917730420
26,5141.0,26,5141.25,08:10:21.917839846
25,5141.0,26,5141.25,08:10:21.918028465
25,5141.0,21,5141.25,08:10:21.919045464
25,5141.0,17,5141.25,08:10:21.919302874
27,5141.0,17,5141.25,08:10:22.016039280
29,5141.0,17,5141.25,08:10:22.034776798
29,5141.0,17,5141.25,08:10:22.034776798
30,5141.0,17,5141.25,08:10:22.034866508
30,5141.0,16,5141.25,08:10:22.034955240
30,5141.0,15,5141.25,08:10:22.035049062
30,5141.0,15,5141.25,08:10:22.035152898
30,5141.0,15,5141.25,08:10:22.035163090
30,5141.0,15,5141.25,08:10:22.035168370
30,5141.0,15,5141.25,08:10:22.035175081
30,5141.0,15,5141.25,08:10:22.035187251
30,5141.0,15,5141.25,08:10:22.035275873
30,5141.0,15,5141.25,08:10:22.108865019
30,5141.0,15,5141.25,08:10:22.109111097
30,5141.0,15,5141.25,08:10:22.109144084
30,5141.0,15,5141.25,08:10:22.109171614
30,5141.0,15,5141.25,08:10:22.140790485
30,5141.0,17,5141.25,08:10:22.305356801
30,5141.0,18,5141.25,08:10:22.305462403
30,5141.0,18,5141.25,08:10:22.305468240
29,5141.0,18,5141.25,08:10:22.405675286
25,5141.0,18,5141.25,08:10:22.521218522
25,5141.0,18,5141.25,08:10:22.521330982
29,5141.0,18,5141.25,08:10:22.703918185
29,5141.0,14,5141.25,08:10:22.703927766
30,5141.0,14,5141.25,08:10:22.703934572
30,5141.0,13,5141.25,08:10:22.703938636
31,5141.0,13,5141.25,08:10:22.703951033
31,5141.0,12,5141.25,08:10:22.704030618
31,5141.0,12,5141.25,08:10:22.704037152
31,5141.0,12,5141.25,08:10:22.704049870
31,5141.0,12,5141.25,08:10:22.704049870
32,5141.0,12,5141.25,08:10:22.704060478
32,5141.0,12,5141.25,08:10:22.704071566
33,5141.0,12,5141.25,08:10:22.704081268
33,5141.0,12,5141.25,08:10:22.704161085
33,5141.0,12,5141.25,08:10:22.704167338
33,5141.0,12,5141.25,08:10:22.704176647
33,5141.0,11,5141.25,08:10:22.704183873
34,5141.0,11,5141.25,08:10:22.704209445
34,5141.0,44,5141.5,08:10:22.704887997
34,5141.0,44,5141.5,08:10:22.704887997
1,5141.25,44,5141.5,08:10:22.704896204
2,5141.25,44,5141.5,08:10:22.704921098
7,5141.25,44,5141.5,08:10:22.704962731
8,5141.25,44,5141.5,08:10:22.704971553
9,5141.25,44,5141.5,08:10:22.704978315
9,5141.25,44,5141.5,08:10:22.704983086
10,5141.25,44,5141.5,08:10:22.704998805
10,5141.25,44,5141.5,08:10:22.705004082
11,5141.25,44,5141.5,08:10:22.705023138
12,5141.25,44,5141.5,08:10:22.705033132
12,5141.25,44,5141.5,08:10:22.705048998
12,5141.25,43,5141.5,08:10:22.705054316
12,5141.25,35,5141.5,08:10:22.705069363
12,5141.25,34,5141.5,08:10:22.705075322
12,5141.25,34,5141.5,08:10:22.705088727
12,5141.25,34,5141.5,08:10:22.705097620
12,5141.25,34,5141.5,08:10:22.705109245
13,5141.25,34,5141.5,08:10:22.705133115
13,5141.25,35,5141.5,08:10:22.705143886
13,5141.25,35,5141.5,08:10:22.705148869
13,5141.25,34,5141.5,08:10:22.705156731
13,5141.25,33,5141.5,08:10:22.705170792
13,5141.25,34,5141.5,08:10:22.705186729
14,5141.25,34,5141.5,08:10:22.705249542
13,5141.25,34,5141.5,08:10:22.705281741
13,5141.25,34,5141.5,08:10:22.705346302
12,5141.25,34,5141.5,08:10:22.705355561
12,5141.25,35,5141.5,08:10:22.705384762
12,5141.25,35,5141.5,08:10:22.705384762
12,5141.25,34,5141.5,08:10:22.705898334
12,5141.25,34,5141.5,08:10:22.705898334
12,5141.25,34,5141.5,08:10:22.706378932
12,5141.25,34,5141.5,08:10:22.706388657
12,5141.25,34,5141.5,08:10:22.706396219
12,5141.25,34,5141.5,08:10:22.706396219
12,5141.25,34,5141.5,08:10:22.706645670
12,5141.25,34,5141.5,08:10:22.706841767
12,5141.25,34,5141.5,08:10:22.706861582
12,5141.25,34,5141.5,08:10:22.706861582
12,5141.25,34,5141.5,08:10:22.707717390
12,5141.25,34,5141.5,08:10:22.707717390
12,5141.25,33,5141.5,08:10:22.707819383
12,5141.25,33,5141.5,08:10:22.707923575
12,5141.25,33,5141.5,08:10:22.707923575
12,5141.25,34,5141.5,08:10:22.708306692
12,5141.25,35,5141.5,08:10:22.708393296
7,5141.25,35,5141.5,08:10:22.708410250
6,5141.25,35,5141.5,08:10:22.708416679
6,5141.25,36,5141.5,08:10:22.708511080
39,5141.0,36,5141.5,08:10:22.708797730
39,5141.0,36,5141.5,08:10:22.708797730
39,5141.0,1,5141.25,08:10:22.708838777
39,5141.0,2,5141.25,08:10:22.708869830
39,5141.0,3,5141.25,08:10:22.708876115
39,5141.0,3,5141.25,08:10:22.708884909
39,5141.0,4,5141.25,08:10:22.708891754
39,5141.0,5,5141.25,08:10:22.708903501
39,5141.0,7,5141.25,08:10:22.708927782
38,5141.0,7,5141.25,08:10:22.708955274
38,5141.0,8,5141.25,08:10:22.709002107
37,5141.0,8,5141.25,08:10:22.709006677
36,5141.0,8,5141.25,08:10:22.709033357
36,5141.0,8,5141.25,08:10:22.709557988
36,5141.0,8,5141.25,08:10:22.709569483
36,5141.0,7,5141.25,08:10:22.719120939
36,5141.0,6,5141.25,08:10:22.720074091
34,5141.0,6,5141.25,08:10:22.740967937
34,5141.0,7,5141.25,08:10:22.741031519
34,5141.0,8,5141.25,08:10:22.741040841
34,5141.0,11,5141.25,08:10:22.741053282
34,5141.0,11,5141.25,08:10:22.741128020
34,5141.0,11,5141.25,08:10:22.741193462
34,5141.0,11,5141.25,08:10:22.741193462
34,5141.0,11,5141.25,08:10:22.741706186
34,5141.0,11,5141.25,08:10:22.741706186
34,5141.0,8,5141.25,08:10:22.821401450
34,5141.0,8,5141.25,08:10:22.821521369
34,5141.0,7,5141.25,08:10:22.821532410
33,5141.0,7,5141.25,08:10:23.005155873
33,5141.0,7,5141.25,08:10:23.528133003
33,5141.0,7,5141.25,08:10:23.629374314
33,5141.0,7,5141.25,08:10:23.629380464
33,5141.0,7,5141.25,08:10:23.629390890
33,5141.0,7,5141.25,08:10:23.765588275
33,5141.0,7,5141.25,08:10:23.767184439
33,5141.0,7,5141.25,08:10:23.767184439
33,5141.0,10,5141.25,08:10:23.767192922
33,5141.0,11,5141.25,08:10:23.767292198
34,5141.0,11,5141.25,08:10:23.767298272
34,5141.0,11,5141.25,08:10:23.767388721
34,5141.0,11,5141.25,08:10:23.767553659
34,5141.0,11,5141.25,08:10:23.767553659
34,5141.0,8,5141.25,08:10:24.088858147
35,5141.0,8,5141.25,08:10:24.088937902
35,5141.0,7,5141.25,08:10:24.088943246
35,5141.0,7,5141.25,08:10:24.088959208
35,5141.0,6,5141.25,08:10:24.088975266
35,5141.0,9,5141.25,08:10:24.177894862
36,5141.0,9,5141.25,08:10:24.379571525
36,5141.0,6,5141.25,08:10:24.558671328
37,5141.0,6,5141.25,08:10:24.636342204
37,5141.0,9,5141.25,08:10:24.637286971
37,5141.0,13,5141.25,08:10:24.806699647
33,5141.0,13,5141.25,08:10:24.807008870
33,5141.0,14,5141.25,08:10:24.807103877
33,5141.0,14,5141.25,08:10:25.091624969
33,5141.0,14,5141.25,08:10:25.091624969
33,5141.0,14,5141.25,08:10:25.092973905
33,5141.0,14,5141.25,08:10:25.092973905
33,5141.0,14,5141.25,08:10:25.095260783
33,5141.0,14,5141.25,08:10:25.095260783
33,5141.0,14,5141.25,08:10:25.100277143
33,5141.0,14,5141.25,08:10:25.100277143
33,5141.0,14,5141.25,08:10:25.178333861
33,5141.0,14,5141.25,08:10:25.178333861
33,5141.0,14,5141.25,08:10:25.290592443
33,5141.0,14,5141.25,08:10:25.290592443
33,5141.0,10,5141.25,08:10:25.293805620
33,5141.0,9,5141.25,08:10:25.293891554
33,5141.0,8,5141.25,08:10:25.600128652
37,5141.0,8,5141.25,08:10:25.600128652
37,5141.0,37,5141.5,08:10:25.600258645
37,5141.0,37,5141.5,08:10:25.600258645
2,5141.25,37,5141.5,08:10:25.600265953
4,5141.25,37,5141.5,08:10:25.600277935
4,5141.25,37,5141.5,08:10:25.600277935
4,5141.25,37,5141.5,08:10:25.600302607
4,5141.25,37,5141.5,08:10:25.600302607
4,5141.25,37,5141.5,08:10:25.600317091
7,5141.25,37,5141.5,08:10:25.600317091
8,5141.25,37,5141.5,08:10:25.600323373
8,5141.25,37,5141.5,08:10:25.600323373
9,5141.25,37,5141.5,08:10:25.600361197
9,5141.25,37,5141.5,08:10:25.600366947
10,5141.25,37,5141.5,08:10:25.600376660
11,5141.25,37,5141.5,08:10:25.600400030
11,5141.25,37,5141.5,08:10:25.600400030
11,5141.25,37,5141.5,08:10:25.600404711
11,5141.25,37,5141.5,08:10:25.600436696
12,5141.25,37,5141.5,08:10:25.600443211
13,5141.25,37,5141.5,08:10:25.600451087
14,5141.25,37,5141.5,08:10:25.600480428
14,5141.25,36,5141.5,08:10:25.600489551
13,5141.25,36,5141.5,08:10:25.600498784
10,5141.25,36,5141.5,08:10:25.600531639
9,5141.25,36,5141.5,08:10:25.600547690
10,5141.25,36,5141.5,08:10:25.600607128
10,5141.25,35,5141.5,08:10:25.600708694
9,5141.25,35,5141.5,08:10:25.600818700
9,5141.25,35,5141.5,08:10:25.600838659
9,5141.25,35,5141.5,08:10:25.600844279
9,5141.25,35,5141.5,08:10:25.600851418
9,5141.25,35,5141.5,08:10:25.601656683
9,5141.25,35,5141.5,08:10:25.601656683
9,5141.25,35,5141.5,08:10:25.601801245
9,5141.25,35,5141.5,08:10:25.601807351
9,5141.25,35,5141.5,08:10:25.602037986
9,5141.25,35,5141.5,08:10:25.602057490
9,5141.25,35,5141.5,08:10:25.602096845
9,5141.25,35,5141.5,08:10:25.602096845
9,5141.25,35,5141.5,08:10:25.603113780
9,5141.25,35,5141.5,08:10:25.603121077
8,5141.25,35,5141.5,08:10:25.603142517
8,5141.25,35,5141.5,08:10:25.603245793
8,5141.25,35,5141.5,08:10:25.603245793
8,5141.25,35,5141.5,08:10:25.603404510
8,5141.25,35,5141.5,08:10:25.603404510
6,5141.25,35,5141.5,08:10:25.604410786
5,5141.25,35,5141.5,08:10:25.604607193
4,5141.25,35,5141.5,08:10:25.604607193
3,5141.25,35,5141.5,08:10:25.604607193
2,5141.25,35,5141.5,08:10:25.604607193
2,5141.25,36,5141.5,08:10:25.604607193
40,5141.0,36,5141.5,08:10:25.604797351
40,5141.0,36,5141.5,08:10:25.604797351
40,5141.0,31,5141.5,08:10:25.604837134
40,5141.0,32,5141.5,08:10:25.604861662
40,5141.0,1,5141.25,08:10:25.604881278
40,5141.0,1,5141.25,08:10:25.604889743
40,5141.0,1,5141.25,08:10:25.604889743
39,5141.0,1,5141.25,08:10:25.604894684
40,5141.0,1,5141.25,08:10:25.604901477
39,5141.0,1,5141.25,08:10:25.604912738
39,5141.0,3,5141.25,08:10:25.604932902
38,5141.0,3,5141.25,08:10:25.604980301
38,5141.0,2,5141.25,08:10:25.605132305
38,5141.0,2,5141.25,08:10:25.605132305
38,5141.0,33,5141.5,08:10:25.605132305
38,5141.0,33,5141.5,08:10:25.605132305
37,5141.0,33,5141.5,08:10:25.605132305
38,5141.0,33,5141.5,08:10:25.610861108
38,5141.0,33,5141.5,08:10:25.843909272
38,5141.0,33,5141.5,08:10:25.844133491
38,5141.0,33,5141.5,08:10:25.844163088
38,5141.0,33,5141.5,08:10:25.844173898
38,5141.0,33,5141.5,08:10:25.972336620
38,5141.0,33,5141.5,08:10:25.972336620
38,5141.0,33,5141.5,08:10:26.092889124
39,5141.0,33,5141.5,08:10:26.092996501
1,5141.25,33,5141.5,08:10:26.774611031
2,5141.25,33,5141.5,08:10:26.774729051
2,5141.25,33,5141.5,08:10:26.775002064
2,5141.25,33,5141.5,08:10:26.775007853
2,5141.25,33,5141.5,08:10:26.775013856
2,5141.25,33,5141.5,08:10:26.775018743
2,5141.25,33,5141.5,08:10:26.775122332
1,5141.25,33,5141.5,08:10:26.775388315
39,5141.0,33,5141.5,08:10:26.775589993
39,5141.0,33,5141.5,08:10:26.775589993
38,5141.0,33,5141.5,08:10:26.775686467
38,5141.0,38,5141.5,08:10:26.776015345
3,5141.25,38,5141.5,08:10:27.765325224
3,5141.25,38,5141.5,08:10:27.765430247
4,5141.25,38,5141.5,08:10:27.765460437
4,5141.25,38,5141.5,08:10:27.765573028
4,5141.25,38,5141.5,08:10:27.765573028
4,5141.25,37,5141.5,08:10:27.765910763
5,5141.25,37,5141.5,08:10:27.766006077
2,5141.25,37,5141.5,08:10:27.766048912
3,5141.25,37,5141.5,08:10:27.766107658
3,5141.25,37,5141.5,08:10:27.766157110
3,5141.25,37,5141.5,08:10:27.766157110
3,5141.25,37,5141.5,08:10:27.766254133
3,5141.25,38,5141.5,08:10:27.766265487
4,5141.25,38,5141.5,08:10:27.956538721
5,5141.25,38,5141.5,08:10:27.956543627
6,5141.25,38,5141.5,08:10:27.956565755
7,5141.25,38,5141.5,08:10:27.956573234
8,5141.25,38,5141.5,08:10:27.956578690
11,5141.25,38,5141.5,08:10:27.956585218
11,5141.25,38,5141.5,08:10:27.956604716
11,5141.25,38,5141.5,08:10:27.956604716
10,5141.25,38,5141.5,08:10:27.956640669
11,5141.25,38,5141.5,08:10:27.956648176
12,5141.25,38,5141.5,08:10:27.956675281
12,5141.25,37,5141.5,08:10:27.956682871
11,5141.25,37,5141.5,08:10:27.956688388
10,5141.25,37,5141.5,08:10:27.956698433
11,5141.25,37,5141.5,08:10:27.956770377
11,5141.25,36,5141.5,08:10:27.957544284
11,5141.25,35,5141.5,08:10:27.957587056
11,5141.25,35,5141.5,08:10:27.958170108
11,5141.25,35,5141.5,08:10:27.958176575
11,5141.25,35,5141.5,08:10:27.970949949
11,5141.25,35,5141.5,08:10:27.970957796
11,5141.25,35,5141.5,08:10:27.977928183
11,5141.25,35,5141.5,08:10:27.977935095
11,5141.25,35,5141.5,08:10:27.978039104
12,5141.25,35,5141.5,08:10:27.978050259
12,5141.25,35,5141.5,08:10:27.992230952
12,5141.25,35,5141.5,08:10:27.992230952
12,5141.25,35,5141.5,08:10:28.097470032
12,5141.25,30,5141.5,08:10:28.098718941
12,5141.25,30,5141.5,08:10:28.099051075
13,5141.25,30,5141.5,08:10:28.300661637
14,5141.25,30,5141.5,08:10:28.300865177
14,5141.25,26,5141.5,08:10:28.637812429
15,5141.25,26,5141.5,08:10:28.637915906
17,5141.25,26,5141.5,08:10:28.637929142
18,5141.25,26,5141.5,08:10:28.638004107
19,5141.25,26,5141.5,08:10:28.638014347
20,5141.25,26,5141.5,08:10:28.638021611
21,5141.25,26,5141.5,08:10:28.638045282
21,5141.25,26,5141.5,08:10:28.638061180
21,5141.25,26,5141.5,08:10:28.638065814
21,5141.25,26,5141.5,08:10:28.638193973
21,5141.25,26,5141.5,08:10:28.638200066
20,5141.25,26,5141.5,08:10:28.648142996
19,5141.25,26,5141.5,08:10:28.648228310
18,5141.25,26,5141.5,08:10:28.805146630
17,5141.25,26,5141.5,08:10:28.805248976
17,5141.25,25,5141.5,08:10:28.805309307
16,5141.25,25,5141.5,08:10:28.805356184
17,5141.25,25,5141.5,08:10:28.805437168
19,5141.25,25,5141.5,08:10:28.805524562
20,5141.25,25,5141.5,08:10:28.805535110
19,5141.25,25,5141.5,08:10:28.805558441
18,5141.25,25,5141.5,08:10:28.805613565
19,5141.25,25,5141.5,08:10:28.805628596
18,5141.25,25,5141.5,08:10:28.805648251
16,5141.25,25,5141.5,08:10:28.805667675
17,5141.25,25,5141.5,08:10:28.805726387
18,5141.25,25,5141.5,08:10:28.805739002
19,5141.25,25,5141.5,08:10:28.805828715
23,5141.25,25,5141.5,08:10:28.806057591
23,5141.25,25,5141.5,08:10:28.806137016
23,5141.25,25,5141.5,08:10:28.806137016
23,5141.25,20,5141.5,08:10:28.806165355
23,5141.25,20,5141.5,08:10:28.928753481
24,5141.25,20,5141.5,08:10:28.948864584
25,5141.25,20,5141.5,08:10:28.948924254
25,5141.25,19,5141.5,08:10:28.948949373
26,5141.25,19,5141.5,08:10:28.948961811
26,5141.25,17,5141.5,08:10:28.948984615
27,5141.25,17,5141.5,08:10:28.949019729
27,5141.25,16,5141.5,08:10:28.949037950
27,5141.25,15,5141.5,08:10:28.949044930
27,5141.25,14,5141.5,08:10:28.949058466
27,5141.25,13,5141.5,08:10:28.949071100
27,5141.25,13,5141.5,08:10:28.949082374
27,5141.25,12,5141.5,08:10:28.949122986
27,5141.25,11,5141.5,08:10:28.949147383
27,5141.25,10,5141.5,08:10:28.949219986
29,5141.25,10,5141.5,08:10:28.949763764
30,5141.25,10,5141.5,08:10:28.951015030
31,5141.25,10,5141.5,08:10:28.951109045
31,5141.25,9,5141.5,08:10:28.951207600
30,5141.25,9,5141.5,08:10:28.961227025
30,5141.25,9,5141.5,08:10:29.077963493
30,5141.25,10,5141.5,08:10:29.202552803
30,5141.25,15,5141.5,08:10:29.203344352
29,5141.25,15,5141.5,08:10:29.203448263
28,5141.25,15,5141.5,08:10:29.203546487
28,5141.25,16,5141.5,08:10:29.203552142
24,5141.25,16,5141.5,08:10:29.203663619
24,5141.25,17,5141.5,08:10:29.204248188
24,5141.25,17,5141.5,08:10:29.204758918
22,5141.25,17,5141.5,08:10:29.204769113
21,5141.25,17,5141.5,08:10:29.204781216
21,5141.25,17,5141.5,08:10:29.204795454
21,5141.25,17,5141.5,08:10:29.204795454
20,5141.25,17,5141.5,08:10:29.204806138
19,5141.25,17,5141.5,08:10:29.204903906
18,5141.25,17,5141.5,08:10:29.204910230
17,5141.25,17,5141.5,08:10:29.205016587
17,5141.25,17,5141.5,08:10:29.205402947
17,5141.25,17,5141.5,08:10:29.205402947
17,5141.25,17,5141.5,08:10:29.208008244
18,5141.25,17,5141.5,08:10:29.218310865
19,5141.25,17,5141.5,08:10:29.218415798
20,5141.25,17,5141.5,08:10:29.218421274
20,5141.25,16,5141.5,08:10:29.218431856
21,5141.25,16,5141.5,08:10:29.218442944
21,5141.25,15,5141.5,08:10:29.218510008
21,5141.25,10,5141.5,08:10:29.218611319
21,5141.25,10,5141.5,08:10:29.218719593
22,5141.25,10,5141.5,08:10:29.218724931
23,5141.25,10,5141.5,08:10:29.218824203
24,5141.25,10,5141.5,08:10:29.218833077
24,5141.25,9,5141.5,08:10:29.219141490
23,5141.25,9,5141.5,08:10:29.228939755
27,5141.25,9,5141.5,08:10:29.229047181
27,5141.25,10,5141.5,08:10:29.393341590
26,5141.25,10,5141.5,08:10:29.393347475
26,5141.25,11,5141.5,08:10:29.393431227
26,5141.25,11,5141.5,08:10:29.405288624
27,5141.25,11,5141.5,08:10:29.565755244
27,5141.25,10,5141.5,08:10:29.565849761
27,5141.25,9,5141.5,08:10:29.565855563
27,5141.25,9,5141.5,08:10:30.010815647
27,5141.25,9,5141.5,08:10:30.010820995
25,5141.25,9,5141.5,08:10:30.010830476
25,5141.25,10,5141.5,08:10:30.064663646
25,5141.25,9,5141.5,08:10:30.077063970
26,5141.25,9,5141.5,08:10:30.382236152
26,5141.25,9,5141.5,08:10:30.508229871
25,5141.25,9,5141.5,08:10:30.523902431
25,5141.25,9,5141.5,08:10:30.524045627
25,5141.25,9,5141.5,08:10:31.240051481
25,5141.25,9,5141.5,08:10:31.240165268
26,5141.25,9,5141.5,08:10:31.240171869
26,5141.25,9,5141.5,08:10:31.240179607
26,5141.25,9,5141.5,08:10:31.278825044
26,5141.25,9,5141.5,08:10:31.375691815
26,5141.25,9,5141.5,08:10:31.375691815
26,5141.25,9,5141.5,08:10:31.375823021
26,5141.25,9,5141.5,08:10:31.490470176
25,5141.25,9,5141.5,08:10:31.924568521
25,5141.25,10,5141.5,08:10:31.924674706
24,5141.25,10,5141.5,08:10:31.924686290
24,5141.25,15,5141.5,08:10:32.320316060
20,5141.25,15,5141.5,08:10:32.320419941
19,5141.25,15,5141.5,08:10:32.320445036
19,5141.25,15,5141.5,08:10:32.320450616
19,5141.25,16,5141.5,08:10:32.320476697
19,5141.25,17,5141.5,08:10:32.320516752
19,5141.25,18,5141.5,08:10:32.320518480
19,5141.25,18,5141.5,08:10:32.320526503
18,5141.25,18,5141.5,08:10:32.320552228
18,5141.25,19,5141.5,08:10:32.320611704
18,5141.25,21,5141.5,08:10:32.320641247
18,5141.25,21,5141.5,08:10:32.434868701
18,5141.25,21,5141.5,08:10:32.481871527
22,5141.25,21,5141.5,08:10:32.482828600
23,5141.25,21,5141.5,08:10:32.482922051
24,5141.25,21,5141.5,08:10:32.482950647
24,5141.25,19,5141.5,08:10:32.482959677
24,5141.25,18,5141.5,08:10:32.483031416
24,5141.25,17,5141.5,08:10:32.483114591
24,5141.25,18,5141.5,08:10:33.651549547
24,5141.25,20,5141.5,08:10:33.651586623
24,5141.25,21,5141.5,08:10:33.651616447
24,5141.25,22,5141.5,08:10:33.651621030
24,5141.25,23,5141.5,08:10:33.651627235
23,5141.25,23,5141.5,08:10:33.651633552
22,5141.25,23,5141.5,08:10:33.651655491
21,5141.25,23,5141.5,08:10:33.651661651
21,5141.25,24,5141.5,08:10:33.651714731
21,5141.25,24,5141.5,08:10:33.651755657
21,5141.25,24,5141.5,08:10:33.651755657
21,5141.25,25,5141.5,08:10:33.651766783
21,5141.25,26,5141.5,08:10:33.651778828
21,5141.25,26,5141.5,08:10:33.652053535
21,5141.25,27,5141.5,08:10:33.652115721
21,5141.25,27,5141.5,08:10:33.652245519
21,5141.25,27,5141.5,08:10:33.652255740
21,5141.25,29,5141.5,08:10:33.652286070
21,5141.25,29,5141.5,08:10:33.653160194
21,5141.25,29,5141.5,08:10:33.653160194
21,5141.25,29,5141.5,08:10:33.801464230
21,5141.25,29,5141.5,08:10:33.801464230
21,5141.25,28,5141.5,08:10:34.031210372
22,5141.25,28,5141.5,08:10:34.031530019
22,5141.25,27,5141.5,08:10:34.031629821
22,5141.25,27,5141.5,08:10:34.031649268
22,5141.25,27,5141.5,08:10:34.031649268
22,5141.25,26,5141.5,08:10:34.031842967
22,5141.25,24,5141.5,08:10:34.031851253
23,5141.25,24,5141.5,08:10:34.031967610
23,5141.25,24,5141.5,08:10:34.031991386
23,5141.25,24,5141.5,08:10:34.032001912
23,5141.25,22,5141.5,08:10:34.032069919
23,5141.25,21,5141.5,08:10:34.032156289
24,5141.25,21,5141.5,08:10:34.081872405
24,5141.25,20,5141.5,08:10:34.081959832
24,5141.25,19,5141.5,08:10:34.082049674
24,5141.25,18,5141.5,08:10:34.082143522
23,5141.25,18,5141.5,08:10:34.082319657
23,5141.25,19,5141.5,08:10:34.083152134
22,5141.25,19,5141.5,08:10:34.083261976
21,5141.25,19,5141.5,08:10:34.083554133
21,5141.25,19,5141.5,08:10:34.087070802
21,5141.25,19,5141.5,08:10:34.087070802
22,5141.25,19,5141.5,08:10:34.462600556
22,5141.25,19,5141.5,08:10:34.462777720
22,5141.25,19,5141.5,08:10:34.462777720
23,5141.25,19,5141.5,08:10:34.859155853
24,5141.25,19,5141.5,08:10:34.859161991
24,5141.25,18,5141.5,08:10:34.859252869
24,5141.25,13,5141.5,08:10:34.859360794
24,5141.25,12,5141.5,08:10:34.859455052
24,5141.25,12,5141.5,08:10:34.859466803
28,5141.25,12,5141.5,08:10:34.859477821
28,5141.25,12,5141.5,08:10:34.905806870
28,5141.25,12,5141.5,08:10:34.985634263
28,5141.25,12,5141.5,08:10:34.985644337
28,5141.25,12,5141.5,08:10:34.991446847
28,5141.25,12,5141.5,08:10:34.991457510
28,5141.25,13,5141.5,08:10:35.977948868
27,5141.25,13,5141.5,08:10:36.188877811
27,5141.25,14,5141.5,08:10:36.188975631
27,5141.25,15,5141.5,08:10:36.188989612
23,5141.25,15,5141.5,08:10:36.189092731
23,5141.25,20,5141.5,08:10:36.189100766
22,5141.25,20,5141.5,08:10:36.189180086
21,5141.25,20,5141.5,08:10:36.189192038
21,5141.25,20,5141.5,08:10:36.189198234
21,5141.25,20,5141.5,08:10:36.205789077
21,5141.25,20,5141.5,08:10:36.709895970
21,5141.25,20,5141.5,08:10:36.709895970
21,5141.25,20,5141.5,08:10:36.709910725
21,5141.25,20,5141.5,08:10:36.709910725
21,5141.25,21,5141.5,08:10:36.709975881
21,5141.25,22,5141.5,08:10:36.710068161
21,5141.25,23,5141.5,08:10:36.710076607
21,5141.25,23,5141.5,08:10:36.720064345
21,5141.25,23,5141.5,08:10:36.720064345
21,5141.25,22,5141.5,08:10:36.720175252
21,5141.25,22,5141.5,08:10:36.720377650
21,5141.25,22,5141.5,08:10:36.720377650
21,5141.25,22,5141.5,08:10:36.728853692
21,5141.25,22,5141.5,08:10:36.728853692
21,5141.25,22,5141.5,08:10:37.790023657
21,5141.25,22,5141.5,08:10:37.790023657
22,5141.25,22,5141.5,08:10:37.831549868
22,5141.25,21,5141.5,08:10:37.831807413
23,5141.25,21,5141.5,08:10:37.831914967
22,5141.25,21,5141.5,08:10:37.964410375
22,5141.25,21,5141.5,08:10:37.964468348
22,5141.25,21,5141.5,08:10:37.964468348
22,5141.25,22,5141.5,08:10:37.964610513
21,5141.25,22,5141.5,08:10:37.964711428
21,5141.25,21,5141.5,08:10:38.011837941
21,5141.25,21,5141.5,08:10:39.033509371
21,5141.25,21,5141.5,08:10:39.033509371
21,5141.25,21,5141.5,08:10:39.033547407
21,5141.25,21,5141.5,08:10:39.033553570
21,5141.25,21,5141.5,08:10:39.034504181
21,5141.25,21,5141.5,08:10:39.034510623
21,5141.25,21,5141.5,08:10:39.035097807
21,5141.25,21,5141.5,08:10:39.035097807
21,5141.25,21,5141.5,08:10:39.254789778
21,5141.25,21,5141.5,08:10:39.254789778
21,5141.25,21,5141.5,08:10:39.264934620
21,5141.25,21,5141.5,08:10:39.264934620
21,5141.25,21,5141.5,08:10:39.265155549
21,5141.25,21,5141.5,08:10:39.265155549
21,5141.25,21,5141.5,08:10:39.918107323
21,5141.25,21,5141.5,08:10:39.918107323
21,5141.25,22,5141.5,08:10:39.918114481
21,5141.25,22,5141.5,08:10:40.236351770
21,5141.25,22,5141.5,08:10:40.236351770
20,5141.25,22,5141.5,08:10:40.236475783
19,5141.25,22,5141.5,08:10:40.236573004
18,5141.25,22,5141.5,08:10:40.236602601
17,5141.25,22,5141.5,08:10:40.236609616
16,5141.25,22,5141.5,08:10:40.236708779
16,5141.25,25,5141.5,08:10:40.236990202
13,5141.25,25,5141.5,08:10:40.237474132
12,5141.25,25,5141.5,08:10:40.237568796
13,5141.25,25,5141.5,08:10:40.554433306
14,5141.25,25,5141.5,08:10:40.582929394
14,5141.25,25,5141.5,08:10:42.110316667
14,5141.25,25,5141.5,08:10:42.110326046
17,5141.25,25,5141.5,08:10:42.507706123
18,5141.25,25,5141.5,08:10:42.507715422
20,5141.25,25,5141.5,08:10:42.507797847
21,5141.25,25,5141.5,08:10:42.507889967
22,5141.25,25,5141.5,08:10:42.507896527
22,5141.25,22,5141.5,08:10:42.507939232
23,5141.25,22,5141.5,08:10:42.507989927
23,5141.25,22,5141.5,08:10:42.508044066
23,5141.25,22,5141.5,08:10:42.508050508
22,5141.25,22,5141.5,08:10:42.518017472
21,5141.25,22,5141.5,08:10:42.518104118
18,5141.25,22,5141.5,08:10:42.518210754
16,5141.25,22,5141.5,08:10:42.518216924
15,5141.25,22,5141.5,08:10:42.518264899
14,5141.25,22,5141.5,08:10:42.518314743
15,5141.25,22,5141.5,08:10:44.195629949
16,5141.25,22,5141.5,08:10:44.195723093
15,5141.25,22,5141.5,08:10:44.195836481
14,5141.25,22,5141.5,08:10:44.195896569
15,5141.25,22,5141.5,08:10:44.541975283
14,5141.25,22,5141.5,08:10:45.110133145
13,5141.25,22,5141.5,08:10:45.110187479
12,5141.25,22,5141.5,08:10:46.335446981
10,5141.25,22,5141.5,08:10:46.335446981
35,5141.0,22,5141.5,08:10:46.335555983
35,5141.0,22,5141.5,08:10:46.335555983
35,5141.0,23,5141.5,08:10:46.335662448
35,5141.0,24,5141.5,08:10:46.335674477
34,5141.0,24,5141.5,08:10:46.335682596
35,5141.0,24,5141.5,08:10:46.335702756
35,5141.0,24,5141.5,08:10:46.335708190
35,5141.0,25,5141.5,08:10:46.335716091
35,5141.0,28,5141.5,08:10:46.335737461
35,5141.0,29,5141.5,08:10:46.335742232
35,5141.0,29,5141.5,08:10:46.335822458
35,5141.0,29,5141.5,08:10:46.335827604
35,5141.0,28,5141.5,08:10:46.335868459
35,5141.0,28,5141.5,08:10:46.335876196
35,5141.0,28,5141.5,08:10:46.335882561
1,5141.25,28,5141.5,08:10:46.346011581
1,5141.25,28,5141.5,08:10:46.346125363
4,5141.25,28,5141.5,08:10:46.346133702
3,5141.25,28,5141.5,08:10:46.346256834
3,5141.25,28,5141.5,08:10:46.346433871
3,5141.25,28,5141.5,08:10:46.346441110
2,5141.25,28,5141.5,08:10:46.346769117
2,5141.25,28,5141.5,08:10:46.346868565
37,5141.0,28,5141.5,08:10:46.346897753
37,5141.0,28,5141.5,08:10:46.346897753
37,5141.0,25,5141.5,08:10:46.346968868
37,5141.0,26,5141.5,08:10:46.346974967
36,5141.0,26,5141.5,08:10:46.347000814
37,5141.0,26,5141.5,08:10:46.347192943
3,5141.25,26,5141.5,08:10:46.347459131
3,5141.25,26,5141.5,08:10:46.347547961
4,5141.25,26,5141.5,08:10:46.347566739
5,5141.25,26,5141.5,08:10:46.352263816
6,5141.25,26,5141.5,08:10:46.352361479
7,5141.25,26,5141.5,08:10:46.352373988
9,5141.25,26,5141.5,08:10:46.352468207
10,5141.25,26,5141.5,08:10:46.352476918
10,5141.25,25,5141.5,08:10:46.352495766
11,5141.25,25,5141.5,08:10:46.352507325
11,5141.25,24,5141.5,08:10:46.352514304
11,5141.25,23,5141.5,08:10:46.352612079
11,5141.25,22,5141.5,08:10:46.352618796
12,5141.25,22,5141.5,08:10:46.352699595
13,5141.25,22,5141.5,08:10:46.355327519
14,5141.25,22,5141.5,08:10:46.355333715
14,5141.25,22,5141.5,08:10:46.355356128
14,5141.25,22,5141.5,08:10:46.355356128
15,5141.25,22,5141.5,08:10:46.355414718
15,5141.25,22,5141.5,08:10:46.355520822
15,5141.25,22,5141.5,08:10:46.355533492
19,5141.25,22,5141.5,08:10:46.355636815
19,5141.25,21,5141.5,08:10:46.355824246
19,5141.25,16,5141.5,08:10:46.355830118
20,5141.25,16,5141.5,08:10:46.355941372
20,5141.25,15,5141.5,08:10:46.356039783
20,5141.25,14,5141.5,08:10:46.356136937
21,5141.25,14,5141.5,08:10:46.356227170
22,5141.25,14,5141.5,08:10:46.356320240
22,5141.25,14,5141.5,08:10:46.357016834
22,5141.25,14,5141.5,08:10:46.357016834
22,5141.25,14,5141.5,08:10:46.406163613
22,5141.25,14,5141.5,08:10:46.406163613
22,5141.25,15,5141.5,08:10:46.407613930
21,5141.25,15,5141.5,08:10:47.327919306
21,5141.25,17,5141.5,08:10:47.328019721
20,5141.25,17,5141.5,08:10:47.328026473
19,5141.25,17,5141.5,08:10:47.328092593
19,5141.25,22,5141.5,08:10:47.328137884
15,5141.25,22,5141.5,08:10:47.328144233
15,5141.25,23,5141.5,08:10:47.328186608
14,5141.25,23,5141.5,08:10:47.328191053
13,5141.25,23,5141.5,08:10:47.328226244
13,5141.25,24,5141.5,08:10:47.328240958
12,5141.25,24,5141.5,08:10:47.328313237
12,5141.25,25,5141.5,08:10:47.328328729
12,5141.25,25,5141.5,08:10:47.328444075
12,5141.25,24,5141.5,08:10:47.338445522
12,5141.25,24,5141.5,08:10:47.338563799
12,5141.25,23,5141.5,08:10:47.338569166
12,5141.25,23,5141.5,08:10:48.192930614
12,5141.25,23,5141.5,08:10:48.192936086
12,5141.25,24,5141.5,08:10:49.297092000
12,5141.25,24,5141.5,08:10:49.297464750
12,5141.25,24,5141.5,08:10:49.297554735
12,5141.25,24,5141.5,08:10:49.297567490
12,5141.25,23,5141.5,08:10:49.298151071
13,5141.25,23,5141.5,08:10:49.298250359
14,5141.25,23,5141.5,08:10:49.899049333
15,5141.25,23,5141.5,08:10:49.899139174
14,5141.25,23,5141.5,08:10:49.985504416
13,5141.25,23,5141.5,08:10:49.985592377
13,5141.25,23,5141.5,08:10:51.581233618
14,5141.25,23,5141.5,08:10:52.701809045
15,5141.25,23,5141.5,08:10:52.702300780
15,5141.25,23,5141.5,08:10:52.805912898
15,5141.25,23,5141.5,08:10:52.805912898
15,5141.25,24,5141.5,08:10:52.806043432
15,5141.25,24,5141.5,08:10:52.806124057
15,5141.25,24,5141.5,08:10:52.806124057
15,5141.25,23,5141.5,08:10:52.806257343
15,5141.25,23,5141.5,08:10:52.806782253
16,5141.25,23,5141.5,08:10:53.407729541
17,5141.25,23,5141.5,08:10:53.449520365
18,5141.25,23,5141.5,08:10:53.449624297
19,5141.25,23,5141.5,08:10:53.449639418
20,5141.25,23,5141.5,08:10:53.449678826
21,5141.25,23,5141.5,08:10:53.449727560
21,5141.25,23,5141.5,08:10:53.449733928
21,5141.25,23,5141.5,08:10:53.449741580
22,5141.25,23,5141.5,08:10:53.449786265
22,5141.25,21,5141.5,08:10:53.449802726
22,5141.25,16,5141.5,08:10:53.449911762
26,5141.25,16,5141.5,08:10:53.449937222
26,5141.25,16,5141.5,08:10:53.450133412
26,5141.25,16,5141.5,08:10:53.450133412
27,5141.25,16,5141.5,08:10:53.450325047
27,5141.25,15,5141.5,08:10:53.450421321
27,5141.25,15,5141.5,08:10:53.450487377
27,5141.25,15,5141.5,08:10:53.450487377
27,5141.25,14,5141.5,08:10:53.450516568
27,5141.25,13,5141.5,08:10:53.450523867
28,5141.25,13,5141.5,08:10:53.450544933
29,5141.25,13,5141.5,08:10:53.450718831
29,5141.25,12,5141.5,08:10:53.450997915
30,5141.25,12,5141.5,08:10:53.451054892
30,5141.25,10,5141.5,08:10:53.451201241
30,5141.25,36,5141.75,08:10:53.451388570
30,5141.25,36,5141.75,08:10:53.451388570
30,5141.25,36,5141.75,08:10:53.451420235
30,5141.25,36,5141.75,08:10:53.451420235
1,5141.5,36,5141.75,08:10:53.451420235
1,5141.5,36,5141.75,08:10:53.451420235
1,5141.5,35,5141.75,08:10:53.451512915
1,5141.5,35,5141.75,08:10:53.451520550
3,5141.5,35,5141.75,08:10:53.451536515
3,5141.5,34,5141.75,08:10:53.451551293
3,5141.5,34,5141.75,08:10:53.451564330
3,5141.5,34,5141.75,08:10:53.451577438
3,5141.5,34,5141.75,08:10:53.451577438
3,5141.5,26,5141.75,08:10:53.451588353
3,5141.5,23,5141.75,08:10:53.451612075
3,5141.5,23,5141.75,08:10:53.451681212
3,5141.5,24,5141.75,08:10:53.451698073
3,5141.5,25,5141.75,08:10:53.451708944
3,5141.5,25,5141.75,08:10:53.451720560
3,5141.5,25,5141.75,08:10:53.451739921
3,5141.5,26,5141.75,08:10:53.451750718
3,5141.5,27,5141.75,08:10:53.451759304
3,5141.5,28,5141.75,08:10:53.451782235
3,5141.5,29,5141.75,08:10:53.451887425
34,5141.25,29,5141.75,08:10:53.452023300
34,5141.25,29,5141.75,08:10:53.452023300
34,5141.25,1,5141.5,08:10:53.452112171
34,5141.25,2,5141.5,08:10:53.452127099
34,5141.25,3,5141.5,08:10:53.452136795
34,5141.25,5,5141.5,08:10:53.452150086
34,5141.25,5,5141.5,08:10:53.452184717
34,5141.25,5,5141.5,08:10:53.452191431
34,5141.25,5,5141.5,08:10:53.452197818
34,5141.25,5,5141.5,08:10:53.452208215
34,5141.25,5,5141.5,08:10:53.452220948
34,5141.25,3,5141.5,08:10:53.452391825
34,5141.25,4,5141.5,08:10:53.452391825
33,5141.25,4,5141.5,08:10:53.452391825
32,5141.25,4,5141.5,08:10:53.452391825
31,5141.25,4,5141.5,08:10:53.452391825
31,5141.25,4,5141.5,08:10:53.452391825
31,5141.25,4,5141.5,08:10:53.452391825
30,5141.25,4,5141.5,08:10:53.452391825
30,5141.25,4,5141.5,08:10:53.452459388
31,5141.25,4,5141.5,08:10:53.452589471
31,5141.25,7,5141.5,08:10:53.452597599
34,5141.25,7,5141.5,08:10:53.452912780
34,5141.25,9,5141.5,08:10:53.453735055
34,5141.25,9,5141.5,08:10:53.453741414
34,5141.25,9,5141.5,08:10:53.453749168
34,5141.25,9,5141.5,08:10:53.453756902
34,5141.25,9,5141.5,08:10:53.453983332
34,5141.25,14,5141.5,08:10:53.454092567
33,5141.25,14,5141.5,08:10:53.454197605
33,5141.25,14,5141.5,08:10:53.454238176
33,5141.25,14,5141.5,08:10:53.454238176
32,5141.25,14,5141.5,08:10:53.454290523
28,5141.25,14,5141.5,08:10:53.454350002
28,5141.25,14,5141.5,08:10:53.454417139
28,5141.25,14,5141.5,08:10:53.454417139
28,5141.25,14,5141.5,08:10:53.460307201
28,5141.25,14,5141.5,08:10:53.460307201
28,5141.25,14,5141.5,08:10:53.460370485
28,5141.25,14,5141.5,08:10:53.460378838
28,5141.25,14,5141.5,08:10:53.460386809
28,5141.25,14,5141.5,08:10:53.460400960
26,5141.25,14,5141.5,08:10:53.482379026
26,5141.25,16,5141.5,08:10:53.482466388
26,5141.25,17,5141.5,08:10:53.482475290
26,5141.25,18,5141.5,08:10:53.482485226
26,5141.25,21,5141.5,08:10:53.482508907
26,5141.25,22,5141.5,08:10:53.482585126
23,5141.25,22,5141.5,08:10:53.482598025
23,5141.25,23,5141.5,08:10:53.482611571
22,5141.25,23,5141.5,08:10:53.482706332
21,5141.25,23,5141.5,08:10:53.482734076
21,5141.25,23,5141.5,08:10:53.482771405
21,5141.25,20,5141.5,08:10:53.482780368
21,5141.25,20,5141.5,08:10:53.482790874
21,5141.25,19,5141.5,08:10:53.482870991
21,5141.25,17,5141.5,08:10:53.482974288
22,5141.25,17,5141.5,08:10:53.503758635
22,5141.25,16,5141.5,08:10:53.503765688
22,5141.25,16,5141.5,08:10:53.503771292
22,5141.25,16,5141.5,08:10:53.503771292
22,5141.25,14,5141.5,08:10:53.503871761
22,5141.25,13,5141.5,08:10:53.503963401
22,5141.25,12,5141.5,08:10:53.503969500
22,5141.25,12,5141.5,08:10:53.504077512
22,5141.25,7,5141.5,08:10:53.504096220
23,5141.25,7,5141.5,08:10:53.504101503
27,5141.25,7,5141.5,08:10:53.504304275
28,5141.25,7,5141.5,08:10:53.534718035
28,5141.25,7,5141.5,08:10:53.616709052
28,5141.25,7,5141.5,08:10:53.843330532
28,5141.25,7,5141.5,08:10:53.896018610
20,5141.25,7,5141.5,08:10:54.020205611
20,5141.25,9,5141.5,08:10:54.020242204
20,5141.25,10,5141.5,08:10:54.020252476
20,5141.25,11,5141.5,08:10:54.020259033
19,5141.25,11,5141.5,08:10:54.020263820
19,5141.25,12,5141.5,08:10:54.020278883
19,5141.25,13,5141.5,08:10:54.020296656
19,5141.25,14,5141.5,08:10:54.020309251
19,5141.25,15,5141.5,08:10:54.020319399
19,5141.25,16,5141.5,08:10:54.020323959
19,5141.25,19,5141.5,08:10:54.020354596
19,5141.25,20,5141.5,08:10:54.020359908
20,5141.25,20,5141.5,08:10:54.020366065
19,5141.25,20,5141.5,08:10:54.020371582
19,5141.25,19,5141.5,08:10:54.020378677
20,5141.25,19,5141.5,08:10:54.020384939
19,5141.25,19,5141.5,08:10:54.020393368
19,5141.25,20,5141.5,08:10:54.020399256
19,5141.25,20,5141.5,08:10:54.020406511
19,5141.25,20,5141.5,08:10:54.020414463
19,5141.25,20,5141.5,08:10:54.020414463
19,5141.25,25,5141.5,08:10:54.020430393
15,5141.25,25,5141.5,08:10:54.020436060
15,5141.25,26,5141.5,08:10:54.020443116
18,5141.25,26,5141.5,08:10:54.020455789
18,5141.25,27,5141.5,08:10:54.020475648
17,5141.25,27,5141.5,08:10:54.020525720
16,5141.25,27,5141.5,08:10:54.020535048
16,5141.25,26,5141.5,08:10:54.020540568
16,5141.25,26,5141.5,08:10:54.020560252
15,5141.25,26,5141.5,08:10:54.020660714
15,5141.25,26,5141.5,08:10:54.020874412
15,5141.25,26,5141.5,08:10:54.020874412
15,5141.25,26,5141.5,08:10:54.020892690
15,5141.25,26,5141.5,08:10:54.020903717
15,5141.25,26,5141.5,08:10:54.021015851
15,5141.25,26,5141.5,08:10:54.100357379
15,5141.25,26,5141.5,08:10:54.100364852
15,5141.25,26,5141.5,08:10:54.289351343
13,5141.25,26,5141.5,08:10:54.663467467
13,5141.25,27,5141.5,08:10:54.663544960
13,5141.25,27,5141.5,08:10:54.663553018
10,5141.25,27,5141.5,08:10:54.663564647
10,5141.25,30,5141.5,08:10:54.663662005
9,5141.25,30,5141.5,08:10:54.663671999
8,5141.25,30,5141.5,08:10:54.663763057
8,5141.25,31,5141.5,08:10:54.663773809
8,5141.25,32,5141.5,08:10:54.663803705
8,5141.25,32,5141.5,08:10:54.663803705
8,5141.25,32,5141.5,08:10:54.664142770
8,5141.25,32,5141.5,08:10:54.664149718
6,5141.25,32,5141.5,08:10:54.667421249
5,5141.25,32,5141.5,08:10:54.667638141
3,5141.25,32,5141.5,08:10:54.667638141
2,5141.25,32,5141.5,08:10:54.667638141
37,5141.0,32,5141.5,08:10:54.667677498
37,5141.0,32,5141.5,08:10:54.667677498
37,5141.0,1,5141.25,08:10:54.667677498
37,5141.0,1,5141.25,08:10:54.667685300
37,5141.0,4,5141.25,08:10:54.667685300
37,5141.0,5,5141.25,08:10:54.667724120
37,5141.0,7,5141.25,08:10:54.667724120
37,5141.0,8,5141.25,08:10:54.667724120
37,5141.0,12,5141.25,08:10:54.667724120
37,5141.0,13,5141.25,08:10:54.667724120
36,5141.0,13,5141.25,08:10:54.667724120
36,5141.0,14,5141.25,08:10:54.667724120
36,5141.0,15,5141.25,08:10:54.667724120
36,5141.0,15,5141.25,08:10:54.667724120
36,5141.0,18,5141.25,08:10:54.667729064
36,5141.0,18,5141.25,08:10:54.667729064
36,5141.0,18,5141.25,08:10:54.667737768
36,5141.0,19,5141.25,08:10:54.667781449
36,5141.0,20,5141.25,08:10:54.667787311
35,5141.0,20,5141.25,08:10:54.667799631
35,5141.0,23,5141.25,08:10:54.667808492
35,5141.0,23,5141.25,08:10:54.667819312
35,5141.0,23,5141.25,08:10:54.667831946
35,5141.0,23,5141.25,08:10:54.667837933
35,5141.0,24,5141.25,08:10:54.667844666
35,5141.0,24,5141.25,08:10:54.667862292
35,5141.0,25,5141.25,08:10:54.667867092
36,5141.0,25,5141.25,08:10:54.667879899
36,5141.0,26,5141.25,08:10:54.667901966
35,5141.0,26,5141.25,08:10:54.667926255
34,5141.0,26,5141.25,08:10:54.667937740
34,5141.0,26,5141.25,08:10:54.667950889
34,5141.0,25,5141.25,08:10:54.667970307
34,5141.0,25,5141.25,08:10:54.668025508
34,5141.0,25,5141.25,08:10:54.668031201
33,5141.0,25,5141.25,08:10:54.668058062
32,5141.0,25,5141.25,08:10:54.668081528
32,5141.0,25,5141.25,08:10:54.668139853
32,5141.0,25,5141.25,08:10:54.668146634
32,5141.0,25,5141.25,08:10:54.668672382
32,5141.0,25,5141.25,08:10:54.668736806
32,5141.0,25,5141.25,08:10:54.668736806
32,5141.0,25,5141.25,08:10:54.668801264
28,5141.0,25,5141.25,08:10:54.668933181
28,5141.0,26,5141.25,08:10:54.668939360
28,5141.0,26,5141.25,08:10:54.668988037
28,5141.0,26,5141.25,08:10:54.668988037
27,5141.0,26,5141.25,08:10:54.669028603
26,5141.0,26,5141.25,08:10:54.669042658
26,5141.0,26,5141.25,08:10:54.669106685
26,5141.0,26,5141.25,08:10:54.669140404
26,5141.0,28,5141.25,08:10:54.669268576
26,5141.0,29,5141.25,08:10:54.669444353
26,5141.0,30,5141.25,08:10:54.669781169
26,5141.0,31,5141.25,08:10:54.669787460
26,5141.0,32,5141.25,08:10:54.669885974
26,5141.0,32,5141.25,08:10:54.669993439
25,5141.0,32,5141.25,08:10:54.670000146
24,5141.0,32,5141.25,08:10:54.670096305
23,5141.0,32,5141.25,08:10:54.670103201
23,5141.0,32,5141.25,08:10:54.670205702
23,5141.0,34,5141.25,08:10:54.670751361
23,5141.0,35,5141.25,08:10:54.670757099
23,5141.0,37,5141.25,08:10:54.670764082
23,5141.0,35,5141.25,08:10:54.670771970
23,5141.0,34,5141.25,08:10:54.670777010
23,5141.0,32,5141.25,08:10:54.670783096
23,5141.0,32,5141.25,08:10:54.676691437
22,5141.0,32,5141.25,08:10:54.679841198
21,5141.0,32,5141.25,08:10:54.679941813
21,5141.0,31,5141.25,08:10:54.679987145
21,5141.0,33,5141.25,08:10:54.683443192
21,5141.0,33,5141.25,08:10:54.686346204
20,5141.0,33,5141.25,08:10:54.688694011
19,5141.0,33,5141.25,08:10:54.694684667
18,5141.0,33,5141.25,08:10:54.696168015
17,5141.0,33,5141.25,08:10:54.696247735
15,5141.0,33,5141.25,08:10:54.696542602
14,5141.0,33,5141.25,08:10:54.696549204
14,5141.0,33,5141.25,08:10:54.696648034
14,5141.0,33,5141.25,08:10:54.701814875
13,5141.0,33,5141.25,08:10:54.712142677
13,5141.0,33,5141.25,08:10:54.712210653
13,5141.0,33,5141.25,08:10:54.712218537
13,5141.0,34,5141.25,08:10:54.712292872
13,5141.0,34,5141.25,08:10:54.712438635
3,5141.0,34,5141.25,08:10:54.713196929
1,5141.0,34,5141.25,08:10:54.713196929
43,5140.75,34,5141.25,08:10:54.713313245
43,5140.75,34,5141.25,08:10:54.713313245
43,5140.75,35,5141.25,08:10:54.713313245
43,5140.75,36,5141.25,08:10:54.713313245
43,5140.75,1,5141.0,08:10:54.713313245
43,5140.75,1,5141.0,08:10:54.713329965
43,5140.75,3,5141.0,08:10:54.713329965
43,5140.75,3,5141.0,08:10:54.713329965
43,5140.75,3,5141.0,08:10:54.713341571
43,5140.75,3,5141.0,08:10:54.713348382
43,5140.75,3,5141.0,08:10:54.713348382
43,5140.75,3,5141.0,08:10:54.713353216
40,5140.75,3,5141.0,08:10:54.713364465
40,5140.75,3,5141.0,08:10:54.713395227
40,5140.75,3,5141.0,08:10:54.713401601
40,5140.75,3,5141.0,08:10:54.713407784
40,5140.75,3,5141.0,08:10:54.713415278
40,5140.75,3,5141.0,08:10:54.713426105
40,5140.75,3,5141.0,08:10:54.713426105
40,5140.75,3,5141.0,08:10:54.713433551
40,5140.75,3,5141.0,08:10:54.713433551
40,5140.75,3,5141.0,08:10:54.713437349
40,5140.75,3,5141.0,08:10:54.713444009
40,5140.75,3,5141.0,08:10:54.713462086
40,5140.75,3,5141.0,08:10:54.713466848
40,5140.75,3,5141.0,08:10:54.713473244
40,5140.75,9,5141.0,08:10:54.713483757
40,5140.75,13,5141.0,08:10:54.713490755
40,5140.75,20,5141.0,08:10:54.713496551
40,5140.75,21,5141.0,08:10:54.713510589
40,5140.75,21,5141.0,08:10:54.713516513
40,5140.75,22,5141.0,08:10:54.713543860
40,5140.75,22,5141.0,08:10:54.713549061
40,5140.75,22,5141.0,08:10:54.713549061
41,5140.75,22,5141.0,08:10:54.713555870
41,5140.75,22,5141.0,08:10:54.713592565
42,5140.75,22,5141.0,08:10:54.713599340
42,5140.75,22,5141.0,08:10:54.713602578
42,5140.75,22,5141.0,08:10:54.713611568
42,5140.75,22,5141.0,08:10:54.713611568
42,5140.75,23,5141.0,08:10:54.713616131
42,5140.75,23,5141.0,08:10:54.713623087
42,5140.75,24,5141.0,08:10:54.713628707
42,5140.75,24,5141.0,08:10:54.713642051
42,5140.75,25,5141.0,08:10:54.713652355
42,5140.75,25,5141.0,08:10:54.713696135
42,5140.75,25,5141.0,08:10:54.713764159
39,5140.75,25,5141.0,08:10:54.713772783
35,5140.75,25,5141.0,08:10:54.713814877
35,5140.75,26,5141.0,08:10:54.713833860
34,5140.75,26,5141.0,08:10:54.713851707
34,5140.75,27,5141.0,08:10:54.713864346
33,5140.75,27,5141.0,08:10:54.713882416
33,5140.75,28,5141.0,08:10:54.713956003
32,5140.75,28,5141.0,08:10:54.714020772
32,5140.75,28,5141.0,08:10:54.714045906
32,5140.75,28,5141.0,08:10:54.714045906
32,5140.75,28,5141.0,08:10:54.714128148
32,5140.75,28,5141.0,08:10:54.714128148
32,5140.75,29,5141.0,08:10:54.714696540
32,5140.75,31,5141.0,08:10:54.715050012
32,5140.75,31,5141.0,08:10:54.720032295
32,5140.75,33,5141.0,08:10:54.724261125
28,5140.75,33,5141.0,08:10:54.731222339
28,5140.75,34,5141.0,08:10:54.731328373
28,5140.75,34,5141.0,08:10:54.731337278
28,5140.75,34,5141.0,08:10:54.731343688
27,5140.75,34,5141.0,08:10:54.731362181
27,5140.75,35,5141.0,08:10:54.731425478
27,5140.75,35,5141.0,08:10:54.767560498
27,5140.75,35,5141.0,08:10:54.767630293
27,5140.75,34,5141.0,08:10:54.813460875
26,5140.75,34,5141.0,08:10:54.833642886
26,5140.75,33,5141.0,08:10:54.833870695
27,5140.75,33,5141.0,08:10:54.906410908
27,5140.75,32,5141.0,08:10:54.952471924
27,5140.75,31,5141.0,08:10:54.952682399
27,5140.75,29,5141.0,08:10:54.952691570
27,5140.75,28,5141.0,08:10:54.952782087
30,5140.75,28,5141.0,08:10:54.952789787
30,5140.75,25,5141.0,08:10:55.013683156
30,5140.75,24,5141.0,08:10:55.013763980
34,5140.75,24,5141.0,08:10:55.013877967
34,5140.75,23,5141.0,08:10:55.013884466
36,5140.75,23,5141.0,08:10:55.014073468
37,5140.75,23,5141.0,08:10:55.014173221
38,5140.75,23,5141.0,08:10:55.014180709
39,5140.75,23,5141.0,08:10:55.014268730
39,5140.75,23,5141.0,08:10:55.014277869
39,5140.75,23,5141.0,08:10:55.014284433
38,5140.75,23,5141.0,08:10:55.015513932
38,5140.75,23,5141.0,08:10:55.022406184
38,5140.75,23,5141.0,08:10:55.022412456
41,5140.75,23,5141.0,08:10:55.033794026
41,5140.75,23,5141.0,08:10:55.047580957
41,5140.75,23,5141.0,08:10:55.047681529
42,5140.75,23,5141.0,08:10:55.047791118
42,5140.75,19,5141.0,08:10:55.048019814
42,5140.75,17,5141.0,08:10:55.048019814
43,5140.75,17,5141.0,08:10:55.048019814
43,5140.75,15,5141.0,08:10:55.048156591
43,5140.75,28,5141.25,08:10:55.048332240
43,5140.75,28,5141.25,08:10:55.048332240
2,5141.0,28,5141.25,08:10:55.048332240
3,5141.0,28,5141.25,08:10:55.048337543
7,5141.0,28,5141.25,08:10:55.048337543
7,5141.0,28,5141.25,08:10:55.048345046
6,5141.0,28,5141.25,08:10:55.048517290
7,5141.0,28,5141.25,08:10:55.048517290
9,5141.0,28,5141.25,08:10:55.048517290
9,5141.0,28,5141.25,08:10:55.048517290
9,5141.0,28,5141.25,08:10:55.048517290
9,5141.0,28,5141.25,08:10:55.048517290
10,5141.0,28,5141.25,08:10:55.048517290
10,5141.0,20,5141.25,08:10:55.048517290
11,5141.0,20,5141.25,08:10:55.048517290
11,5141.0,20,5141.25,08:10:55.048522238
12,5141.0,20,5141.25,08:10:55.048522238
12,5141.0,21,5141.25,08:10:55.048530218
13,5141.0,21,5141.25,08:10:55.048554622
14,5141.0,21,5141.25,08:10:55.048559367
14,5141.0,22,5141.25,08:10:55.048564776
14,5141.0,22,5141.25,08:10:55.048564776
14,5141.0,23,5141.25,08:10:55.048586574
7,5141.0,23,5141.25,08:10:55.048884385
6,5141.0,23,5141.25,08:10:55.048884385
5,5141.0,23,5141.25,08:10:55.048884385
5,5141.0,22,5141.25,08:10:55.048884385
3,5141.0,22,5141.25,08:10:55.048884385
5,5141.0,22,5141.25,08:10:55.048884385
5,5141.0,22,5141.25,08:10:55.048884385
6,5141.0,22,5141.25,08:10:55.048884385
6,5141.0,22,5141.25,08:10:55.048884385
5,5141.0,22,5141.25,08:10:55.048890792
5,5141.0,23,5141.25,08:10:55.048890792
5,5141.0,22,5141.25,08:10:55.048890792
5,5141.0,22,5141.25,08:10:55.048890792
5,5141.0,23,5141.25,08:10:55.048996033
4,5141.0,23,5141.25,08:10:55.048996033
2,5141.0,23,5141.25,08:10:55.049000631
2,5141.0,23,5141.25,08:10:55.049008996
1,5141.0,23,5141.25,08:10:55.049111820
47,5140.75,23,5141.25,08:10:55.049260271
47,5140.75,23,5141.25,08:10:55.049260271
47,5140.75,23,5141.25,08:10:55.049260271
1,5141.0,23,5141.25,08:10:55.049260271
4,5141.0,23,5141.25,08:10:55.049260271
3,5141.0,23,5141.25,08:10:55.049459377
3,5141.0,24,5141.25,08:10:55.049459377
3,5141.0,24,5141.25,08:10:55.049459377
3,5141.0,24,5141.25,08:10:55.049459377
3,5141.0,24,5141.25,08:10:55.049459377
3,5141.0,24,5141.25,08:10:55.049459377
3,5141.0,24,5141.25,08:10:55.049459377
3,5141.0,25,5141.25,08:10:55.049461049
3,5141.0,26,5141.25,08:10:55.049545554
4,5141.0,26,5141.25,08:10:55.049578556
4,5141.0,26,5141.25,08:10:55.056405769
4,5141.0,26,5141.25,08:10:55.056411791
4,5141.0,26,5141.25,08:10:55.056417663
4,5141.0,26,5141.25,08:10:55.056426384
4,5141.0,26,5141.25,08:10:55.056518690
4,5141.0,31,5141.25,08:10:55.057239821
1,5141.0,31,5141.25,08:10:55.057339109
47,5140.75,31,5141.25,08:10:55.057346313
47,5140.75,31,5141.25,08:10:55.057346313
46,5140.75,31,5141.25,08:10:55.057671478
46,5140.75,31,5141.25,08:10:55.057702346
3,5141.0,31,5141.25,08:10:55.060103780
4,5141.0,31,5141.25,08:10:55.060213279
4,5141.0,31,5141.25,08:10:55.065170957
4,5141.0,31,5141.25,08:10:55.225865464
4,5141.0,31,5141.25,08:10:55.226118272
4,5141.0,31,5141.25,08:10:55.226173387
4,5141.0,31,5141.25,08:10:55.226181560
4,5141.0,31,5141.25,08:10:56.032453291
4,5141.0,31,5141.25,08:10:56.032557616
9,5141.0,31,5141.25,08:10:56.033211649
11,5141.0,31,5141.25,08:10:56.033303148
12,5141.0,31,5141.25,08:10:56.033325120
13,5141.0,31,5141.25,08:10:56.033331136
13,5141.0,30,5141.25,08:10:56.033395608
14,5141.0,30,5141.25,08:10:56.033412661
14,5141.0,29,5141.25,08:10:56.033484816
14,5141.0,29,5141.25,08:10:56.033547416
14,5141.0,29,5141.25,08:10:56.033547416
14,5141.0,29,5141.25,08:10:56.034296897
14,5141.0,29,5141.25,08:10:56.034296897
14,5141.0,29,5141.25,08:10:56.034330599
14,5141.0,28,5141.25,08:10:56.034377298
15,5141.0,28,5141.25,08:10:56.034473002
15,5141.0,23,5141.25,08:10:56.034843906
16,5141.0,23,5141.25,08:10:56.034931767
16,5141.0,23,5141.25,08:10:56.034939837
16,5141.0,22,5141.25,08:10:56.034950269
15,5141.0,22,5141.25,08:10:56.034956365
19,5141.0,22,5141.25,08:10:56.034967278
19,5141.0,23,5141.25,08:10:56.035062156
19,5141.0,23,5141.25,08:10:56.035068496
19,5141.0,23,5141.25,08:10:56.035076755
19,5141.0,24,5141.25,08:10:56.278095399
19,5141.0,23,5141.25,08:10:56.278101300
19,5141.0,23,5141.25,08:10:56.278107679
19,5141.0,23,5141.25,08:10:56.278107679
15,5141.0,23,5141.25,08:10:56.278382097
15,5141.0,24,5141.25,08:10:56.283964795
15,5141.0,23,5141.25,08:10:56.288680605
15,5141.0,22,5141.25,08:10:56.288740433
15,5141.0,22,5141.25,08:10:57.070250376
15,5141.0,22,5141.25,08:10:57.070250376
15,5141.0,23,5141.25,08:10:57.070458499
15,5141.0,22,5141.25,08:10:57.096274939
15,5141.0,23,5141.25,08:10:57.096456645
14,5141.0,23,5141.25,08:10:57.149010535
14,5141.0,24,5141.25,08:10:57.149017466
13,5141.0,24,5141.25,08:10:57.149100796
11,5141.0,24,5141.25,08:10:57.149130153
11,5141.0,24,5141.25,08:10:57.149171120
11,5141.0,24,5141.25,08:10:57.149235121
12,5141.0,24,5141.25,08:10:57.522482738
12,5141.0,24,5141.25,08:10:57.522597585
14,5141.0,24,5141.25,08:10:57.804884933
15,5141.0,24,5141.25,08:10:57.804891535
15,5141.0,23,5141.25,08:10:57.804898217
15,5141.0,23,5141.25,08:10:58.068481664
15,5141.0,23,5141.25,08:10:58.068481664
16,5141.0,23,5141.25,08:10:58.559716258
17,5141.0,23,5141.25,08:10:58.559814583
18,5141.0,23,5141.25,08:10:58.559900652
18,5141.0,22,5141.25,08:10:58.559910857
19,5141.0,22,5141.25,08:10:58.559917405
20,5141.0,22,5141.25,08:10:58.560006878
20,5141.0,22,5141.25,08:10:58.560108532
20,5141.0,22,5141.25,08:10:58.560114170
20,5141.0,21,5141.25,08:10:58.560391843
20,5141.0,21,5141.25,08:10:58.560439044
20,5141.0,21,5141.25,08:10:58.560610878
24,5141.0,21,5141.25,08:10:58.560640719
20,5141.0,21,5141.25,08:10:58.824422084
20,5141.0,22,5141.25,08:10:58.824539389
19,5141.0,22,5141.25,08:10:58.824547542
18,5141.0,22,5141.25,08:10:58.824552355
18,5141.0,23,5141.25,08:10:58.824648850
18,5141.0,22,5141.25,08:10:58.824690061
17,5141.0,22,5141.25,08:10:58.824750766
17,5141.0,23,5141.25,08:10:58.824826489
17,5141.0,22,5141.25,08:10:58.825001593
18,5141.0,22,5141.25,08:10:58.827526185
18,5141.0,21,5141.25,08:10:58.829543909
17,5141.0,21,5141.25,08:10:58.830122474
17,5141.0,22,5141.25,08:10:58.830128429
17,5141.0,23,5141.25,08:10:58.830210626
15,5141.0,23,5141.25,08:10:58.835334928
15,5141.0,23,5141.25,08:10:58.835469552
15,5141.0,23,5141.25,08:10:58.835469552
15,5141.0,23,5141.25,08:10:58.835663837
15,5141.0,23,5141.25,08:10:58.835960969
14,5141.0,23,5141.25,08:10:59.107981564
13,5141.0,23,5141.25,08:10:59.108077089
12,5141.0,23,5141.25,08:10:59.108164211
13,5141.0,23,5141.25,08:10:59.310324954
14,5141.0,23,5141.25,08:10:59.310561480
16,5141.0,23,5141.25,08:10:59.310647354
16,5141.0,22,5141.25,08:10:59.321244118
17,5141.0,22,5141.25,08:10:59.400018554
17,5141.0,22,5141.25,08:10:59.400517147
17,5141.0,22,5141.25,08:10:59.400517147
18,5141.0,22,5141.25,08:10:59.635451149
19,5141.0,22,5141.25,08:10:59.635553289
18,5141.0,22,5141.25,08:10:59.645708675
18,5141.0,22,5141.25,08:10:59.947298307
18,5141.0,22,5141.25,08:10:59.947298307
18,5141.0,22,5141.25,08:10:59.948573395
18,5141.0,22,5141.25,08:10:59.948573395
18,5141.0,22,5141.25,08:10:59.949039059
18,5141.0,22,5141.25,08:10:59.949039059
18,5141.0,22,5141.25,08:10:59.949882571
18,5141.0,22,5141.25,08:10:59.949882571
18,5141.0,21,5141.25,08:10:59.996677585
18,5141.0,20,5141.25,08:10:59.996778137
18,5141.0,20,5141.25,08:10:59.999505251
18,5141.0,22,5141.25,08:11:00.035788678
16,5141.0,22,5141.25,08:11:00.035914536
16,5141.0,23,5141.25,08:11:00.036015956
16,5141.0,23,5141.25,08:11:00.036201781
16,5141.0,23,5141.25,08:11:00.036201781
16,5141.0,22,5141.25,08:11:00.132347982
18,5141.0,22,5141.25,08:11:00.132434499
18,5141.0,21,5141.25,08:11:00.132440010
19,5141.0,21,5141.25,08:11:00.132705705
19,5141.0,21,5141.25,08:11:00.132712624
19,5141.0,21,5141.25,08:11:00.132712624
19,5141.0,21,5141.25,08:11:00.241495685
19,5141.0,21,5141.25,08:11:00.595618313
19,5141.0,21,5141.25,08:11:00.595618313
19,5141.0,21,5141.25,08:11:00.595937973
19,5141.0,21,5141.25,08:11:00.595937973
19,5141.0,22,5141.25,08:11:00.707320703
18,5141.0,22,5141.25,08:11:00.707431291
16,5141.0,22,5141.25,08:11:00.707437175
16,5141.0,23,5141.25,08:11:00.707545584
16,5141.0,23,5141.25,08:11:00.707551556
16,5141.0,23,5141.25,08:11:00.707551556
15,5141.0,23,5141.25,08:11:00.707834661
14,5141.0,23,5141.25,08:11:00.707924049
14,5141.0,23,5141.25,08:11:00.707990303
14,5141.0,23,5141.25,08:11:00.708522874
15,5141.0,23,5141.25,08:11:00.708917227
15,5141.0,23,5141.25,08:11:00.709647972
15,5141.0,22,5141.25,08:11:00.709654587
17,5141.0,22,5141.25,08:11:00.709760358
17,5141.0,23,5141.25,08:11:00.716772215
14,5141.0,23,5141.25,08:11:00.722823198
12,5141.0,23,5141.25,08:11:00.722923891
11,5141.0,23,5141.25,08:11:00.723020155
10,5141.0,23,5141.25,08:11:00.723118260
10,5141.0,23,5141.25,08:11:00.723213582
10,5141.0,23,5141.25,08:11:01.760786099
10,5141.0,23,5141.25,08:11:01.760907570
10,5141.0,23,5141.25,08:11:01.789479817
10,5141.0,23,5141.25,08:11:01.789486918
10,5141.0,23,5141.25,08:11:01.816347444
11,5141.0,23,5141.25,08:11:01.838452270
11,5141.0,23,5141.25,08:11:01.838575853
11,5141.0,23,5141.25,08:11:02.064478833
11,5141.0,23,5141.25,08:11:02.448492713
11,5141.0,23,5141.25,08:11:02.448597681
10,5141.0,23,5141.25,08:11:03.175698302
39,5140.75,23,5141.25,08:11:03.177362399
39,5140.75,23,5141.25,08:11:03.177362399
39,5140.75,23,5141.25,08:11:03.177362399
39,5140.75,1,5141.0,08:11:03.177412483
39,5140.75,2,5141.0,08:11:03.177424103
39,5140.75,3,5141.0,08:11:03.177437101
39,5140.75,3,5141.0,08:11:03.177454046
39,5140.75,4,5141.0,08:11:03.177460094
39,5140.75,5,5141.0,08:11:03.177486299
39,5140.75,7,5141.0,08:11:03.177496466
39,5140.75,7,5141.0,08:11:03.177520764
39,5140.75,7,5141.0,08:11:03.177533942
38,5140.75,7,5141.0,08:11:03.177567712
38,5140.75,10,5141.0,08:11:03.177572426
37,5140.75,10,5141.0,08:11:03.177594929
37,5140.75,11,5141.0,08:11:03.177604702
37,5140.75,12,5141.0,08:11:03.177626228
37,5140.75,12,5141.0,08:11:03.177663164
36,5140.75,12,5141.0,08:11:03.177668834
35,5140.75,12,5141.0,08:11:03.177786571
35,5140.75,12,5141.0,08:11:03.177875977
35,5140.75,12,5141.0,08:11:03.178329420
35,5140.75,13,5141.0,08:11:03.178798886
35,5140.75,14,5141.0,08:11:03.178885278
35,5140.75,14,5141.0,08:11:03.178933241
35,5140.75,14,5141.0,08:11:03.178933241
34,5140.75,14,5141.0,08:11:03.178995670
34,5140.75,13,5141.0,08:11:03.179069688
34,5140.75,13,5141.0,08:11:03.179084123
34,5140.75,12,5141.0,08:11:03.179158339
34,5140.75,12,5141.0,08:11:03.179381630
34,5140.75,12,5141.0,08:11:03.179381630
34,5140.75,13,5141.0,08:11:03.179481018
31,5140.75,13,5141.0,08:11:03.179612115
30,5140.75,13,5141.0,08:11:03.179631901
30,5140.75,13,5141.0,08:11:03.179699531
30,5140.75,13,5141.0,08:11:03.179699531
30,5140.75,13,5141.0,08:11:03.179719912
30,5140.75,13,5141.0,08:11:03.179755571
30,5140.75,14,5141.0,08:11:03.179781520
30,5140.75,14,5141.0,08:11:03.179838321
30,5140.75,15,5141.0,08:11:03.179876709
30,5140.75,15,5141.0,08:11:03.180006491
30,5140.75,16,5141.0,08:11:03.180066668
30,5140.75,16,5141.0,08:11:03.180074361
30,5140.75,16,5141.0,08:11:03.180074361
30,5140.75,17,5141.0,08:11:03.180583344
30,5140.75,18,5141.0,08:11:03.180676242
30,5140.75,19,5141.0,08:11:03.180777444
30,5140.75,19,5141.0,08:11:03.181025455
30,5140.75,19,5141.0,08:11:03.199652142
30,5140.75,19,5141.0,08:11:03.199756505
26,5140.75,19,5141.0,08:11:03.217343139
26,5140.75,19,5141.0,08:11:03.217700922
26,5140.75,19,5141.0,08:11:03.252611659
26,5140.75,19,5141.0,08:11:03.252611659
26,5140.75,18,5141.0,08:11:03.277668657
29,5140.75,18,5141.0,08:11:03.486404195
30,5140.75,18,5141.0,08:11:03.486535779
30,5140.75,18,5141.0,08:11:03.555427682
30,5140.75,18,5141.0,08:11:03.555427682
30,5140.75,18,5141.0,08:11:03.903666389
30,5140.75,18,5141.0,08:11:03.903764547
30,5140.75,18,5141.0,08:11:04.016149306
30,5140.75,18,5141.0,08:11:04.016149306
30,5140.75,18,5141.0,08:11:04.016519566
30,5140.75,18,5141.0,08:11:04.016519566
30,5140.75,15,5141.0,08:11:04.103916095
30,5140.75,14,5141.0,08:11:04.104010580
30,5140.75,13,5141.0,08:11:04.104095059
30,5140.75,12,5141.0,08:11:04.104110393
34,5140.75,12,5141.0,08:11:04.104220677
34,5140.75,12,5141.0,08:11:04.104342875
34,5140.75,12,5141.0,08:11:04.104342875
34,5140.75,12,5141.0,08:11:04.104359662
34,5140.75,11,5141.0,08:11:04.104637514
34,5140.75,10,5141.0,08:11:04.104644237
34,5140.75,10,5141.0,08:11:04.104862565
34,5140.75,10,5141.0,08:11:04.104862565
34,5140.75,8,5141.0,08:11:04.104872853
34,5140.75,7,5141.0,08:11:04.104991745
34,5140.75,6,5141.0,08:11:04.104997749
34,5140.75,5,5141.0,08:11:04.105076438
34,5140.75,5,5141.0,08:11:04.105199049
34,5140.75,5,5141.0,08:11:04.106976663
34,5140.75,5,5141.0,08:11:04.106976663
34,5140.75,4,5141.0,08:11:04.109830979
34,5140.75,5,5141.0,08:11:04.111340725
34,5140.75,4,5141.0,08:11:04.125370841
34,5140.75,4,5141.0,08:11:04.161566228
34,5140.75,5,5141.0,08:11:04.356080817
34,5140.75,8,5141.0,08:11:04.356087624
34,5140.75,9,5141.0,08:11:04.356153017
34,5140.75,9,5141.0,08:11:04.356454553
34,5140.75,9,5141.0,08:11:04.356454553
34,5140.75,13,5141.0,08:11:05.451927322
34,5140.75,14,5141.0,08:11:05.452027458
34,5140.75,15,5141.0,08:11:05.452120638
30,5140.75,15,5141.0,08:11:05.452315195
30,5140.75,16,5141.0,08:11:05.452407837
27,5140.75,16,5141.0,08:11:05.452611754
26,5140.75,16,5141.0,08:11:05.452626458
25,5140.75,16,5141.0,08:11:05.452721283
28,5140.75,16,5141.0,08:11:05.457845582
29,5140.75,16,5141.0,08:11:05.457881675
29,5140.75,16,5141.0,08:11:05.498474831
29,5140.75,17,5141.0,08:11:05.498483343
29,5140.75,17,5141.0,08:11:05.859624795
29,5140.75,17,5141.0,08:11:05.860469974
29,5140.75,17,5141.0,08:11:05.867041630
29,5140.75,15,5141.0,08:11:06.426934754
29,5140.75,14,5141.0,08:11:06.426990820
29,5140.75,13,5141.0,08:11:06.427001408
30,5140.75,13,5141.0,08:11:06.427027406
30,5140.75,10,5141.0,08:11:06.427048033
31,5140.75,10,5141.0,08:11:06.427058459
31,5140.75,9,5141.0,08:11:06.427099619
31,5140.75,9,5141.0,08:11:06.427201499
31,5140.75,9,5141.0,08:11:06.427201499
31,5140.75,9,5141.0,08:11:06.427212050
31,5140.75,5,5141.0,08:11:06.427691647
31,5140.75,4,5141.0,08:11:06.427818107
34,5140.75,4,5141.0,08:11:06.427848798
34,5140.75,3,5141.0,08:11:06.427912355
34,5140.75,3,5141.0,08:11:06.427978993
34,5140.75,4,5141.0,08:11:06.428244368
34,5140.75,7,5141.0,08:11:06.429357622
33,5140.75,7,5141.0,08:11:06.429446018
33,5140.75,4,5141.0,08:11:06.430334999
33,5140.75,4,5141.0,08:11:06.430414995
33,5140.75,4,5141.0,08:11:06.430414995
30,5140.75,4,5141.0,08:11:06.430597737
30,5140.75,4,5141.0,08:11:06.430649358
30,5140.75,4,5141.0,08:11:06.430649358
30,5140.75,7,5141.0,08:11:06.432618155
30,5140.75,4,5141.0,08:11:06.542149310
30,5140.75,3,5141.0,08:11:06.655576246
30,5140.75,32,5141.25,08:11:06.655883984
30,5140.75,32,5141.25,08:11:06.655883984
1,5141.0,32,5141.25,08:11:06.655938013
1,5141.0,32,5141.25,08:11:06.655955117
1,5141.0,32,5141.25,08:11:06.655987662
3,5141.0,32,5141.25,08:11:06.655999774
3,5141.0,32,5141.25,08:11:06.656013432
3,5141.0,32,5141.25,08:11:06.656021563
6,5141.0,32,5141.25,08:11:06.656133099
6,5141.0,33,5141.25,08:11:06.656207260
7,5141.0,33,5141.25,08:11:06.656237066
7,5141.0,34,5141.25,08:11:06.656250384
7,5141.0,34,5141.25,08:11:06.656361577
7,5141.0,34,5141.25,08:11:06.656625650
7,5141.0,34,5141.25,08:11:06.656625650
7,5141.0,34,5141.25,08:11:06.656939553
7,5141.0,34,5141.25,08:11:06.656948120
7,5141.0,34,5141.25,08:11:06.656954462
7,5141.0,34,5141.25,08:11:06.656959419
7,5141.0,34,5141.25,08:11:06.656974133
7,5141.0,33,5141.25,08:11:06.657126030
7,5141.0,33,5141.25,08:11:06.657628751
7,5141.0,31,5141.25,08:11:06.670747660
5,5141.0,31,5141.25,08:11:06.670747660
5,5141.0,31,5141.25,08:11:06.671004692
5,5141.0,31,5141.25,08:11:06.672366748
5,5141.0,31,5141.25,08:11:06.679865158
5,5141.0,31,5141.25,08:11:06.680121685
5,5141.0,31,5141.25,08:11:06.680142742
5,5141.0,31,5141.25,08:11:06.680174003
5,5141.0,32,5141.25,08:11:06.885609288
1,5141.0,32,5141.25,08:11:07.019637811
41,5140.75,32,5141.25,08:11:07.019825134
41,5140.75,32,5141.25,08:11:07.019825134
41,5140.75,1,5141.0,08:11:07.019918479
41,5140.75,2,5141.0,08:11:07.020028638
41,5140.75,2,5141.0,08:11:07.020108064
41,5140.75,2,5141.0,08:11:07.020208210
41,5140.75,2,5141.0,08:11:07.020495131
41,5140.75,2,5141.0,08:11:07.020646362
41,5140.75,2,5141.0,08:11:07.020661229
41,5140.75,2,5141.0,08:11:07.020666417
41,5140.75,2,5141.0,08:11:07.020673511
41,5140.75,3,5141.0,08:11:07.070465768
41,5140.75,6,5141.0,08:11:07.932130264
41,5140.75,7,5141.0,08:11:07.932239207
41,5140.75,8,5141.0,08:11:07.932333110
42,5140.75,8,5141.0,08:11:07.932726071
38,5140.75,8,5141.0,08:11:07.932751176
38,5140.75,12,5141.0,08:11:07.933508385
38,5140.75,13,5141.0,08:11:07.933604147
37,5140.75,13,5141.0,08:11:07.933612710
37,5140.75,9,5141.0,08:11:07.967323183
37,5140.75,8,5141.0,08:11:07.967418527
38,5140.75,8,5141.0,08:11:08.008771853
38,5140.75,5,5141.0,08:11:08.013686605
38,5140.75,2,5141.0,08:11:08.013779884
38,5140.75,1,5141.0,08:11:08.013879028
38,5140.75,2,5141.0,08:11:08.013890302
38,5140.75,2,5141.0,08:11:08.014036922
38,5140.75,2,5141.0,08:11:08.070871772
39,5140.75,2,5141.0,08:11:08.114606246
39,5140.75,2,5141.0,08:11:08.114615938
39,5140.75,2,5141.0,08:11:08.126122842
39,5140.75,2,5141.0,08:11:08.131212149
39,5140.75,2,5141.0,08:11:08.138825890
39,5140.75,2,5141.0,08:11:08.143181498
39,5140.75,5,5141.0,08:11:08.290016248
39,5140.75,6,5141.0,08:11:08.290120471
39,5140.75,6,5141.0,08:11:08.290134564
38,5140.75,6,5141.0,08:11:08.297875445
35,5140.75,6,5141.0,08:11:08.297883001
35,5140.75,7,5141.0,08:11:08.297998758
35,5140.75,9,5141.0,08:11:08.298008684
35,5140.75,11,5141.0,08:11:08.298014732
35,5140.75,12,5141.0,08:11:08.298025773
35,5140.75,14,5141.0,08:11:08.298033145
35,5140.75,16,5141.0,08:11:08.298129333
35,5140.75,19,5141.0,08:11:08.298138668
35,5140.75,21,5141.0,08:11:08.298148678
35,5140.75,22,5141.0,08:11:08.298160505
35,5140.75,23,5141.0,08:11:08.298196288
35,5140.75,24,5141.0,08:11:08.298213610
35,5140.75,25,5141.0,08:11:08.298223815
35,5140.75,28,5141.0,08:11:08.298232708
35,5140.75,28,5141.0,08:11:08.298251502
35,5140.75,28,5141.0,08:11:08.298257278
35,5140.75,29,5141.0,08:11:08.298277150
35,5140.75,33,5141.0,08:11:08.298284594
31,5140.75,33,5141.0,08:11:08.298291800
31,5140.75,34,5141.0,08:11:08.298298584
30,5140.75,34,5141.0,08:11:08.298308524
30,5140.75,35,5141.0,08:11:08.298318265
30,5140.75,36,5141.0,08:11:08.298324339
30,5140.75,38,5141.0,08:11:08.298337379
29,5140.75,38,5141.0,08:11:08.298345945
28,5140.75,38,5141.0,08:11:08.298359965
27,5140.75,38,5141.0,08:11:08.298391012
23,5140.75,38,5141.0,08:11:08.298562014
21,5140.75,38,5141.0,08:11:08.298562014
20,5140.75,38,5141.0,08:11:08.298562014
17,5140.75,38,5141.0,08:11:08.298614361
17,5140.75,38,5141.0,08:11:08.298614361
17,5140.75,38,5141.0,08:11:08.298614361
16,5140.75,38,5141.0,08:11:08.298620403
16,5140.75,39,5141.0,08:11:08.298655113
62,5140.5,39,5141.0,08:11:08.298924342
62,5140.5,39,5141.0,08:11:08.298924342
62,5140.5,39,5141.0,08:11:08.298933343
62,5140.5,2,5140.75,08:11:08.298933343
62,5140.5,2,5140.75,08:11:08.298945251
62,5140.5,2,5140.75,08:11:08.298945251
62,5140.5,2,5140.75,08:11:08.298945251
62,5140.5,2,5140.75,08:11:08.298945251
62,5140.5,2,5140.75,08:11:08.299081441
62,5140.5,2,5140.75,08:11:08.299081441
62,5140.5,1,5140.75,08:11:08.299081441
62,5140.5,4,5140.75,08:11:08.299107584
62,5140.5,5,5140.75,08:11:08.299107584
