price,volume,timestamp
5141.5,3,08:10:00.014342861
5141.25,1,08:10:00.015154573
5141.25,1,08:10:01.828098702
5141.25,4,08:10:01.907959905
5141.5,5,08:10:07.680048108
5141.5,10,08:10:07.680307841
5141.5,16,08:10:07.680450150
5141.5,1,08:10:07.680601677
5141.75,3,08:10:07.806138471
5141.75,2,08:10:08.155101873
5141.75,2,08:10:08.155690787
5141.75,18,08:10:08.505174728
5141.75,2,08:10:08.689949943
5141.75,4,08:10:08.690149659
5141.75,3,08:10:08.690551910
5141.75,2,08:10:08.690949983
5141.75,3,08:10:09.391870823
5141.5,27,08:10:11.024681805
5141.5,5,08:10:15.700094006
5141.25,1,08:10:17.231411648
5141.25,2,08:10:17.444466992
5141.25,1,08:10:17.444637212
5141.25,1,08:10:17.444716330
5141.25,2,08:10:17.449249011
5141.25,6,08:10:18.228574448
5141.0,1,08:10:19.888478737
5141.0,2,08:10:19.888520543
5141.0,2,08:10:19.888704077
5141.0,3,08:10:19.888765553
5141.0,2,08:10:19.888823121
5141.0,3,08:10:20.013671145
5141.0,7,08:10:21.914538891
5141.0,2,08:10:21.914747481
5141.25,10,08:10:22.704878605
5141.25,6,08:10:22.708788379
5141.0,2,08:10:22.740960136
5141.25,1,08:10:25.600112847
5141.25,8,08:10:25.600248661
5141.25,2,08:10:25.604404338
5141.25,1,08:10:25.604592761
5141.25,2,08:10:25.604788020
5141.25,1,08:10:25.605118826
5141.25,1,08:10:26.775381797
5141.25,1,08:10:26.775583120
5141.25,1,08:10:30.523896313
5141.25,1,08:10:45.110126246
5141.25,1,08:10:46.335389025
5141.25,2,08:10:46.335446981
5141.25,10,08:10:46.335555983
5141.25,1,08:10:46.346250249
5141.25,1,08:10:46.346762071
5141.5,1,08:10:53.450987121
5141.5,2,08:10:53.451193946
5141.5,10,08:10:53.451376423
5141.5,3,08:10:53.452015117
5141.5,2,08:10:53.452368731
5141.25,2,08:10:53.482372770
5141.25,8,08:10:54.020197013
5141.25,1,08:10:54.663458927
5141.25,2,08:10:54.667414018
5141.25,1,08:10:54.667568075
5141.25,2,08:10:54.667638141
5141.25,1,08:10:54.667638141
5141.25,2,08:10:54.667677498
5141.0,1,08:10:54.679834587
5141.0,1,08:10:54.679935311
5141.0,1,08:10:54.688687574
5141.0,1,08:10:54.694678178
5141.0,1,08:10:54.696161683
5141.0,1,08:10:54.712135637
5141.0,10,08:10:54.713160054
5141.0,2,08:10:54.713196929
5141.0,1,08:10:54.713300272
5141.0,3,08:10:55.013675717
5140.75,1,08:10:55.015506304
5141.0,4,08:10:55.047993325
5141.0,2,08:10:55.048019814
5141.0,2,08:10:55.048146739
5141.0,15,08:10:55.048317676
5141.0,1,08:10:55.048497738
5141.0,7,08:10:55.048766008
5141.0,2,08:10:55.048884385
5141.0,1,08:10:55.048884385
5141.0,1,08:10:55.048996033
5141.0,1,08:10:55.049247862
5141.0,1,08:10:55.049441328
5141.25,1,08:10:59.996670763
5141.25,1,08:11:00.132341372
5141.0,10,08:11:03.177351219
5141.0,2,08:11:06.426925590
5141.0,3,08:11:06.655875349
5141.0,2,08:11:06.670739253
5141.0,4,08:11:07.019629694
5141.0,1,08:11:07.019817544
5141.0,3,08:11:08.013677133
5140.75,4,08:11:08.298519338
5140.75,2,08:11:08.298562014
5140.75,3,08:11:08.298614361
5140.75,16,08:11:08.298912261
5140.75,1,08:11:08.299081441
5140.5,1,08:11:08.320344352
5140.5,2,08:11:08.320361677
5140.5,1,08:11:08.320361677
5140.5,1,08:11:08.320365623
5140.5,1,08:11:08.320551598
5140.5,1,08:11:08.320627893
5140.5,1,08:11:08.321669066
5140.5,2,08:11:08.323565025
5140.5,4,08:11:08.331058286
5140.75,1,08:11:09.349225603
5140.75,35,08:11:09.812856641
5140.75,1,08:11:09.813495970
5140.75,1,08:11:10.000179770
5140.75,1,08:11:11.097521527
5141.0,3,08:11:16.013719074
5140.75,2,08:11:16.054097325
5140.75,10,08:11:16.990808174
5141.0,17,08:11:16.991190626
5141.0,4,08:11:16.991284541
5141.0,7,08:11:16.992199904
5141.25,1,08:11:22.376883105
5141.25,8,08:11:22.533229057
5141.25,3,08:11:24.657438013
5141.25,2,08:11:24.657499173
5141.25,1,08:11:24.657532895
5141.25,7,08:11:24.658320761
5141.25,2,08:11:24.660211222
5141.5,12,08:11:29.556245624
5141.5,7,08:11:29.557652796
5141.5,2,08:11:29.557952174
5141.5,2,08:11:29.558190579
5141.5,1,08:11:30.017224931
5141.5,1,08:11:30.017443928
5141.5,1,08:11:30.796285510
5141.5,1,08:11:40.006589963
5141.75,2,08:11:41.970896686
5141.75,2,08:11:48.178762357
5141.75,2,08:11:48.178815224
5141.75,1,08:11:48.179464191
5141.75,3,08:11:48.179464191
5141.75,4,08:11:48.179464191
5141.75,2,08:11:48.180183000
5141.75,3,08:11:48.180394305
5141.75,1,08:11:48.180639556
5141.75,4,08:11:48.180759456
5141.75,1,08:11:48.180867931
5141.75,1,08:11:48.180994693
5142.0,27,08:11:49.049289937
5142.0,6,08:11:49.049305883
5142.0,2,08:11:49.049411812
5142.0,1,08:11:49.049566272
5142.0,15,08:11:49.049594394
5142.0,3,08:11:49.050037527
5142.0,1,08:11:53.040693535
5142.0,1,08:11:54.916704274
5142.0,4,08:11:56.730926511
5142.0,2,08:11:56.731062604
5142.0,4,08:11:56.731062604
5142.0,1,08:11:56.731153440
5142.0,3,08:11:56.731199681
5142.0,2,08:11:56.731515071
5142.0,1,08:11:56.731736797
5142.0,5,08:11:56.735343042
5142.0,1,08:11:56.735541104
5142.0,5,08:11:56.898764255
5142.0,3,08:11:58.521139172
5142.0,1,08:12:00.167896005
5141.75,4,08:12:03.315224639
5141.75,1,08:12:07.479794728
5141.75,1,08:12:08.194349016
5141.75,16,08:12:09.417970241
5141.75,1,08:12:09.418045302
5141.75,1,08:12:09.418120599
5141.75,1,08:12:09.418157263
5141.75,1,08:12:09.418221414
5141.75,1,08:12:09.431314392
5141.5,4,08:12:09.587744221
5141.5,1,08:12:09.587924469
5141.5,1,08:12:09.587991021
5141.5,1,08:12:11.621108354
5141.5,1,08:12:11.624293542
5141.5,5,08:12:11.624524932
5141.5,4,08:12:11.624773638
5141.5,8,08:12:16.497794121
5141.5,1,08:12:17.604688059
5141.75,4,08:12:18.826460243
5141.5,1,08:12:20.070347314
5141.5,7,08:12:22.462301761
5141.5,1,08:12:22.462495714
5141.5,8,08:12:34.324661385
5141.5,1,08:12:34.325372712
5141.5,1,08:12:34.330623154
5141.5,11,08:12:39.416836482
5141.5,1,08:12:39.420509929
5141.75,11,08:12:40.431534396
5141.75,7,08:12:40.431913623
5141.75,1,08:12:40.432172682
5141.75,1,08:12:40.432210695
5141.75,4,08:12:40.432529943
5141.75,1,08:12:40.432737835
5141.75,1,08:12:40.433881954
5141.75,10,08:12:41.341388356
5141.75,1,08:12:41.751917440
5141.75,7,08:12:45.109794531
5141.75,4,08:12:45.110035087
5141.75,1,08:12:45.110235818
5141.75,1,08:12:45.110294874
5141.75,2,08:12:49.460487726
5141.75,1,08:12:49.460566895
5141.75,12,08:12:49.460977755
5141.75,2,08:12:49.461200400
5141.75,1,08:12:49.461895505
5141.75,5,08:12:49.525361975
5141.75,2,08:12:49.525579513
5141.75,2,08:12:49.526758403
5141.75,5,08:12:52.491377849
5141.75,1,08:12:52.491446474
5141.75,3,08:12:52.491446474
5141.75,3,08:12:52.491809342
5141.75,1,08:12:52.492024697
5141.75,1,08:12:52.492287535
5142.0,1,08:12:55.597421966
5142.0,20,08:12:57.791283995
5142.0,1,08:12:57.791421446
5142.0,7,08:12:57.833333332
5142.0,2,08:12:57.834157881
5142.0,2,08:12:57.834227296
5142.25,1,08:13:01.093451947
5142.25,36,08:13:02.436431493
5142.5,1,08:13:04.983002646
5142.5,2,08:13:04.983013289
5142.25,5,08:13:06.428425674
5142.25,1,08:13:06.429088968
5142.25,1,08:13:06.429179242
5142.25,2,08:13:06.429227537
5142.25,2,08:13:06.429579544
5142.25,2,08:13:06.429645674
5142.25,2,08:13:06.429825687
5142.25,1,08:13:06.445438091
5142.5,1,08:13:13.964647193
5142.5,7,08:13:15.134487933
5142.5,2,08:13:15.134667667
5142.5,3,08:13:15.134667667
5142.5,1,08:13:15.134667667
5142.5,2,08:13:15.134825433
5142.5,5,08:13:15.134825433
5142.5,4,08:13:15.134825433
5142.5,1,08:13:15.134874450
5142.5,3,08:13:15.134950345
5142.5,10,08:13:15.135025386
5142.5,2,08:13:15.135025386
5142.5,2,08:13:15.135050165
5142.5,2,08:13:15.135266047
5142.5,1,08:13:15.135266047
5142.5,1,08:13:15.135400722
5142.75,1,08:13:15.135545509
5142.75,4,08:13:15.135545509
5142.75,1,08:13:15.135964854
5142.75,2,08:13:15.136227155
5142.75,1,08:13:15.136284871
5142.75,1,08:13:15.139934072
5142.75,16,08:13:15.140196631
5142.75,1,08:13:15.140225952
5142.75,1,08:13:15.140339542
5142.75,1,08:13:15.140382858
5142.75,1,08:13:15.140484127
5142.5,2,08:13:15.143614456
5142.5,18,08:13:15.144050740
5142.5,5,08:13:15.230977876
5142.5,8,08:13:15.388039325
5142.5,11,08:13:15.388744743
5142.5,2,08:13:15.389407580
5142.5,1,08:13:15.389701525
5142.5,1,08:13:16.614653943
5142.5,3,08:13:16.615068953
5142.5,1,08:13:16.615286132
5142.5,3,08:13:16.616845296
5142.5,2,08:13:16.616888423
5142.75,16,08:13:18.373905502
5142.75,1,08:13:18.374166952
5142.75,4,08:13:18.374247679
5142.75,13,08:13:18.374304192
5142.75,2,08:13:18.374522037
5142.5,1,08:13:19.599579323
5142.5,6,08:13:20.463637748
5142.5,2,08:13:20.463687737
5142.5,2,08:13:20.463825504
5142.5,1,08:13:20.463870903
5142.5,1,08:13:20.463921854
5142.5,4,08:13:20.463921854
5142.5,2,08:13:20.613984588
5142.5,4,08:13:20.617484034
5142.5,1,08:13:20.617668351
5142.25,1,08:13:25.992363038
5142.5,4,08:13:32.456455016
5142.5,2,08:13:32.456485366
5142.5,6,08:13:32.457098057
5142.5,4,08:13:32.457593094
5142.5,5,08:13:34.273866225
5142.75,3,08:13:34.360455556
5142.75,1,08:13:34.366166984
5142.5,1,08:13:35.670209487
5142.5,2,08:13:39.748713756
5142.5,1,08:13:39.748956119
5142.5,3,08:13:41.163077184
5142.5,1,08:13:42.543304685
5142.75,13,08:13:47.199327522
5142.75,1,08:13:47.199428577
5142.75,1,08:13:47.199490997
5142.75,1,08:13:47.199545680
5142.75,1,08:13:47.199624706
5142.75,1,08:13:47.199655878
5142.75,2,08:13:47.200265372
5142.75,14,08:13:47.279345560
5142.75,1,08:13:47.279487160
5142.75,1,08:13:47.279516194
5142.75,1,08:13:47.279550972
5142.75,2,08:13:47.279609577
5142.75,2,08:13:47.279649229
5142.75,2,08:13:47.279681323
5142.75,3,08:13:47.279721331
5142.5,1,08:13:47.634495244
5142.75,5,08:13:51.373748709
5142.75,2,08:13:51.373862417
5142.75,1,08:13:51.373974253
5142.75,4,08:13:51.374001210
5142.75,2,08:13:51.374114579
5142.75,1,08:13:51.374168964
5142.75,3,08:13:51.375559446
5142.75,6,08:13:52.003979868
5142.75,1,08:13:52.004154253
5142.75,1,08:13:52.004202715
5142.75,2,08:13:53.844751209
5142.75,5,08:13:53.844810713
5142.75,1,08:13:54.110535610
5142.75,12,08:13:54.110668249
5142.75,5,08:13:54.110708044
5142.75,5,08:13:54.110750238
5142.75,1,08:13:54.110852890
5142.75,3,08:13:54.110925159
5142.75,1,08:13:54.110991670
5143.0,1,08:13:54.113710647
5143.0,3,08:13:54.113722755
5143.0,1,08:13:54.113905226
5143.0,1,08:13:54.114064638
5143.0,1,08:13:54.114222958
5143.0,1,08:13:54.114276216
5143.0,2,08:13:54.950868683
5143.0,1,08:13:55.111129127
5142.75,1,08:13:56.642767028
5142.75,28,08:13:56.643163525
5142.75,1,08:13:56.644743541
5142.75,1,08:13:56.644833943
5142.75,4,08:13:56.644895554
5142.75,1,08:13:57.342391879
5142.5,2,08:13:59.213450461
5142.75,1,08:14:00.467845000
5142.5,1,08:14:00.871749636
5142.5,1,08:14:01.021409587
5142.75,1,08:14:01.814598605
5142.5,1,08:14:02.383938570
5142.5,1,08:14:02.384011790
5142.5,2,08:14:02.384011790
5142.5,3,08:14:02.384057173
5142.5,1,08:14:02.384197753
5142.5,2,08:14:02.402088875
5142.5,8,08:14:04.046042881
5142.75,1,08:14:11.619934538
5142.75,3,08:14:11.620002523
5142.75,12,08:14:11.620295800
5142.75,3,08:14:11.620368556
5142.75,1,08:14:11.620630479
5142.75,1,08:14:11.620839836
5142.75,1,08:14:11.620880598
5142.75,3,08:14:11.767943448
5142.75,2,08:14:12.220622353
5142.75,3,08:14:14.923335357
5143.0,8,08:14:15.038958759
5143.0,1,08:14:17.388752286
5142.75,5,08:14:19.343390229
5142.75,1,08:14:19.343427757
5142.75,3,08:14:19.343512619
5142.75,2,08:14:19.344710961
5142.75,1,08:14:22.556922436
5142.75,1,08:14:22.730026363
5142.75,1,08:14:24.010076837
5142.75,1,08:14:30.590935781
5142.75,2,08:14:30.806153791
5142.75,3,08:14:30.806228301
5142.75,1,08:14:30.806228301
5142.75,1,08:14:30.806338842
5143.0,4,08:14:31.987057076
5142.75,1,08:14:35.172725806
5142.75,1,08:14:38.094048034
5142.75,1,08:14:38.102413534
5142.75,1,08:14:40.054241665
5142.75,2,08:14:42.373910099
5143.0,1,08:14:46.914894650
5142.75,15,08:14:49.012194995
5142.75,12,08:14:49.013153942
5142.5,6,08:14:49.013916643
5142.5,3,08:14:49.014089728
5142.5,1,08:14:49.014197733
5142.5,2,08:14:49.014216764
5142.5,8,08:14:49.014341381
5142.5,10,08:14:49.014701442
5142.5,5,08:14:49.014923222
5142.5,2,08:14:49.015079463
5142.5,1,08:14:49.015187113
5142.5,1,08:14:49.015293384
5142.75,1,08:14:49.016377172
5142.5,1,08:14:49.036684248
5142.75,10,08:14:50.233953367
5142.75,17,08:14:50.234173653
5142.75,1,08:14:50.234374844
5142.75,6,08:14:50.234555036
5142.75,1,08:14:50.234615594
5142.75,3,08:14:50.234615594
5142.75,1,08:14:50.484896445
5142.75,1,08:14:50.485082833
5142.75,1,08:14:50.485243861
5142.75,1,08:14:52.660386523
5143.0,2,08:14:55.909851172
5143.0,2,08:14:55.910090578
5143.0,11,08:14:55.910819284
5143.0,15,08:14:55.910940710
5143.0,8,08:14:55.910940710
5143.0,1,08:14:55.911294858
5143.0,3,08:14:55.911496433
5143.0,9,08:14:55.911496433
5143.0,5,08:14:55.911496433
5143.0,2,08:14:55.911514514
5143.0,3,08:14:55.911806440
5143.0,32,08:14:55.912097364
5143.0,1,08:14:55.912097364
5143.0,63,08:14:55.912097364
5143.0,8,08:14:55.912124379
5143.0,2,08:14:55.912950265
5143.0,2,08:14:55.913133693
5143.0,1,08:14:55.913133693
5143.0,1,08:14:55.913274610
5143.0,1,08:14:55.913343239
5143.0,1,08:14:55.913673748
5143.0,2,08:14:55.913764322
5143.0,1,08:14:55.914069081
5143.25,2,08:14:55.914743639
5143.25,1,08:14:55.914759015
5143.0,1,08:14:55.920841861
5143.0,3,08:14:56.524928493
5143.0,1,08:14:56.525098964
5143.0,2,08:14:56.525357840
5143.0,2,08:14:56.525546589
5143.0,1,08:14:56.527943380
5143.0,1,08:14:56.732161582
5143.0,1,08:14:58.257426423
5143.25,1,08:14:59.541196308
5143.25,1,08:15:00.112442424
5143.25,2,08:15:00.379411347
5143.25,2,08:15:00.389741094
5143.25,1,08:15:00.516177842
5143.25,1,08:15:00.582909196
5143.25,1,08:15:00.593141351
5143.25,9,08:15:03.903542092
5143.25,62,08:15:03.904162600
5143.25,3,08:15:03.904351753
5143.25,32,08:15:03.904351753
5143.25,2,08:15:03.904768325
5143.25,1,08:15:03.904892129
5143.5,8,08:15:03.905100469
5143.5,1,08:15:03.905129392
5143.5,5,08:15:03.905129392
5143.5,1,08:15:03.906061545
5143.25,3,08:15:03.930717360
5143.5,1,08:15:04.317069126
5143.5,1,08:15:04.317245817
5143.5,1,08:15:04.647810456
5143.5,1,08:15:05.131596207
5143.5,1,08:15:05.762739888
5143.5,5,08:15:07.528241637
5143.25,15,08:15:07.528851640
5143.25,1,08:15:07.529027324
5143.25,1,08:15:07.529198716
5143.25,2,08:15:07.529198716
5143.25,1,08:15:07.529262553
5143.25,1,08:15:10.556292688
5143.25,1,08:15:10.556486827
5143.5,4,08:15:11.060034028
5143.25,6,08:15:11.060034028
5143.25,1,08:15:12.033208459
5143.5,20,08:15:13.063160922
5143.5,1,08:15:13.063877941
5143.5,1,08:15:13.063917305
5143.5,1,08:15:13.064183742
5143.5,2,08:15:16.635852557
5143.25,1,08:15:17.009776687
5143.5,2,08:15:17.222590609
5143.25,1,08:15:18.520491037
5143.25,1,08:15:27.705763177
5143.5,1,08:15:28.668306521
5143.5,7,08:15:28.668568042
5143.5,1,08:15:28.668644178
5143.5,4,08:15:28.668797260
5143.5,2,08:15:28.668860128
5143.5,2,08:15:28.668911239
5143.5,1,08:15:28.668911239
5143.5,1,08:15:28.668958047
5143.5,3,08:15:28.668958047
5143.5,1,08:15:28.668990649
5143.5,3,08:15:28.669052676
5143.5,3,08:15:28.669124454
5143.5,1,08:15:28.669124454
5143.5,1,08:15:28.669357284
5143.5,2,08:15:28.669434841
5143.5,1,08:15:28.673424720
5143.25,1,08:15:31.592117946
5143.5,1,08:15:34.315295718
5143.5,5,08:15:36.045412544
5143.5,2,08:15:36.045599182
5143.5,1,08:15:36.045655228
5143.5,1,08:15:36.045681698
5143.5,2,08:15:36.045717837
5143.5,1,08:15:36.045848208
5143.5,1,08:15:36.047110583
5143.5,1,08:15:36.047221548
5143.5,1,08:15:36.047300493
5143.5,1,08:15:36.048064778
5143.5,1,08:15:36.048238816
5143.25,4,08:15:38.395355327
5143.25,20,08:15:38.395758472
5143.25,1,08:15:38.496661337
5143.25,1,08:15:38.496837536
5143.25,1,08:15:38.497154413
5143.25,1,08:15:38.497351604
5143.25,2,08:15:39.015847669
5143.25,2,08:15:39.016051245
5143.25,13,08:15:39.016385434
5143.25,3,08:15:39.016635015
5143.25,3,08:15:39.756003871
5143.25,2,08:15:39.756272769
5143.25,5,08:15:41.761505274
5143.25,2,08:15:41.763117931
5143.25,3,08:15:41.763428822
5143.5,1,08:15:42.852595032
5143.25,1,08:15:43.467467031
5143.25,1,08:15:46.027291901
5143.25,1,08:15:47.450559184
5143.5,5,08:15:50.669438104
5143.5,1,08:15:50.669652928
5143.5,1,08:15:50.669847050
5143.5,1,08:15:58.575776225
5143.5,1,08:15:58.833967717
5143.25,1,08:15:58.946381610
5143.5,1,08:16:00.108669666
5143.5,1,08:16:00.108901969
5143.5,1,08:16:00.697731936
5143.25,1,08:16:00.715734779
5143.25,1,08:16:02.265307394
5143.5,3,08:16:03.638676054
5143.5,2,08:16:03.638707171
5143.5,3,08:16:03.639881687
5143.5,14,08:16:03.639996049
5143.5,2,08:16:03.639996049
5143.5,1,08:16:03.640207045
5143.5,15,08:16:03.640207045
5143.5,3,08:16:03.640207045
5143.5,2,08:16:03.640207045
5143.5,9,08:16:03.640211576
5143.5,1,08:16:03.640362362
5143.5,5,08:16:03.640436873
5143.5,2,08:16:03.640491636
5143.5,2,08:16:03.640571161
5143.5,1,08:16:03.640625727
5143.5,1,08:16:03.640783280
5143.5,2,08:16:03.640867679
5143.5,11,08:16:03.641247971
5143.5,6,08:16:03.641516962
5143.75,1,08:16:03.643198500
5143.75,1,08:16:03.643213133
5143.5,2,08:16:03.643337092
5143.5,1,08:16:03.677183433
5143.5,1,08:16:03.689149252
5143.5,1,08:16:03.756238473
5143.5,1,08:16:04.330076428
5143.5,1,08:16:06.869073212
5143.5,3,08:16:06.869242899
5143.5,2,08:16:06.869291453
5143.5,1,08:16:09.941830102
5143.5,2,08:16:10.197383066
5143.5,1,08:16:10.943754822
5143.5,1,08:16:12.651123087
5143.25,2,08:16:13.599254029
5143.25,2,08:16:13.599462181
5143.25,4,08:16:13.599548799
5143.25,5,08:16:13.599723190
5143.25,1,08:16:13.599772129
5143.25,4,08:16:13.599841755
5143.25,6,08:16:13.599972075
5143.25,1,08:16:13.693563856
5143.25,1,08:16:20.625517491
5143.25,1,08:16:21.142248891
5143.25,2,08:16:22.164898452
5143.25,5,08:16:22.165119719
5143.25,12,08:16:22.165520842
5143.25,1,08:16:22.165688064
5143.25,1,08:16:22.165862794
5143.25,6,08:16:22.442682265
5143.5,1,08:16:29.795850015
5143.25,1,08:16:32.274685623
5143.25,1,08:16:32.446908875
5143.5,4,08:16:38.893953378
5143.5,1,08:16:38.894178561
5143.5,1,08:16:41.998907091
5143.5,5,08:16:54.387996891
5143.5,1,08:16:54.388543340
5143.5,11,08:16:54.388911053
5143.5,1,08:16:54.392509958
5143.5,1,08:16:57.872536620
5143.5,1,08:16:59.812538619
5143.5,2,08:17:01.543851190
5143.75,1,08:17:02.750593732
5143.75,30,08:17:07.641157556
5143.75,1,08:17:07.641368024
5143.75,1,08:17:07.641423970
5143.75,3,08:17:07.641589372
5143.75,1,08:17:07.641672167
5143.75,15,08:17:07.641710612
5143.75,2,08:17:07.641788144
5143.75,1,08:17:07.641788144
5143.75,4,08:17:07.641851743
5143.75,1,08:17:07.641851743
5143.75,3,08:17:07.641922701
5143.75,4,08:17:07.641922701
5143.5,2,08:17:07.642779634
5143.5,4,08:17:07.642846830
5143.5,2,08:17:07.642951752
5143.5,3,08:17:07.643088357
5143.5,2,08:17:07.643088357
5143.5,5,08:17:07.643234529
5143.5,1,08:17:07.643486432
5143.5,2,08:17:07.646160345
5143.5,1,08:17:07.922379623
5143.5,17,08:17:07.923034833
5143.5,9,08:17:07.923470746
5143.5,1,08:17:07.923682133
5143.5,3,08:17:08.254431066
5143.5,3,08:17:09.403469152
5143.5,1,08:17:09.403629312
5143.5,1,08:17:09.403657399
5143.5,1,08:17:09.403866849
5143.5,1,08:17:09.404025716
5143.5,1,08:17:09.404171572
5143.5,1,08:17:10.208501958
5143.25,2,08:17:10.922132904
5143.5,7,08:17:10.924576143
5143.5,1,08:17:10.925079792
5143.25,1,08:17:20.174955048
5143.25,3,08:17:20.175091120
5143.25,2,08:17:20.175091120
5143.25,2,08:17:20.175180102
5143.25,4,08:17:20.175367566
5143.25,4,08:17:20.176881993
5143.25,1,08:17:20.177532838
5143.25,1,08:17:20.177720057
5143.25,3,08:17:20.178415233
5143.25,2,08:17:20.178487720
5143.25,3,08:17:20.180638088
5143.25,1,08:17:20.191321864
5143.25,9,08:17:20.191638529
5143.25,1,08:17:20.191951512
5143.25,11,08:17:21.803207947
5143.25,2,08:17:21.803547080
5143.25,5,08:17:21.804675247
5143.25,3,08:17:21.806795395
5143.25,2,08:17:21.808028313
5143.25,2,08:17:21.808224976
5143.25,1,08:17:21.888639468
5143.25,3,08:17:23.331694725
5143.25,11,08:17:25.985494647
5143.25,1,08:17:26.780694226
5143.25,3,08:17:28.087939323
5143.25,2,08:17:32.631538190
5143.5,5,08:17:37.432276872
5143.5,20,08:17:40.255773558
5143.5,2,08:17:40.259251155
5143.5,1,08:17:40.259478180
5143.5,1,08:17:40.259709026
5143.5,2,08:17:42.401118512
5143.75,1,08:17:45.416690334
5143.75,1,08:17:52.093634533
5143.75,1,08:17:57.590486441
5143.75,1,08:17:57.993908057
5143.75,1,08:17:58.174733436
5143.75,1,08:18:00.100612352
5143.75,1,08:18:00.100824222
5143.5,2,08:18:00.111715990
5143.5,1,08:18:00.111744675
5143.5,3,08:18:00.111976420
5143.5,1,08:18:00.112051494
5143.5,2,08:18:00.112051494
5143.5,1,08:18:00.112091277
5143.5,1,08:18:00.112431134
5143.5,2,08:18:00.112484978
5143.5,1,08:18:00.112560554
5143.5,2,08:18:00.133095425
5143.75,52,08:18:00.305395849
5143.75,3,08:18:00.305504910
5143.75,1,08:18:00.305558954
5143.75,2,08:18:00.305714462
5143.75,1,08:18:00.305714462
5143.75,3,08:18:00.305859721
5143.75,1,08:18:00.305859721
5143.75,15,08:18:00.305921210
5143.75,1,08:18:00.306025116
5143.75,3,08:18:00.306249934
5143.75,1,08:18:00.306286616
5143.75,1,08:18:00.306785611
5144.0,1,08:18:00.310747803
5144.0,1,08:18:00.310760968
5144.0,2,08:18:00.596768102
5144.0,1,08:18:00.596913480
5144.0,10,08:18:00.597010241
5144.0,1,08:18:00.597122047
5144.0,2,08:18:00.597122047
5144.0,2,08:18:00.597153850
5144.0,68,08:18:00.597358558
5144.0,10,08:18:00.597440802
5144.0,14,08:18:00.597440802
5144.0,4,08:18:00.597440802
5144.0,2,08:18:00.597500728
5144.0,1,08:18:00.597500728
5144.0,2,08:18:00.597613152
5144.0,12,08:18:00.597613152
5144.0,1,08:18:00.597613152
5144.0,3,08:18:00.597654510
5144.0,7,08:18:00.597762422
5143.75,4,08:18:00.598872598
5143.75,1,08:18:00.599054038
5143.75,3,08:18:00.599054038
5143.75,2,08:18:00.599054038
5143.75,1,08:18:00.599606635
5143.75,1,08:18:00.607467162
5143.75,1,08:18:02.023824322
5143.75,1,08:18:02.221011490
5143.75,2,08:18:02.794121204
5143.75,1,08:18:03.936081215
5143.75,3,08:18:04.127126764
5143.75,5,08:18:05.533067764
5143.75,1,08:18:09.297131263
5143.75,1,08:18:10.251666534
5143.5,2,08:18:17.137255946
5143.5,1,08:18:17.340142179
5143.75,5,08:18:20.244553832
5143.75,1,08:18:20.244748502
5143.75,1,08:18:20.244945129
5143.75,2,08:18:20.245328855
5143.75,6,08:18:20.245433331
5143.75,1,08:18:20.245615492
5143.75,3,08:18:20.245889161
5143.75,1,08:18:20.246090221
5143.75,1,08:18:20.246268586
5144.0,1,08:18:20.246898506
5144.0,1,08:18:20.246911342
5143.75,1,08:18:24.359890347
5144.0,1,08:18:25.305780683
5144.0,20,08:18:26.162888217
5144.0,3,08:18:26.169935460
5144.0,10,08:18:28.805282510
5144.0,1,08:18:29.067642543
5144.0,1,08:18:29.625473661
5144.0,1,08:18:31.060113404
5143.75,2,08:18:34.042710933
5143.75,2,08:18:34.042760585
5143.75,2,08:18:42.091238873
5143.75,4,08:18:42.091420508
5143.75,2,08:18:42.091455539
5143.75,10,08:18:42.091583484
5143.75,3,08:18:42.091919455
5143.75,2,08:18:42.126256143
5144.0,1,08:18:42.192707800
5143.75,1,08:18:42.820775716
5143.75,1,08:18:42.820933396
5143.75,1,08:18:42.820976636
5143.75,1,08:18:42.821152693
5143.75,2,08:18:42.821321817
5143.75,1,08:18:42.821392688
5143.75,1,08:18:42.821484031
5143.75,1,08:18:42.821564667
5143.75,1,08:18:42.821682138
5143.75,1,08:18:45.006983076
5144.0,1,08:18:45.487695509
5143.75,11,08:18:46.678409995
5143.75,1,08:18:46.678696347
5143.75,2,08:18:46.678928883
5143.75,2,08:18:46.678973479
5143.75,2,08:18:46.682389295
5143.75,1,08:18:50.014083230
5143.75,2,08:18:53.727214021
5143.75,1,08:18:53.727294477
5143.75,2,08:18:53.727380050
5143.75,1,08:18:53.728100221
5143.75,3,08:18:53.728161170
5143.75,2,08:18:53.728670357
5143.75,1,08:18:53.728888983
5143.75,1,08:18:57.508139957
5143.5,4,08:19:00.096194588
5143.5,12,08:19:00.096348915
5143.5,2,08:19:00.096448943
5143.5,1,08:19:00.096544195
5143.5,1,08:19:00.096588635
5143.5,5,08:19:00.096658495
5143.5,2,08:19:00.097466784
5143.75,1,08:19:00.099162235
5143.75,1,08:19:00.099364140
5143.75,1,08:19:00.099555315
5143.75,1,08:19:00.099741559
5143.5,1,08:19:00.119808887
5143.5,2,08:19:00.518971369
5143.5,4,08:19:00.519460421
5143.5,2,08:19:00.519663873
5143.5,1,08:19:00.694919359
5143.5,4,08:19:00.695422259
5143.5,1,08:19:00.695453395
5143.75,1,08:19:03.519885949
5143.75,1,08:19:07.505442167
5143.75,1,08:19:08.028896514
5143.75,1,08:19:08.231240771
5143.5,5,08:19:11.280210026
5143.5,1,08:19:11.280460304
5143.5,7,08:19:11.281157291
5143.25,2,08:19:12.718445537
5143.5,1,08:19:12.720432457
5143.5,8,08:19:12.851048564
5143.75,1,08:19:17.667202581
5143.5,1,08:19:18.280684925
5143.5,1,08:19:18.448465417
5143.75,10,08:19:20.609883955
5143.75,2,08:19:20.610632262
5143.75,1,08:19:20.610821139
5143.75,2,08:19:20.610871079
5143.75,3,08:19:31.350458843
5143.75,2,08:19:31.353361548
5143.75,5,08:19:31.353474600
5143.75,1,08:19:31.353474600
5143.75,1,08:19:31.353841910
5143.75,2,08:19:31.353841910
5143.75,15,08:19:31.353979051
5143.75,1,08:19:31.354998541
5143.75,15,08:19:31.355555828
5143.75,3,08:19:31.355612121
5143.75,1,08:19:31.355859496
5143.75,1,08:19:31.481412207
5144.0,15,08:19:31.541904039
5144.25,17,08:19:32.066863134
5144.25,1,08:19:32.066877573
5144.25,8,08:19:32.066877573
5144.25,2,08:19:32.066877573
5144.25,1,08:19:32.067248092
5144.25,4,08:19:32.067291907
5144.25,1,08:19:32.067362075
5144.25,3,08:19:32.067408764
5144.25,5,08:19:32.067611616
5144.25,2,08:19:32.067683534
5144.25,1,08:19:32.067774048
5144.25,36,08:19:32.067882857
5144.25,3,08:19:32.067952708
5144.25,1,08:19:32.068064227
5144.25,12,08:19:32.068131492
5144.25,3,08:19:32.068214630
5144.25,1,08:19:32.068533760
5144.25,1,08:19:32.068584698
5144.25,1,08:19:32.069291583
5144.0,4,08:19:32.072812739
5144.0,2,08:19:32.072849510
5144.0,2,08:19:32.072928715
5144.0,1,08:19:32.072973229
5144.0,3,08:19:32.073042769
5144.0,1,08:19:32.073086146
5144.0,11,08:19:32.074164632
5144.0,1,08:19:32.074350478
5144.0,1,08:19:32.074390770
5144.0,1,08:19:32.074457399
5144.0,1,08:19:33.042510981
5144.25,15,08:19:34.924105306
5144.25,14,08:19:38.075069250
5144.0,1,08:19:39.316891718
5144.25,2,08:19:44.002185739
5144.0,1,08:19:44.534514933
5144.25,1,08:19:47.257229042
5144.25,1,08:19:50.159210270
5144.25,1,08:19:50.490444133
5144.25,1,08:19:50.490627291
5144.25,3,08:19:50.513523468
5144.25,9,08:19:51.981735714
5144.25,1,08:19:51.981933789
5144.25,3,08:19:51.982008459
5144.25,4,08:19:51.982178274
5144.25,2,08:19:52.033195269
5144.25,1,08:19:52.071925867
5144.25,1,08:19:52.071945454
5144.25,1,08:19:53.371718488
5144.25,4,08:19:53.691128291
5144.0,1,08:19:59.247132885
5144.25,1,08:20:00.102306188
5144.25,1,08:20:00.102541991
5144.25,4,08:20:00.485680468
5144.25,2,08:20:00.485743356
5144.25,1,08:20:00.485743356
5144.25,2,08:20:00.485761740
5144.25,1,08:20:00.485847144
5144.25,1,08:20:00.485883135
5144.25,2,08:20:00.486072467
5144.25,3,08:20:00.486665654
5144.25,1,08:20:00.486765707
5144.25,2,08:20:00.486895338
5144.25,1,08:20:00.486925390
5144.25,1,08:20:00.487060630
5144.0,2,08:20:00.610063973
5144.25,4,08:20:00.650489811
5144.25,2,08:20:00.802279385
5144.25,1,08:20:01.169543078
5144.25,1,08:20:01.184412125
5144.0,1,08:20:01.898835367
5144.0,1,08:20:03.087928745
5144.25,1,08:20:03.212840404
5144.25,1,08:20:03.213335031
5144.25,5,08:20:03.573832597
5144.0,1,08:20:03.787531190
5144.25,10,08:20:04.029697889
5144.25,1,08:20:04.029821556
5144.25,2,08:20:04.029821556
5144.25,1,08:20:04.030285524
5144.25,1,08:20:04.040411996
5144.25,1,08:20:04.073118153
5144.5,10,08:20:04.944424758
5144.5,1,08:20:04.944482314
5144.5,3,08:20:04.944482314
5144.5,2,08:20:04.944523739
5144.5,2,08:20:04.944602162
5144.5,2,08:20:04.944701969
5144.5,2,08:20:04.944750262
5144.5,7,08:20:04.944750262
5144.5,1,08:20:04.944814500
5144.5,11,08:20:04.944876411
5144.5,1,08:20:04.944955997
5144.5,5,08:20:04.945010440
5144.5,1,08:20:04.945010440
5144.5,1,08:20:04.945030420
5144.5,3,08:20:04.945108359
5144.5,3,08:20:04.945165985
5144.5,3,08:20:04.945251552
5144.5,2,08:20:04.945377951
5144.5,4,08:20:04.945520143
5144.5,1,08:20:04.945597648
5144.5,1,08:20:04.951239717
5144.25,7,08:20:05.233977762
5144.25,40,08:20:05.234315416
5144.25,1,08:20:05.235080971
5144.25,17,08:20:05.258702631
5144.5,24,08:20:06.680236780
5144.25,1,08:20:06.814812062
5144.5,1,08:20:08.020815715
5144.5,7,08:20:08.558248974
5144.5,2,08:20:09.200581370
5144.5,1,08:20:09.201271931
5144.5,4,08:20:09.974390089
5144.5,1,08:20:10.051935988
5144.25,5,08:20:11.870376181
5144.5,6,08:20:13.211389395
5144.5,1,08:20:13.211400739
5144.25,3,08:20:13.239138080
5144.25,2,08:20:13.802509096
5144.25,4,08:20:13.802632657
5144.25,5,08:20:13.802632657
5144.25,4,08:20:13.802750361
5144.25,10,08:20:13.802750361
5144.25,1,08:20:13.802750361
5144.25,2,08:20:13.802833672
5144.25,1,08:20:13.825425061
5144.25,1,08:20:13.825599742
5144.25,1,08:20:13.825793411
5144.25,1,08:20:13.826519698
5144.5,7,08:20:16.221704333
5144.25,4,08:20:16.611236626
5144.25,1,08:20:16.611293834
5144.25,2,08:20:16.611293834
5144.25,1,08:20:16.611608286
5144.25,1,08:20:16.611676181
5144.25,8,08:20:17.062330213
5144.25,1,08:20:17.062654424
5144.25,2,08:20:17.062869520
5144.25,1,08:20:17.062908733
5144.25,1,08:20:17.063299167
5144.5,3,08:20:19.130652540
5144.25,1,08:20:20.238863792
5144.25,1,08:20:20.239060215
5144.25,1,08:20:20.344213300
5144.25,1,08:20:21.133824288
5144.25,1,08:20:23.461654321
5144.5,1,08:20:24.100288726
5144.5,1,08:20:24.967656756
5144.5,1,08:20:26.047703970
5144.25,1,08:20:29.125730157
5144.25,11,08:20:29.128476078
5144.25,2,08:20:29.136152453
5144.25,3,08:20:29.136466869
5144.5,3,08:20:29.432010402
5144.25,1,08:20:29.432315125
5144.25,1,08:20:29.432511094
5144.25,3,08:20:29.432771922
5144.25,1,08:20:30.339376088
5144.25,1,08:20:31.018492592
5144.5,8,08:20:31.018492592
5144.25,1,08:20:31.018775322
5144.25,1,08:20:31.018974174
5144.25,1,08:20:31.019004226
5144.25,1,08:20:32.129274797
5144.5,4,08:20:32.642524371
5144.25,1,08:20:33.652769986
5144.5,7,08:20:34.866786699
5144.5,2,08:20:34.866826901
5144.5,9,08:20:34.866912460
5144.5,2,08:20:34.866979283
5144.5,1,08:20:34.866979283
5144.5,3,08:20:34.867060142
5144.5,2,08:20:34.867060142
5144.5,1,08:20:34.867280441
5144.5,5,08:20:35.638942557
5144.5,1,08:20:36.109787689
5144.5,2,08:20:39.057749357
5144.25,4,08:20:45.086875626
5144.25,10,08:20:45.087156601
5144.25,1,08:20:45.087322453
5144.25,1,08:20:45.087350633
5144.25,4,08:20:45.087457720
5144.25,1,08:20:46.267175869
5144.25,1,08:20:50.547959175
5144.25,1,08:20:51.489173577
5144.25,1,08:20:51.489381002
5144.0,1,08:20:51.997875660
5144.0,40,08:20:56.158701333
5144.0,2,08:20:56.159072315
5144.0,4,08:20:56.159345593
5144.0,3,08:20:56.159589198
5144.0,1,08:20:56.159622687
5144.0,1,08:20:56.159792771
5144.0,1,08:20:56.166943097
5144.0,5,08:20:56.167163444
5144.0,10,08:20:59.068207619
5144.0,3,08:20:59.416799407
5144.25,1,08:21:00.193521851
5144.25,1,08:21:00.193733215
5144.25,7,08:21:01.294649358
5144.0,2,08:21:03.765225224
5144.0,2,08:21:03.765557938
5144.25,1,08:21:04.724881659
5144.25,1,08:21:05.032821524
5144.25,7,08:21:05.512302325
5144.25,1,08:21:05.802287273
5144.5,1,08:21:07.368182801
5144.25,2,08:21:10.121373885
5144.25,13,08:21:11.012335426
5144.25,6,08:21:11.012471473
5144.25,1,08:21:11.013844771
5144.25,1,08:21:11.015002715
5144.25,1,08:21:11.016209236
5144.25,15,08:21:11.017620816
5144.25,2,08:21:11.032486939
5144.5,2,08:21:16.159793324
5144.25,1,08:21:17.341013389
5144.25,1,08:21:17.341098299
5144.25,3,08:21:17.341098299
5144.25,1,08:21:17.341601509
5144.25,5,08:21:17.341681863
5144.25,1,08:21:17.342369394
5144.25,1,08:21:17.344419275
5144.25,5,08:21:17.346016037
5144.25,3,08:21:17.655835548
5144.25,2,08:21:24.069910059
5144.25,1,08:21:24.122203658
5144.25,2,08:21:24.552682485
5144.5,6,08:21:25.875468135
5144.5,15,08:21:27.990990859
5144.5,1,08:21:29.144981348
5144.5,2,08:21:32.156471754
5144.5,1,08:21:33.525106531
5144.5,1,08:21:40.123307354
5144.5,1,08:21:42.780319723
5144.5,5,08:21:44.113304696
5144.5,2,08:21:49.298504746
5144.5,20,08:21:49.298856095
5144.5,1,08:21:49.298996731
5144.5,1,08:21:49.299073293
5144.5,1,08:21:49.299114730
5144.5,11,08:21:49.299223708
5144.5,1,08:21:49.299256227
5144.5,1,08:21:49.299303554
5144.5,1,08:21:49.299467182
5144.5,3,08:21:49.299583460
5144.5,8,08:21:49.819577923
5144.5,2,08:21:49.819730238
5144.5,1,08:21:49.819764427
5144.5,2,08:21:49.819807113
5144.5,1,08:21:49.819843312
5144.5,1,08:21:49.819951218
5144.5,2,08:21:49.819951218
5144.5,4,08:21:49.820048990
5144.5,1,08:21:49.820048990
5144.5,1,08:21:49.820131558
5144.5,1,08:21:49.820242818
5144.5,16,08:21:49.820304595
5144.5,3,08:21:49.820357965
5144.5,2,08:21:49.820395288
5144.5,1,08:21:49.820522203
5144.5,1,08:21:49.820554420
5144.75,2,08:21:49.821205557
5144.75,2,08:21:49.821216283
5144.75,1,08:21:49.821216283
5144.75,1,08:21:49.821490964
5144.75,1,08:21:49.821532748
5144.75,2,08:21:49.821635024
5144.75,2,08:21:49.822910731
5144.75,1,08:21:49.823069924
5144.75,1,08:21:49.823112584
5144.75,2,08:21:49.823240139
5144.75,1,08:21:49.823385588
5144.75,1,08:21:49.823422984
5144.75,2,08:21:49.823548126
5144.75,1,08:21:49.823687757
5144.75,1,08:21:49.823717303
5144.75,1,08:21:49.823865726
5144.75,1,08:21:49.847822871
5144.75,2,08:21:49.927088795
5144.75,7,08:21:50.460447495
5144.5,3,08:21:52.948747109
5144.75,1,08:21:53.329047021
5144.5,3,08:21:53.503604276
5144.5,1,08:21:53.504057959
5144.5,2,08:21:53.987458883
5144.5,5,08:21:53.987563778
5144.5,1,08:21:53.987684030
5144.5,1,08:21:53.987726219
5144.5,1,08:21:53.987756393
5144.5,1,08:21:53.987895256
5144.5,1,08:21:53.988061285
5144.75,5,08:21:56.089510385
5144.75,1,08:21:58.061653063
5144.75,1,08:22:00.150504163
5144.75,2,08:22:04.499539257
5144.5,2,08:22:10.819313298
5144.5,1,08:22:10.819375248
5144.75,1,08:22:13.986080975
5144.75,7,08:22:15.041333295
5144.75,3,08:22:17.185927469
5144.75,3,08:22:17.185987643
5144.75,4,08:22:17.186148702
5144.75,2,08:22:17.186148702
5144.75,1,08:22:17.186281070
5144.75,2,08:22:17.186281070
5144.75,8,08:22:17.186281070
5144.75,1,08:22:17.186489945
5144.75,2,08:22:17.186489945
5144.75,1,08:22:17.186553345
5144.75,2,08:22:17.186704074
5144.5,1,08:22:17.203344079
5144.5,1,08:22:17.203416036
5144.5,1,08:22:20.399811575
5144.5,1,08:22:20.400022340
5144.5,4,08:22:20.400120067
5144.5,2,08:22:20.400167136
5144.5,5,08:22:20.400229762
5144.5,1,08:22:20.400322030
5144.5,6,08:22:20.400410053
5144.5,1,08:22:20.400984878
5144.5,1,08:22:20.401371072
5144.5,1,08:22:20.401782171
5144.5,1,08:22:21.448691794
5144.5,1,08:22:21.675116511
5144.75,3,08:22:21.675375041
5144.5,4,08:22:21.687414893
5144.5,1,08:22:21.687673068
5144.5,2,08:22:21.687708035
5144.5,1,08:22:21.688111221
5144.5,9,08:22:23.492221794
5144.5,4,08:22:26.678197714
5144.5,2,08:22:26.678236886
5144.5,1,08:22:26.678434110
5144.5,3,08:22:27.688712856
5144.5,3,08:22:27.688941549
5144.5,1,08:22:27.689135924
5144.5,1,08:22:27.703583150
5144.5,2,08:22:28.362536309
5144.75,1,08:22:29.627328404
5144.75,1,08:22:29.627391135
5144.75,2,08:22:29.627437196
5144.75,3,08:22:29.627674503
5144.75,15,08:22:29.631502240
5144.75,3,08:22:29.631717967
5144.75,1,08:22:29.631829141
5144.75,1,08:22:29.631910908
5144.75,3,08:22:29.632128688
5144.75,1,08:22:29.632359798
5144.75,2,08:22:29.632990364
5144.75,3,08:22:29.634302854
5144.75,2,08:22:29.673933009
5144.75,2,08:22:29.673968606
5144.75,1,08:22:30.062121663
5144.5,4,08:22:32.880087821
5144.5,4,08:22:32.880180281
5144.5,2,08:22:32.880180281
5144.5,1,08:22:32.880246593
5144.5,1,08:22:32.880584254
5144.5,7,08:22:32.880630405
5144.5,1,08:22:32.880867076
5144.5,4,08:22:32.881219817
5144.5,1,08:22:32.881315776
5144.75,2,08:22:33.391514263
5144.5,1,08:22:35.157508321
5144.5,3,08:22:35.157739649
5144.5,3,08:22:35.157803280
5144.5,1,08:22:35.157923225
5144.5,2,08:22:35.157966531
5144.5,1,08:22:35.158436275
5144.5,2,08:22:35.158770010
5144.5,1,08:22:35.158958206
5144.5,1,08:22:35.158999413
5144.75,1,08:22:36.889952113
5144.25,5,08:22:38.955971571
5144.25,1,08:22:39.260086858
5144.25,1,08:22:39.261240737
5144.5,7,08:22:39.624920297
5144.5,1,08:22:39.625692025
5144.75,8,08:22:40.503586557
5144.5,17,08:22:40.503586557
5144.5,8,08:22:40.999319579
5144.5,2,08:22:40.999444810
5144.5,2,08:22:40.999504932
5144.25,14,08:22:42.407138724
5144.25,1,08:22:42.407296818
5144.25,4,08:22:46.483809854
5144.25,1,08:22:46.483898413
5144.25,2,08:22:46.483898413
5144.25,1,08:22:46.484663164
5144.25,1,08:22:48.025157505
5144.25,5,08:22:48.291063467
5144.25,1,08:22:48.291370369
5144.25,2,08:22:48.467802596
5144.25,2,08:22:48.467982805
5144.25,1,08:22:48.468028754
5144.25,3,08:22:48.468140369
5144.25,1,08:22:48.468140369
5144.25,1,08:22:50.655615329
5144.5,1,08:22:53.093387845
5144.5,2,08:22:57.878407555
5144.5,1,08:22:57.878649160
5144.5,1,08:23:00.260829159
5144.5,1,08:23:00.261051084
5144.5,1,08:23:00.261261257
5144.5,1,08:23:00.261464833
5144.5,1,08:23:00.828668347
5144.25,1,08:23:03.730078857
5144.5,7,08:23:04.205950525
5144.5,1,08:23:08.766367026
5144.5,1,08:23:10.574096081
5144.5,3,08:23:10.574146522
5144.5,2,08:23:10.574213271
5144.5,3,08:23:10.574213271
5144.5,4,08:23:10.574365830
5144.5,1,08:23:10.574423783
5144.5,2,08:23:11.800624863
5144.75,4,08:23:12.536456772
5144.75,1,08:23:13.220206331
5144.75,6,08:23:14.045326926
5144.75,1,08:23:14.045525983
5144.75,1,08:23:14.045599200
5144.75,2,08:23:14.045636554
5144.75,6,08:23:14.045688206
5144.75,1,08:23:14.045927098
5144.75,10,08:23:14.062939277
5144.75,3,08:23:14.111934354
5145.0,9,08:23:16.530432681
5144.75,16,08:23:16.530432681
5145.0,29,08:23:16.530443954
5145.0,2,08:23:16.531056214
5145.0,21,08:23:16.531312935
5145.0,1,08:23:16.531620724
5145.0,3,08:23:16.531740077
5145.0,1,08:23:16.531740077
5144.75,1,08:23:16.552368886
5144.75,2,08:23:17.608871402
5144.75,2,08:23:17.609136793
5144.75,1,08:23:17.611279041
5145.0,10,08:23:19.960647949
5145.0,3,08:23:19.960896245
5145.0,2,08:23:19.961117679
5145.0,3,08:23:19.961560566
5145.0,1,08:23:19.961753210
5145.0,1,08:23:25.035366978
5145.0,1,08:23:25.686688645
5145.0,7,08:23:28.790508528
5145.0,1,08:23:31.904581375
5145.0,1,08:23:31.905209698
5145.0,10,08:23:34.106174291
5145.0,1,08:23:34.727139722
5145.0,2,08:23:34.727182301
5145.0,1,08:23:34.727217387
5145.0,1,08:23:34.727334052
5145.0,1,08:23:34.843198836
5145.0,2,08:23:34.843396910
5144.75,1,08:23:42.626762606
5144.75,2,08:23:49.349848954
5144.75,1,08:23:49.349871665
5144.75,4,08:23:49.350071860
5144.75,2,08:23:49.350135571
5144.75,2,08:23:49.350157031
5144.75,26,08:23:49.350282008
5144.75,1,08:23:49.350364657
5144.75,1,08:23:49.350427503
5144.75,1,08:23:49.350509072
5144.75,3,08:23:49.350645520
5144.75,18,08:23:49.350862610
5144.75,1,08:23:49.351042997
5144.75,3,08:23:49.353730504
5144.75,4,08:23:49.354110275
5144.75,7,08:23:49.354345992
5144.75,1,08:23:49.354391384
5144.75,1,08:23:49.355059600
5144.75,3,08:23:49.369300065
5144.75,2,08:23:49.375449748
5144.75,1,08:23:50.643642485
5145.0,7,08:23:53.375260316
5145.0,1,08:23:55.086763906
5145.0,6,08:23:57.587930265
5145.0,8,08:23:57.588363260
5145.0,1,08:23:58.276791535
5145.0,1,08:23:58.276991799
5145.0,2,08:23:58.277182894
5145.0,2,08:23:58.277384229
5145.0,90,08:24:00.008494543
5145.0,1,08:24:00.008730846
5145.0,2,08:24:00.009013894
5145.0,6,08:24:00.009288963
5145.0,1,08:24:00.009486726
5145.0,1,08:24:00.009556436
5145.0,1,08:24:00.021606094
5145.0,1,08:24:00.029371047
5145.0,8,08:24:00.042624024
5145.0,4,08:24:00.042855942
5145.0,4,08:24:00.084975737
5145.25,1,08:24:00.230873836
5145.25,8,08:24:00.230885056
5145.25,2,08:24:00.230885056
5145.25,1,08:24:00.231215382
5145.25,1,08:24:00.231475447
5145.25,1,08:24:00.231704656
5145.0,2,08:24:00.255702432
5145.25,30,08:24:03.768156107
5145.0,2,08:24:04.027546617
5145.0,9,08:24:04.027830251
5145.0,1,08:24:04.027877881
5145.0,1,08:24:04.027957770
5145.0,1,08:24:04.028024162
5145.0,1,08:24:04.028053187
5145.0,1,08:24:04.028129246
5145.0,5,08:24:04.028129246
5145.0,2,08:24:06.218160185
5145.0,3,08:24:07.545231668
5145.0,1,08:24:07.545560437
5145.0,1,08:24:07.545836238
5145.25,1,08:24:08.371102814
5145.0,1,08:24:10.237478469
5145.0,1,08:24:11.050319651
5145.0,5,08:24:11.554292683
5145.0,9,08:24:12.119209810
5144.75,4,08:24:12.967537004
5144.75,5,08:24:13.894137717
5145.0,1,08:24:15.054656330
5144.75,5,08:24:15.699126833
5145.0,1,08:24:17.206167693
5145.0,2,08:24:17.214678318
5145.0,2,08:24:17.958447670
5145.25,5,08:24:17.958447670
5145.0,1,08:24:17.958802128
5145.0,2,08:24:17.958879282
5145.0,1,08:24:17.958977104
5145.0,1,08:24:17.959024782
5145.0,1,08:24:17.959185761
5145.0,1,08:24:17.959368981
5144.75,1,08:24:18.619874360
5144.75,1,08:24:20.415499360
5145.0,1,08:24:23.846496215
5144.75,28,08:24:24.688563782
5144.75,2,08:24:25.285307821
5144.75,1,08:24:26.519362708
5144.75,1,08:24:26.519761679
5144.75,1,08:24:26.519840142
5144.5,5,08:24:39.630269093
5144.5,1,08:24:39.630362305
5144.5,4,08:24:39.630362305
5144.5,2,08:24:39.630413586
5144.5,15,08:24:39.630877749
5144.5,1,08:24:39.631126394
5144.5,1,08:24:39.631167352
5144.5,1,08:24:39.631229711
5144.5,1,08:24:39.631395535
5144.5,1,08:24:40.525062759
5144.5,4,08:24:40.525109422
5144.5,1,08:24:40.525242867
5144.5,1,08:24:40.525286738
5144.5,1,08:24:40.525536244
5144.25,5,08:24:41.138829343
5144.25,1,08:24:41.138840549
5144.5,7,08:24:42.540206063
5144.5,1,08:24:42.792109066
5144.5,2,08:24:43.076736178
5144.5,1,08:24:44.769026994
5144.5,1,08:24:47.705133080
5144.25,2,08:24:49.022421745
5144.5,1,08:24:49.409535993
5144.25,5,08:24:50.246218559
5144.5,1,08:25:00.011720750
5144.5,2,08:25:00.011762638
5144.5,5,08:25:00.011835507
5144.5,2,08:25:00.012424204
5144.5,2,08:25:00.012464260
5144.5,2,08:25:01.078570761
5144.5,1,08:25:01.078843414
5144.5,1,08:25:01.554651714
5144.5,1,08:25:03.479473438
5144.75,3,08:25:03.496403887
5144.5,13,08:25:04.864421123
5144.5,1,08:25:04.864583738
5144.5,8,08:25:04.864866943
5144.5,1,08:25:04.865021443
5144.5,5,08:25:04.865280503
5144.5,1,08:25:04.865384698
5144.5,1,08:25:06.955741056
5144.75,7,08:25:07.122507919
5144.5,7,08:25:09.274524572
5144.5,1,08:25:09.539060832
5144.5,2,08:25:09.539309894
5144.5,2,08:25:09.539578716
5144.5,2,08:25:09.620655801
5144.5,1,08:25:12.062096144
5144.5,3,08:25:14.117048984
5144.5,1,08:25:15.597757140
5144.75,2,08:25:15.597917216
5144.75,8,08:25:15.598191158
5144.75,4,08:25:15.598396589
5144.75,1,08:25:15.598934520
5144.75,1,08:25:15.599342826
5144.75,21,08:25:17.153649966
5144.75,1,08:25:17.155564488
5144.75,1,08:25:17.164007788
5144.5,1,08:25:17.724045831
5144.75,1,08:25:21.124852068
5145.0,2,08:25:24.948448327
5145.0,7,08:25:31.706482520
5144.75,18,08:25:33.286600899
5144.75,1,08:25:33.286739593
5144.75,1,08:25:33.286867116
5144.75,1,08:25:33.286971918
5144.75,2,08:25:36.262430761
5144.75,1,08:25:37.797301623
5144.75,1,08:25:37.797370271
5144.75,2,08:25:37.797446336
5144.75,1,08:25:37.797446336
5144.75,3,08:25:38.495554512
5144.75,3,08:25:38.495618657
5144.75,1,08:25:38.495838901
5144.75,1,08:25:38.496151685
5144.75,3,08:25:38.496211609
5144.75,2,08:25:38.496582811
5144.5,1,08:25:38.981958256
5144.5,1,08:25:39.971288538
5144.5,1,08:25:41.205963968
5144.75,2,08:25:42.757714022
5144.75,20,08:25:43.921411924
5144.75,6,08:25:46.415387026
5144.75,2,08:25:46.415611344
5144.75,2,08:25:46.415661413
5144.75,1,08:25:46.415899177
5144.75,2,08:25:46.469364853
5144.75,4,08:25:48.544684092
5144.75,6,08:25:49.163378900
5144.75,1,08:25:50.006479096
5145.0,4,08:25:52.675922360
5145.0,5,08:25:52.675994448
5145.0,5,08:25:52.676054356
5145.0,4,08:25:52.676222786
5145.0,2,08:25:52.676479037
5145.25,7,08:25:55.036438572
5145.0,2,08:25:56.792278784
5145.0,1,08:25:58.872226737
5145.0,1,08:26:01.762836898
5145.25,1,08:26:01.916751801
5145.25,1,08:26:02.090958304
5145.25,3,08:26:06.982983646
5145.25,2,08:26:06.983016937
5145.25,3,08:26:06.983505157
5145.25,1,08:26:06.983589319
5145.25,2,08:26:06.983589319
5145.25,10,08:26:06.983679289
5145.25,2,08:26:06.983679289
5145.25,2,08:26:06.983699997
5145.25,3,08:26:06.983775672
5145.25,1,08:26:06.983775672
5145.25,12,08:26:06.983819186
5145.25,2,08:26:06.983819186
5145.25,3,08:26:06.983985411
5145.25,2,08:26:06.984064464
5145.25,25,08:26:07.844739394
5145.25,3,08:26:07.844985281
5145.25,1,08:26:07.845063801
5145.0,21,08:26:08.013134218
5145.0,1,08:26:08.334179122
5145.0,1,08:26:13.713759355
5145.0,12,08:26:13.714003600
5145.0,4,08:26:13.714349889
5145.0,1,08:26:18.697500142
5145.0,2,08:26:22.174350822
5145.0,6,08:26:29.414665145
5145.0,2,08:26:29.414807046
5145.0,1,08:26:29.414892302
5145.0,6,08:26:29.414988633
5145.0,2,08:26:29.414988633
5145.0,1,08:26:29.415020644
5145.0,4,08:26:29.415108275
5145.0,8,08:26:29.415108275
5145.0,2,08:26:29.415108275
5145.0,9,08:26:29.415166414
5145.0,1,08:26:29.415207163
5145.0,2,08:26:29.415486106
5145.0,1,08:26:29.415557416
5145.0,2,08:26:29.455810516
5145.0,7,08:26:30.028955471
5145.0,21,08:26:30.629246999
5144.75,5,08:26:30.629336873
5144.75,6,08:26:30.629336873
5145.0,2,08:26:30.629908514
5144.75,48,08:26:30.630091714
5144.75,1,08:26:30.630421225
5144.75,8,08:26:30.630884684
5144.75,2,08:26:30.630937155
5144.75,1,08:26:30.632856429
5144.75,1,08:26:38.994948715
5144.5,1,08:26:47.921370950
5144.5,2,08:26:53.859477960
5144.75,10,08:26:57.513467752
5144.5,1,08:26:58.616283077
5144.5,10,08:26:59.647368936
5144.5,1,08:26:59.787997794
5144.5,1,08:26:59.842905803
5144.5,1,08:27:00.318364338
5144.5,1,08:27:00.318617750
5144.5,3,08:27:00.318680540
5144.5,3,08:27:00.318701945
5144.5,3,08:27:00.318761914
5144.5,2,08:27:00.318800113
5144.5,1,08:27:00.318837154
5144.5,3,08:27:00.318915153
5144.5,6,08:27:00.318982949
5144.5,1,08:27:00.319259614
5144.5,6,08:27:00.319396627
5144.5,4,08:27:00.319515399
5144.5,4,08:27:00.319731872
5144.5,2,08:27:00.319773454
5144.5,2,08:27:00.319848128
5144.5,1,08:27:00.319848128
5144.5,1,08:27:00.319914267
5144.5,2,08:27:00.319964927
5144.5,1,08:27:00.320230789
5144.5,1,08:27:00.320542958
5144.5,1,08:27:00.337759197
5144.5,1,08:27:00.337951226
5144.5,1,08:27:00.459053666
5144.5,1,08:27:00.877079122
5144.5,2,08:27:01.117800170
5144.5,1,08:27:01.117825581
5144.5,2,08:27:05.453378013
5144.5,3,08:27:05.453455986
5144.5,3,08:27:05.453518618
5144.5,1,08:27:05.454816833
5144.5,17,08:27:05.692702517
5144.5,8,08:27:09.406516616
5144.5,2,08:27:09.873487270
5144.5,5,08:27:11.051055994
5144.5,4,08:27:11.051340547
5144.5,1,08:27:11.051561758
5144.5,1,08:27:11.051632412
5144.5,1,08:27:11.051669863
5144.5,1,08:27:11.051823488
5144.5,2,08:27:11.314895195
5144.5,1,08:27:11.857411208
5144.5,1,08:27:12.550697061
5144.25,25,08:27:15.990812937
5144.25,2,08:27:16.831756810
5144.25,1,08:27:18.824466414
5144.0,1,08:27:19.037955901
5144.0,1,08:27:22.882299136
5144.0,1,08:27:25.304088232
5144.0,20,08:27:31.636041617
5143.75,5,08:27:31.636041617
5143.75,23,08:27:31.720620722
5143.5,7,08:27:31.720620722
5143.5,2,08:27:31.724534027
5143.5,9,08:27:31.724843863
5143.5,3,08:27:31.725696047
5143.5,4,08:27:31.725927124
5143.75,8,08:27:31.731442274
5143.75,2,08:27:31.745835966
5143.75,1,08:27:31.746431065
5143.75,7,08:27:32.287100189
5143.5,1,08:27:32.894887191
5143.75,7,08:27:33.087866249
5143.75,1,08:27:33.088021640
5143.75,3,08:27:33.088453532
5143.75,1,08:27:33.088503462
5143.75,1,08:27:33.088587979
5143.75,1,08:27:33.088674070
5144.0,2,08:27:33.184599826
5143.75,5,08:27:33.871068775
5143.75,1,08:27:36.354865756
5143.75,1,08:27:38.555327572
5143.75,1,08:27:39.976945577
5144.0,2,08:27:41.141795200
5144.0,1,08:27:41.254612433
5144.0,3,08:27:41.254643253
5144.0,1,08:27:42.035461194
5144.0,1,08:27:43.953178421
5144.0,4,08:27:44.181940274
5144.0,1,08:27:44.182117590
5144.0,1,08:27:44.182186004
5144.0,1,08:27:44.182275108
5144.0,1,08:27:44.182480749
5144.0,1,08:27:44.198336544
5144.0,4,08:27:44.387089476
5144.0,1,08:27:44.387124658
5144.0,1,08:27:46.004765852
5144.0,5,08:27:47.923100163
5144.25,9,08:27:51.723633944
5144.25,1,08:27:51.723768379
5144.25,1,08:27:51.723854733
5144.25,1,08:27:51.842027411
5144.5,2,08:27:52.061964107
5144.5,1,08:27:52.061975368
5144.5,2,08:27:54.452056122
5144.5,1,08:27:54.452705850
5144.5,2,08:27:55.439266338
5144.5,1,08:27:55.444298254
5144.5,1,08:27:55.559760347
5144.5,2,08:27:57.678380270
5144.5,4,08:27:57.885033302
5144.5,3,08:27:57.885417047
5144.5,1,08:27:58.496562253
5144.5,1,08:28:00.007843030
5144.5,3,08:28:00.008883838
5144.5,1,08:28:00.008932757
5144.5,1,08:28:00.009082418
5144.25,2,08:28:00.062839635
5144.5,2,08:28:00.931809972
5144.75,3,08:28:00.933177515
5144.5,2,08:28:00.933892090
5144.5,1,08:28:00.934104074
5144.5,6,08:28:00.934189987
5144.5,1,08:28:00.934935372
5144.5,2,08:28:00.935435337
5144.5,1,08:28:00.935541871
5144.5,1,08:28:01.770812538
5144.5,1,08:28:01.771018120
5144.5,1,08:28:01.781694760
5144.5,1,08:28:02.819273961
5144.5,2,08:28:03.013486357
5144.5,1,08:28:03.278328406
5144.5,2,08:28:03.739820223
5144.25,5,08:28:03.971281413
5144.5,30,08:28:12.291281013
5144.5,2,08:28:12.291579768
5144.5,5,08:28:12.291972363
5144.5,1,08:28:12.292242050
5144.5,2,08:28:12.292312899
5144.25,3,08:28:14.697300070
5144.25,2,08:28:14.697482798
5144.25,4,08:28:14.697567148
5144.25,4,08:28:14.697938016
5144.0,5,08:28:21.528578287
5144.0,2,08:28:22.832844459
5144.0,4,08:28:22.833091378
5144.0,2,08:28:22.833362322
5144.0,1,08:28:22.833561148
5144.0,1,08:28:22.833601501
5144.0,1,08:28:22.833663249
5144.0,1,08:28:22.833702521
5144.0,2,08:28:22.837904423
5144.0,1,08:28:22.838211575
5143.75,1,08:28:23.534186297
5144.0,1,08:28:25.090960906
5144.0,1,08:28:26.771365609
5143.75,2,08:28:27.088079878
5143.75,3,08:28:27.242008417
5143.5,11,08:28:30.915676970
5143.75,19,08:28:30.915676970
5143.75,1,08:28:30.916248598
5143.75,1,08:28:30.916319101
5143.75,1,08:28:30.916458013
5143.75,2,08:28:30.933078310
5143.75,1,08:28:31.922602303
5144.0,12,08:28:37.040646219
5144.0,1,08:28:37.043375724
5144.0,1,08:28:37.043415184
5144.0,1,08:28:37.043872972
5144.0,2,08:28:37.044011295
5143.75,2,08:28:39.729642057
5143.75,2,08:28:39.738693257
5143.75,1,08:28:39.738879113
5143.75,6,08:28:39.739028060
5143.5,1,08:28:41.157379119
5143.5,1,08:28:42.342248799
5143.75,1,08:28:44.374058974
5143.5,1,08:28:45.306029983
5143.75,1,08:28:48.663877153
5143.75,6,08:28:55.039423556
5143.75,1,08:28:55.160884526
5143.75,1,08:28:55.653003766
5143.75,1,08:28:55.653228446
5144.0,12,08:29:01.487240378
5144.0,1,08:29:01.487387357
5144.0,1,08:29:01.487473308
5144.0,1,08:29:01.487587857
5144.0,1,08:29:01.487613976
5144.0,1,08:29:01.487935941
5144.0,1,08:29:01.488127024
5144.0,1,08:29:01.488455491
5144.0,1,08:29:01.506849928
5144.25,1,08:29:04.808907742
5144.0,2,08:29:06.617953292
5144.0,1,08:29:10.730669379
5144.0,1,08:29:11.515490057
5144.0,12,08:29:13.068478472
5144.0,1,08:29:18.733533593
5144.0,1,08:29:18.760719210
5144.0,1,08:29:18.816165723
5144.0,11,08:29:20.209778386
5144.0,1,08:29:20.210034020
5144.0,1,08:29:20.210354584
5144.0,3,08:29:20.287472653
5144.25,1,08:29:20.645833175
5144.0,7,08:29:21.041372720
5144.0,1,08:29:24.159182328
5144.0,7,08:29:24.437251867
5144.0,14,08:29:24.437477616
5144.0,6,08:29:24.437542833
5144.0,1,08:29:24.437769593
5144.0,2,08:29:25.269726648
5144.0,1,08:29:28.787225021
5143.75,38,08:29:34.814966176
5143.75,2,08:29:34.815292715
5143.5,12,08:29:34.815498207
5143.75,1,08:29:34.815613953
5143.75,1,08:29:34.815698332
5143.5,2,08:29:34.815863910
5143.5,1,08:29:34.816151756
5143.5,1,08:29:34.816220288
5143.5,1,08:29:34.816330230
5143.25,24,08:29:34.816740539
5143.25,1,08:29:34.816758591
5143.5,5,08:29:34.817363311
5143.25,1,08:29:34.817420080
5143.25,2,08:29:34.817583830
5143.25,1,08:29:34.817827441
5143.25,14,08:29:34.817965539
5143.25,1,08:29:34.818080402
5143.25,9,08:29:34.818321025
5143.25,2,08:29:34.818574167
5143.25,4,08:29:35.956633548
5143.25,5,08:29:35.956857161
5143.25,1,08:29:35.956917313
5143.25,3,08:29:36.058966790
5143.25,1,08:29:36.159634426
5143.25,2,08:29:36.453863111
5143.25,1,08:29:36.454190781
5143.25,1,08:29:36.454499933
5143.25,2,08:29:36.678023925
5143.25,1,08:29:36.687635498
5143.25,1,08:29:37.534056323
5143.25,1,08:29:39.025198131
5143.0,4,08:29:39.693977995
5143.0,2,08:29:39.693992472
5143.0,1,08:29:39.693992472
5143.25,3,08:29:41.373959326
5143.25,1,08:29:41.374151656
5143.25,7,08:29:41.374423492
5143.25,1,08:29:41.424710183
5143.25,1,08:29:41.530280656
5143.25,1,08:29:42.466546702
5143.0,2,08:29:44.301372923
5143.25,1,08:29:45.007055296
5143.0,1,08:29:45.112329465
5143.0,1,08:29:45.371818704
5143.0,25,08:29:47.337416086
5143.0,1,08:29:47.338081220
5143.0,1,08:29:47.338114584
5143.0,1,08:29:47.338226995
5143.0,3,08:29:47.445531690
5143.0,1,08:29:48.013040950
5143.0,2,08:29:48.529583381
5143.0,1,08:29:48.630010481
5143.5,4,08:29:48.893960433
5143.25,19,08:29:48.893960433
5143.5,1,08:29:48.894238412
5143.5,2,08:29:48.894288653
5143.5,6,08:29:48.894332283
5143.5,1,08:29:48.894505656
5143.25,7,08:29:48.895588724
5143.25,1,08:29:49.235200522
5143.25,1,08:29:50.006639519
5143.25,1,08:29:50.488762095
5143.25,12,08:29:52.412191617
5143.25,1,08:29:52.447157665
5143.25,7,08:29:52.450456214
5143.0,11,08:29:52.450456214
5143.0,12,08:29:52.450708559
5143.0,1,08:29:52.450788532
5143.0,2,08:29:52.450926880
5142.75,1,08:29:54.041994967
5142.75,2,08:29:54.042009133
5142.75,1,08:29:54.042009133
5143.0,1,08:29:54.042765577
5143.0,1,08:29:54.042808877
5143.0,3,08:29:54.043127537
5143.25,1,08:29:54.232974891
5143.25,12,08:29:59.849025390
5143.25,1,08:29:59.849901497
5143.25,1,08:29:59.850112576
5143.25,1,08:29:59.899436221
5143.25,1,08:29:59.899515051
5123.0,4,08:31:28.031178109
5123.0,2,08:31:28.031228333
5123.0,1,08:31:28.031305874
5123.0,4,08:31:28.031305874
5123.0,1,08:31:28.031371462
5123.0,1,08:31:28.031408429
5123.0,9,08:31:28.031485967
5123.0,1,08:31:28.031752818
5122.75,1,08:31:28.032385662
5123.0,1,08:31:28.054351593
5122.75,4,08:31:28.070728111
5122.75,3,08:31:28.070783248
5122.75,4,08:31:28.239255183
5122.5,2,08:31:28.296482143
5122.5,22,08:31:28.296730951
5122.5,1,08:31:28.321117210
5122.5,1,08:31:28.487457152
5122.5,6,08:31:28.487533144
5122.5,3,08:31:28.487583006
5122.5,2,08:31:28.487666186
5122.5,2,08:31:28.487694321
5122.5,2,08:31:28.487789878
5122.5,3,08:31:28.488204592
5122.5,1,08:31:28.488369023
5122.5,2,08:31:28.533157266
5122.5,1,08:31:28.533308991
5122.5,2,08:31:28.533568369
5122.5,1,08:31:28.533732471
5122.5,1,08:31:28.533771790
5122.5,2,08:31:28.541243122
5122.5,1,08:31:28.582867781
5122.5,1,08:31:28.583159003
5122.5,1,08:31:28.583329947
5122.5,1,08:31:28.583355164
5122.5,1,08:31:28.623333183
5122.5,1,08:31:28.629129805
5122.5,5,08:31:28.661498102
5122.25,1,08:31:28.814181998
5122.5,1,08:31:28.909165486
5122.25,1,08:31:28.911418706
5122.5,3,08:31:29.013641693
5122.5,21,08:31:29.013906072
5122.5,1,08:31:29.036964049
5122.75,5,08:31:29.079238393
5122.75,18,08:31:29.079429315
5122.75,1,08:31:29.079621137
5122.75,2,08:31:29.079819144
5122.5,5,08:31:29.082832228
5122.5,5,08:31:29.351954016
5122.75,1,08:31:29.524677982
5122.75,5,08:31:29.524901609
5122.75,1,08:31:29.525143016
5122.5,1,08:31:29.573140783
5122.75,3,08:31:29.592582466
5122.75,2,08:31:29.592761305
5123.0,2,08:31:29.610331546
5123.0,2,08:31:29.610506708
5123.0,34,08:31:29.610566949
5123.0,3,08:31:29.766251884
5123.0,1,08:31:29.766589702
5123.0,2,08:31:29.766780190
5123.0,3,08:31:29.766867171
5123.0,1,08:31:29.766913098
5123.0,1,08:31:29.766946931
5123.0,1,08:31:29.767182674
5122.75,16,08:31:29.913040935
5122.75,1,08:31:29.913295289
5122.75,3,08:31:29.913457945
5122.75,1,08:31:29.913504749
5122.75,1,08:31:29.913557217
5122.75,1,08:31:29.913622153
5122.75,1,08:31:29.913687415
5122.75,1,08:31:29.913729423
5122.75,6,08:31:29.914032606
5122.75,1,08:31:29.914090325
5122.75,3,08:31:29.914256802
5122.75,1,08:31:29.914442448
5122.5,13,08:31:29.984090538
5122.25,2,08:31:29.984090538
5122.5,1,08:31:29.984496268
5122.5,2,08:31:29.984542202
5122.5,5,08:31:30.113436653
5122.5,1,08:31:30.113621553
5122.5,1,08:31:30.113945930
5122.5,1,08:31:30.114122187
5122.5,2,08:31:30.114370022
5122.5,1,08:31:30.212622978
5122.5,2,08:31:30.212811545
5122.25,25,08:31:30.249301935
5122.0,34,08:31:30.249301935
5121.75,29,08:31:30.249301935
5121.75,12,08:31:30.249825834
5121.75,2,08:31:30.249974231
5121.75,2,08:31:30.250609965
5121.75,9,08:31:30.250726154
5121.75,40,08:31:30.250812635
5122.0,1,08:31:30.251536707
5122.0,1,08:31:30.251578199
5122.0,3,08:31:30.251725648
5122.0,1,08:31:30.251947455
5122.0,1,08:31:30.252113627
5121.75,2,08:31:30.252403141
5121.75,7,08:31:30.314335524
5121.75,1,08:31:30.314985316
5121.75,1,08:31:30.357177319
5121.75,1,08:31:30.357736879
5121.75,2,08:31:30.660237756
5121.75,1,08:31:30.660428835
5121.75,3,08:31:30.660988081
5122.0,2,08:31:30.863903781
5122.0,5,08:31:30.890369643
5122.0,9,08:31:30.913601306
5122.25,1,08:31:30.913979925
5122.0,7,08:31:30.913979925
5122.0,1,08:31:30.914105633
5122.0,4,08:31:30.915837040
5121.75,9,08:31:30.930894389
5122.0,1,08:31:30.971817393
5122.0,1,08:31:30.988117624
5122.0,1,08:31:31.022183079
5122.0,4,08:31:31.106522084
5121.75,3,08:31:31.137175924
5122.0,1,08:31:31.383577787
5122.0,5,08:31:31.383778034
5122.0,1,08:31:31.434623631
5122.0,5,08:31:31.564975877
5122.0,5,08:31:31.718402321
5122.0,4,08:31:31.718847127
5121.75,17,08:31:31.718847127
5121.75,4,08:31:31.738752841
5121.5,17,08:31:31.927629142
5121.5,2,08:31:31.927833921
5121.5,2,08:31:31.927920498
5121.5,1,08:31:31.927953203
5121.5,1,08:31:31.929759131
5121.5,1,08:31:31.955436974
5121.5,2,08:31:31.955548717
5121.5,1,08:31:31.956065124
5121.5,1,08:31:31.956244629
5121.0,1,08:31:32.000388363
5121.25,19,08:31:32.000388363
5121.0,1,08:31:32.000404389
5121.25,3,08:31:32.013660584
5121.5,13,08:31:32.065950678
5121.75,1,08:31:32.134200732
5121.75,1,08:31:32.184710793
5121.75,1,08:31:32.222382580
5121.75,1,08:31:32.296025437
5121.75,2,08:31:32.363242989
5121.75,1,08:31:32.363474270
5121.75,2,08:31:32.363533170
5121.75,1,08:31:32.363563808
5121.75,1,08:31:32.364744401
5121.75,1,08:31:32.364910939
5121.75,10,08:31:32.411822779
5121.75,1,08:31:32.412070206
5122.0,2,08:31:32.638239680
5122.0,47,08:31:32.638500095
5122.25,16,08:31:32.639222842
5122.25,1,08:31:32.639309839
5122.25,3,08:31:32.639362598
5122.25,1,08:31:32.639362598
5122.25,7,08:31:32.639470610
5122.25,1,08:31:32.639730174
5122.25,1,08:31:32.639794267
5122.25,1,08:31:32.639954655
5122.25,1,08:31:32.639987558
5122.25,1,08:31:32.640474860
5122.25,1,08:31:32.640682615
5122.25,2,08:31:32.750499747
5122.0,1,08:31:32.790349894
5122.0,1,08:31:32.807221282
5122.0,1,08:31:32.913096783
5122.0,1,08:31:32.913271990
5122.0,9,08:31:32.913402709
5121.75,12,08:31:32.927798175
5122.0,1,08:31:32.929269837
5121.75,3,08:31:33.022724327
5121.5,2,08:31:33.022724327
5121.75,1,08:31:33.023170653
5121.75,1,08:31:33.139793883
5121.5,1,08:31:33.146199323
5121.75,5,08:31:33.191115293
5121.5,3,08:31:33.374087564
5121.75,1,08:31:33.374469937
5121.75,1,08:31:33.374504619
5121.5,3,08:31:33.394217901
5121.5,1,08:31:33.557679681
5121.5,3,08:31:33.577610430
5121.5,1,08:31:33.593381858
5121.5,1,08:31:33.593903891
5121.75,1,08:31:33.767715368
5121.5,9,08:31:33.914477379
5121.5,2,08:31:33.914770972
5121.5,1,08:31:33.914986349
5121.5,1,08:31:33.915065339
5121.25,7,08:31:33.928292824
5121.5,1,08:31:33.930251491
5121.5,1,08:31:34.036875009
5121.75,13,08:31:34.171035345
5122.0,24,08:31:34.358877555
5122.0,1,08:31:34.359627657
5122.25,22,08:31:34.427069077
5122.25,2,08:31:34.427390428
5122.25,1,08:31:34.497257716
5122.5,23,08:31:34.536936724
5122.5,1,08:31:34.588228914
5122.75,13,08:31:34.609143559
5123.25,7,08:31:34.615483971
5123.0,8,08:31:34.615483971
5123.25,3,08:31:34.615501635
5123.25,4,08:31:34.615501635
5123.0,1,08:31:34.616018964
5123.0,2,08:31:34.668166370
5123.0,7,08:31:34.668440929
5123.0,1,08:31:34.668749028
5123.0,2,08:31:34.668801721
5123.0,5,08:31:34.669003583
5123.0,1,08:31:34.669080852
5123.25,1,08:31:34.837156629
5123.0,9,08:31:34.930956051
5123.0,1,08:31:34.931126365
5123.0,2,08:31:34.931175943
5123.0,4,08:31:34.931425865
5123.0,1,08:31:34.931463709
5123.0,1,08:31:34.931640299
5123.0,1,08:31:34.931682120
5123.25,4,08:31:34.943072051
5123.0,1,08:31:34.955772536
5123.0,1,08:31:35.003896069
5123.0,1,08:31:35.003921202
5123.0,2,08:31:35.004137152
5123.0,1,08:31:35.004312503
5123.0,1,08:31:35.123242087
5123.0,2,08:31:35.124592517
5123.0,1,08:31:35.130966514
5123.25,1,08:31:35.188185394
5123.25,1,08:31:35.284507619
5123.25,1,08:31:35.295949189
5123.25,6,08:31:35.361946876
5123.25,39,08:31:35.362301773
5123.25,2,08:31:35.362536843
5123.25,1,08:31:35.362770563
5123.25,1,08:31:35.362797347
5123.25,1,08:31:35.363085980
5123.25,4,08:31:35.363139530
5123.0,1,08:31:35.530110571
5123.0,1,08:31:35.576386354
5123.0,2,08:31:35.620524671
5123.0,3,08:31:35.620706472
5123.0,4,08:31:35.621040009
5123.0,1,08:31:35.621247751
5123.0,1,08:31:35.621297707
5123.0,1,08:31:35.621352853
5123.25,2,08:31:35.659091979
5123.25,2,08:31:35.659130562
5123.25,2,08:31:35.659169062
5123.25,1,08:31:35.659362074
5123.5,1,08:31:35.826803892
5123.5,1,08:31:35.829960455
5123.5,1,08:31:35.922167518
5123.25,4,08:31:35.929561762
5123.25,1,08:31:35.929745171
5123.25,1,08:31:35.929789290
5123.25,1,08:31:35.929846107
5123.25,2,08:31:35.930058734
5123.25,1,08:31:35.930347170
5123.25,1,08:31:35.930517055
5123.25,1,08:31:35.930688742
5123.25,1,08:31:35.930891306
5123.25,1,08:31:35.931801964
5123.25,5,08:31:35.943842474
5123.25,1,08:31:35.944015415
5123.25,2,08:31:35.945781154
5123.25,5,08:31:35.951490179
5123.5,10,08:31:36.007202081
5123.5,1,08:31:36.007389740
5123.25,1,08:31:36.007812622
5123.25,1,08:31:36.007994727
5123.5,1,08:31:36.009522928
5123.25,2,08:31:36.149419921
5123.5,1,08:31:36.154304173
5123.5,1,08:31:36.182667273
5123.25,11,08:31:36.236776317
5123.25,1,08:31:36.237431774
5123.25,1,08:31:36.252490018
5123.25,1,08:31:36.305639194
5123.25,4,08:31:36.351693247
5123.25,1,08:31:36.367700449
5123.25,7,08:31:36.379815466
5123.25,1,08:31:36.401441964
5123.0,1,08:31:36.420626781
5123.0,1,08:31:36.571211105
5123.0,1,08:31:36.648790380
5123.0,8,08:31:36.944248645
5123.0,1,08:31:36.944459312
5123.0,1,08:31:36.944670783
5123.0,1,08:31:36.960473355
5122.75,3,08:31:36.987033724
5123.0,3,08:31:37.013671202
5123.0,1,08:31:37.097746903
5123.0,2,08:31:37.126328622
5123.0,1,08:31:37.126370808
5123.0,1,08:31:37.126458912
5123.0,1,08:31:37.126502910
5123.0,1,08:31:37.126702882
5123.0,1,08:31:37.126760128
5123.0,4,08:31:37.126867836
5123.0,3,08:31:37.126914896
5123.0,1,08:31:37.127025266
5123.0,3,08:31:37.130087436
5123.25,1,08:31:37.133938847
5123.0,1,08:31:37.247698595
5123.5,28,08:31:37.443246284
5123.25,12,08:31:37.443246284
5123.25,1,08:31:37.443703355
5123.25,7,08:31:37.490226372
5123.25,1,08:31:37.490686122
5123.25,2,08:31:37.508270373
5123.25,5,08:31:37.519617384
5123.5,2,08:31:37.566777455
5123.5,33,08:31:37.567025568
5123.75,8,08:31:37.577488374
5123.75,3,08:31:37.577502800
5123.75,1,08:31:37.577502800
5123.75,2,08:31:37.577605717
5123.75,1,08:31:37.577658793
5123.75,1,08:31:37.577692921
5123.75,1,08:31:37.577723780
5123.75,1,08:31:37.577772514
5123.75,1,08:31:37.577825616
5123.75,1,08:31:37.577871786
5123.75,1,08:31:37.577930680
5123.75,1,08:31:37.577960076
5123.75,1,08:31:37.578128025
5123.75,1,08:31:37.583232790
5123.75,2,08:31:37.589562456
5123.75,1,08:31:37.589709810
5123.75,1,08:31:37.589730958
5124.0,1,08:31:37.717816269
5124.0,1,08:31:37.717826074
5124.0,3,08:31:37.873851021
5124.0,3,08:31:37.873917499
5124.0,28,08:31:37.874349175
5124.0,4,08:31:37.914193895
5124.0,1,08:31:37.914240421
5124.0,2,08:31:37.914280597
5124.0,1,08:31:37.914312477
5124.0,4,08:31:37.914416495
5124.0,1,08:31:37.914454749
5124.0,1,08:31:37.914776797
5124.0,1,08:31:37.914830654
5124.0,4,08:31:37.914919241
5124.0,1,08:31:37.915102394
5124.0,1,08:31:37.915142260
5123.75,7,08:31:37.915452500
5123.75,1,08:31:37.916819641
5124.0,4,08:31:37.943449452
5123.75,3,08:31:37.943471850
5124.0,2,08:31:37.943709564
5124.0,1,08:31:37.943883138
5124.0,2,08:31:37.944092422
5124.0,1,08:31:37.944250307
5124.25,1,08:31:37.991559937
5124.25,1,08:31:37.991570107
5124.0,11,08:31:38.027796595
5123.75,5,08:31:38.046728300
5123.75,1,08:31:38.047093284
5123.75,1,08:31:38.047192671
5123.75,2,08:31:38.047267470
5123.75,1,08:31:38.047491298
5123.75,1,08:31:38.047787812
5123.75,1,08:31:38.047966482
5123.75,1,08:31:38.048010672
5124.0,7,08:31:38.138467306
5123.75,3,08:31:38.138467306
5123.75,1,08:31:38.138838476
5123.75,1,08:31:38.139094635
5123.75,1,08:31:38.140290665
5124.0,1,08:31:38.146387719
5124.0,2,08:31:38.252629903
5124.0,1,08:31:38.253607740
5124.0,1,08:31:38.253884650
5124.0,1,08:31:38.287074649
5124.0,1,08:31:38.321074632
5124.25,1,08:31:38.377051354
5124.25,2,08:31:38.408457457
5124.25,10,08:31:38.453285185
5124.25,1,08:31:38.585679645
5124.25,5,08:31:38.670503930
5124.25,1,08:31:38.682354290
5124.5,2,08:31:38.764307885
5124.5,2,08:31:38.764394539
5124.5,4,08:31:38.764447439
5124.5,5,08:31:38.764546874
5124.5,2,08:31:38.764546874
5124.5,1,08:31:38.764628594
5124.5,7,08:31:38.764628594
5124.5,1,08:31:38.764674624
5124.5,1,08:31:38.764755321
5124.5,1,08:31:38.764805818
5124.5,1,08:31:38.800226811
5124.5,1,08:31:38.803435179
5124.5,1,08:31:38.803473692
5124.5,1,08:31:38.803507250
5124.5,6,08:31:38.803663266
5124.5,1,08:31:38.803945602
5124.5,4,08:31:38.804035030
5124.5,1,08:31:38.804098555
5124.5,1,08:31:38.804131798
5124.5,1,08:31:38.804270601
5124.5,1,08:31:38.804908681
5124.25,25,08:31:38.869862561
5124.25,2,08:31:38.870224258
5124.0,7,08:31:38.914911034
5124.0,1,08:31:38.915240176
5124.0,1,08:31:38.981108231
5124.25,2,08:31:39.044316867
5124.0,2,08:31:39.065773528
5124.0,9,08:31:39.066025920
5124.5,4,08:31:39.159492129
5124.25,14,08:31:39.159492129
5124.0,7,08:31:39.159492129
5124.25,1,08:31:39.179916718
5124.25,1,08:31:39.295025769
5124.5,1,08:31:39.301160459
5124.5,1,08:31:39.406560009
5124.25,1,08:31:39.586677807
5124.25,6,08:31:39.612460056
5124.25,1,08:31:39.722980118
5123.75,7,08:31:39.787760283
5124.0,13,08:31:39.787760283
5124.0,4,08:31:39.790882905
5124.25,2,08:31:39.829500558
5124.25,1,08:31:39.829824980
5124.25,1,08:31:39.829907776
5124.25,2,08:31:39.872608061
5124.25,3,08:31:39.907022821
5124.25,10,08:31:39.915321251
5124.25,1,08:31:39.915536868
5124.25,3,08:31:39.915569397
5124.25,1,08:31:39.915598241
5124.25,1,08:31:39.915775829
5124.5,10,08:31:39.962110578
5124.5,5,08:31:39.987391539
5124.5,2,08:31:40.112564226
5124.5,1,08:31:40.112766963
5124.5,1,08:31:40.113014033
5124.5,1,08:31:40.113173470
5124.5,1,08:31:40.158715460
5124.5,1,08:31:40.170379982
5124.5,1,08:31:40.365936299
5124.5,1,08:31:40.393236223
5124.5,2,08:31:40.393571116
5124.25,1,08:31:40.651304252
5124.5,3,08:31:40.705836973
5124.5,9,08:31:40.815578127
5124.5,1,08:31:40.815789293
5124.5,2,08:31:40.815886748
5124.5,1,08:31:40.860847932
5124.5,3,08:31:41.125582334
5124.5,4,08:31:41.125852224
5124.75,1,08:31:41.178973662
5124.75,1,08:31:41.178988117
5124.75,2,08:31:41.219804488
5124.75,2,08:31:41.330186458
5124.75,25,08:31:41.330501339
5124.75,2,08:31:41.342420470
5124.75,1,08:31:41.367180163
5125.0,2,08:31:41.391283083
5124.75,6,08:31:41.392485750
5124.75,2,08:31:41.392699873
5124.75,1,08:31:41.392803862
5124.75,1,08:31:41.392876039
5124.5,18,08:31:41.421176815
5124.25,1,08:31:41.784961073
5124.25,1,08:31:41.827040190
5124.25,5,08:31:41.913868206
5124.25,1,08:31:41.914169204
5124.25,1,08:31:42.061543674
5124.0,1,08:31:42.213743437
5124.25,3,08:31:42.213981326
5124.25,1,08:31:42.242635134
5124.25,2,08:31:42.293974485
5124.25,3,08:31:42.294025333
5124.25,2,08:31:42.401531477
5124.5,1,08:31:42.429321993
5124.0,1,08:31:42.453726784
5124.0,2,08:31:42.532043322
5124.25,1,08:31:42.634802362
5124.25,1,08:31:42.686768354
5124.25,2,08:31:42.702387427
5124.25,1,08:31:42.710547680
5124.25,1,08:31:42.722957059
5124.25,4,08:31:42.794572264
5124.25,2,08:31:42.794601693
5124.25,1,08:31:42.794712981
5124.25,1,08:31:42.794750259
5124.5,24,08:31:42.948929520
5124.75,1,08:31:42.948929520
5124.5,3,08:31:42.966287622
5124.75,1,08:31:42.992714080
5124.5,1,08:31:43.102190322
5124.5,1,08:31:43.283864939
5124.5,2,08:31:43.472347656
5124.75,5,08:31:43.506157340
5124.75,1,08:31:43.599694146
5124.75,3,08:31:43.600402099
5124.75,1,08:31:43.600922209
5124.75,1,08:31:43.600998143
5124.75,1,08:31:43.601102379
5124.75,5,08:31:43.652793879
5124.75,1,08:31:43.652828140
5124.75,1,08:31:43.652988047
5124.75,1,08:31:43.653049792
5124.75,1,08:31:43.653078010
5125.0,33,08:31:43.845520478
5125.25,7,08:31:43.846030335
5125.25,1,08:31:43.846048159
5125.25,2,08:31:43.847768699
5125.25,1,08:31:43.847821628
5125.25,1,08:31:43.847949480
5125.25,1,08:31:43.847979618
5125.25,1,08:31:43.848095246
5125.25,1,08:31:43.848124252
5125.25,1,08:31:43.848249979
5125.25,1,08:31:43.848421471
5125.25,1,08:31:43.848566533
5125.25,1,08:31:43.848602482
5125.0,14,08:31:43.915085434
5125.0,1,08:31:43.915407230
5125.0,2,08:31:43.915457657
5125.0,1,08:31:43.915646057
5125.0,1,08:31:43.915801776
5125.0,5,08:31:43.993373687
5125.0,1,08:31:43.993716206
5125.0,1,08:31:44.030173483
5124.75,6,08:31:44.109452242
5124.75,1,08:31:44.109728648
5124.75,1,08:31:44.109899793
5124.75,1,08:31:44.110097049
5124.75,2,08:31:44.110431718
5124.75,1,08:31:44.110643293
5125.0,2,08:31:44.234106349
5125.0,1,08:31:44.234290268
5125.0,1,08:31:44.234320381
5125.0,1,08:31:44.234359018
5125.0,1,08:31:44.234471431
5125.25,1,08:31:44.418999189
5125.25,11,08:31:44.462539438
5125.25,34,08:31:44.462860855
5125.25,1,08:31:44.462919468
5125.25,1,08:31:44.462983946
5125.25,2,08:31:44.462983946
5125.25,14,08:31:44.463023765
5125.25,1,08:31:44.463462148
5125.25,3,08:31:44.463890383
5125.25,1,08:31:44.464070089
5125.5,1,08:31:44.511713520
5125.5,1,08:31:44.511723146
5125.5,1,08:31:44.529518499
5125.5,1,08:31:44.565470834
5125.5,1,08:31:44.631747055
5125.25,8,08:31:44.682361879
5125.0,2,08:31:44.784199773
5125.0,14,08:31:44.915512933
5125.0,1,08:31:44.961729090
5125.0,1,08:31:45.008555461
5125.0,6,08:31:45.024789329
5125.25,10,08:31:45.024789329
5125.25,1,08:31:45.419479593
5125.25,1,08:31:45.598415335
5125.25,1,08:31:45.794354591
5125.25,1,08:31:45.839017623
5125.25,1,08:31:45.946849128
5125.0,1,08:31:46.006883816
5125.5,5,08:31:46.072421319
5125.25,10,08:31:46.072421319
5125.5,2,08:31:46.140859526
5125.5,1,08:31:46.155087902
5125.5,1,08:31:46.155397315
5125.5,1,08:31:46.156387991
5125.5,1,08:31:46.156545386
5125.5,7,08:31:46.156545386
5125.5,1,08:31:46.157194120
5125.5,1,08:31:46.157305914
5125.5,2,08:31:46.157305914
5125.5,1,08:31:46.157536075
5125.5,1,08:31:46.237199862
5125.5,1,08:31:46.237879193
5125.5,1,08:31:46.237928902
5125.75,5,08:31:46.387761098
5125.75,1,08:31:46.387771678
5125.75,5,08:31:46.388335856
5125.75,1,08:31:46.388475673
5125.75,11,08:31:46.388475673
5125.75,1,08:31:46.388503338
5125.75,1,08:31:46.388572827
5125.75,23,08:31:46.388987687
5125.75,2,08:31:46.396101638
5126.0,5,08:31:46.397107975
5126.0,5,08:31:46.397119008
5125.75,4,08:31:46.401807499
5125.75,3,08:31:46.401862441
5125.75,4,08:31:46.401943579
5125.75,2,08:31:46.401943579
5125.75,1,08:31:46.402261105
5125.75,1,08:31:46.402845408
5125.5,8,08:31:46.403787386
5125.75,1,08:31:46.404761312
5125.75,10,08:31:46.435537646
5125.75,2,08:31:46.566435074
5125.75,1,08:31:46.566654958
5125.75,1,08:31:46.566939152
5125.75,1,08:31:46.567099037
5125.75,1,08:31:46.567307390
5125.75,1,08:31:46.567474901
5125.75,1,08:31:46.640716215
5125.75,1,08:31:46.640909118
5125.75,1,08:31:46.641102975
5125.5,2,08:31:46.670631497
5125.75,1,08:31:46.768543630
5125.75,5,08:31:46.830093541
5125.75,1,08:31:46.845977665
5126.0,1,08:31:46.846479535
5125.5,2,08:31:46.930477359
5125.75,1,08:31:46.946823764
5125.5,1,08:31:46.976508162
5125.5,4,08:31:46.988007666
5125.5,2,08:31:46.988034402
5125.5,1,08:31:46.994168497
5125.5,2,08:31:47.046887982
5125.5,1,08:31:47.181930547
5125.5,1,08:31:47.207210485
5125.5,2,08:31:47.207445610
5125.75,2,08:31:47.232235919
5125.75,1,08:31:47.287805640
5125.75,2,08:31:47.298623485
5125.75,1,08:31:47.298859299
5125.75,1,08:31:47.298893098
5125.75,1,08:31:47.300567294
5125.75,1,08:31:47.308347976
5126.0,1,08:31:47.354191232
5125.5,1,08:31:47.390272786
5125.5,5,08:31:47.410860249
5125.75,1,08:31:47.426865706
5125.75,5,08:31:47.503630577
5125.75,1,08:31:47.519395406
5126.0,2,08:31:47.763512931
5125.5,1,08:31:47.765587597
5126.0,1,08:31:48.122392384
5126.0,2,08:31:48.122419534
5126.0,1,08:31:48.122541002
5126.0,1,08:31:48.122570766
5126.0,1,08:31:48.122623518
5126.0,4,08:31:48.122655673
5126.0,1,08:31:48.122710627
5126.0,1,08:31:48.122745018
5126.0,1,08:31:48.122792712
5126.25,1,08:31:48.149158215
5126.25,3,08:31:48.149170420
5126.25,1,08:31:48.172956863
5126.25,31,08:31:48.191154610
5126.5,5,08:31:48.267519380
5126.5,1,08:31:48.267534619
5126.5,1,08:31:48.267728777
5126.5,1,08:31:48.267792970
5126.5,1,08:31:48.267872357
5126.5,1,08:31:48.268777966
5126.25,1,08:31:48.637364412
5126.25,11,08:31:48.796287225
5126.25,2,08:31:48.796594643
5126.25,2,08:31:48.796819182
5126.25,3,08:31:48.796999188
5126.0,1,08:31:48.870511577
5126.5,1,08:31:48.870560871
5126.75,35,08:31:49.056921333
5126.5,20,08:31:49.056921333
5127.0,1,08:31:49.056949314
5127.0,1,08:31:49.056962198
5126.75,2,08:31:49.057425608
5126.75,44,08:31:49.057682088
5127.0,8,08:31:49.057894988
5126.75,2,08:31:49.057985495
5126.75,1,08:31:49.058073186
5126.75,1,08:31:49.058873292
5126.75,2,08:31:49.059069575
5126.75,2,08:31:49.065234220
5126.75,1,08:31:49.065443607
5126.75,1,08:31:49.065597623
5126.75,1,08:31:49.074857546
5126.75,5,08:31:49.173496406
5126.75,3,08:31:49.173662433
5127.0,1,08:31:49.202828806
5126.75,1,08:31:49.257277705
5126.75,1,08:31:49.257350491
5126.75,1,08:31:49.257474496
5126.75,1,08:31:49.257500519
5126.75,2,08:31:49.257768413
5126.75,1,08:31:49.268448374
5126.75,1,08:31:49.273204684
5126.75,1,08:31:49.380565002
5126.5,1,08:31:49.454565369
5126.5,2,08:31:49.455332629
5126.5,4,08:31:49.455583312
5126.5,4,08:31:49.455947448
5126.5,1,08:31:49.456130025
5126.5,1,08:31:49.456168060
5126.5,1,08:31:49.471544904
5126.25,5,08:31:49.836514830
5126.25,1,08:31:49.836756147
5126.25,1,08:31:49.836805796
5126.25,4,08:31:49.836857628
5126.25,1,08:31:49.837377539
5126.25,1,08:31:49.853179136
5126.25,1,08:31:49.863071348
5126.25,1,08:31:49.940589246
5126.0,5,08:31:49.969211890
5126.25,1,08:31:49.982357631
5126.25,10,08:31:50.004227737
5126.25,1,08:31:50.004461759
5126.5,1,08:31:50.055957296
5126.5,1,08:31:50.066288810
5126.5,1,08:31:50.126183860
5126.5,2,08:31:50.265976453
5126.25,2,08:31:50.266588763
5126.5,11,08:31:50.277118651
5126.5,1,08:31:50.277415979
5126.5,1,08:31:50.277599343
5126.5,6,08:31:50.341707707
5126.5,11,08:31:50.341922018
5126.5,3,08:31:50.342003946
5126.5,2,08:31:50.342177255
5126.5,14,08:31:50.343210786
5126.75,3,08:31:50.343210786
5126.5,1,08:31:50.343324394
5126.5,1,08:31:50.343652984
5126.75,1,08:31:50.431428179
5126.75,1,08:31:50.544418794
5126.5,3,08:31:50.581696305
5126.5,5,08:31:50.619209817
5126.75,1,08:31:50.729325927
5126.75,1,08:31:50.759489829
5126.25,1,08:31:50.819804890
5126.25,6,08:31:50.820073884
5126.25,1,08:31:50.820357400
5126.25,1,08:31:50.820457534
5126.25,1,08:31:50.820858684
5126.25,1,08:31:50.821025689
5126.5,1,08:31:50.856112602
5126.5,2,08:31:50.925376438
5126.25,11,08:31:50.956596325
5126.5,1,08:31:50.965359785
5126.25,1,08:31:51.023160443
5126.0,2,08:31:51.058085718
5126.0,2,08:31:51.139656683
5126.0,1,08:31:51.139831362
5126.0,4,08:31:51.139923806
5126.0,1,08:31:51.140090782
5126.0,3,08:31:51.167511566
5126.25,15,08:31:51.175475253
5126.25,1,08:31:51.198574110
5126.0,3,08:31:51.237353300
5126.25,1,08:31:51.623966546
5126.25,1,08:31:51.629941647
5126.25,1,08:31:51.711425456
5126.25,2,08:31:51.804407821
5126.25,1,08:31:51.804554043
5126.25,4,08:31:51.806125759
5126.25,1,08:31:51.839439209
5126.5,1,08:31:51.858942615
5126.5,2,08:31:51.952616937
5126.5,1,08:31:51.952755558
5126.5,1,08:31:51.952797472
5126.5,1,08:31:51.952837585
5126.5,2,08:31:51.952889361
5126.5,1,08:31:51.953044434
5126.5,1,08:31:51.953218053
5126.75,1,08:31:51.993833883
5126.75,1,08:31:52.136050111
5126.75,22,08:31:52.136118362
5126.75,1,08:31:52.136250547
5126.75,5,08:31:52.236323891
5126.75,1,08:31:52.252138158
5126.75,1,08:31:52.295332279
5126.75,1,08:31:52.296010434
5127.0,4,08:31:52.327367130
5127.0,1,08:31:52.454710475
5127.0,1,08:31:52.499800007
5127.0,1,08:31:52.499965172
5127.0,1,08:31:52.500033960
5127.0,1,08:31:52.500072771
5127.0,1,08:31:52.500120269
5127.0,3,08:31:52.500164802
5127.25,5,08:31:52.501708605
5127.25,1,08:31:52.501719856
5127.25,1,08:31:52.527171958
5127.25,5,08:31:52.527248048
5127.25,3,08:31:52.527310409
5127.25,1,08:31:52.527310409
5127.25,1,08:31:52.527870881
5127.5,4,08:31:52.643892597
5127.75,1,08:31:52.643904210
5127.5,3,08:31:52.806741929
5127.5,2,08:31:52.806784644
5127.5,1,08:31:52.807266196
5127.25,2,08:31:52.807345721
5127.25,7,08:31:52.807431860
5127.25,3,08:31:52.807484050
5127.25,1,08:31:52.807928363
5127.25,2,08:31:52.808006211
5127.0,3,08:31:52.817965239
5127.25,1,08:31:52.822498892
5127.5,1,08:31:52.842459309
5127.0,1,08:31:52.929222538
5127.25,3,08:31:52.929222538
5127.25,1,08:31:52.945074238
5127.0,2,08:31:53.007000060
5127.25,1,08:31:53.028423456
5127.0,1,08:31:53.132047862
5127.25,1,08:31:53.134167481
5127.25,1,08:31:53.271911613
5127.0,1,08:31:53.358395742
5127.25,1,08:31:53.441613937
5127.25,1,08:31:53.451559781
5127.25,1,08:31:53.559462094
5127.25,2,08:31:53.559700064
5127.25,3,08:31:53.561431551
5127.5,1,08:31:53.584837215
5127.0,1,08:31:53.673068618
5127.5,1,08:31:53.859100272
5127.0,1,08:31:53.927504464
5127.5,1,08:31:53.961977642
5127.5,1,08:31:54.032287988
5127.25,1,08:31:54.217159571
5127.25,1,08:31:54.281448496
5127.5,1,08:31:54.300692115
5127.5,1,08:31:54.407667110
5127.5,2,08:31:54.409210715
5127.5,4,08:31:54.409438415
5127.5,1,08:31:54.436353750
5127.25,1,08:31:54.473491926
5127.5,10,08:31:54.501250664
5127.5,1,08:31:54.501440074
5127.5,1,08:31:54.676050789
5127.5,1,08:31:54.676218313
5127.5,1,08:31:54.679542126
5127.5,2,08:31:54.695189631
5127.5,4,08:31:54.704492207
5127.75,1,08:31:54.852273438
5127.5,1,08:31:55.017924834
5127.25,10,08:31:55.019327187
5127.25,4,08:31:55.019490225
5127.25,7,08:31:55.019537650
5127.25,1,08:31:55.035327666
5127.0,6,08:31:55.115113287
5127.0,4,08:31:55.115167656
5127.0,1,08:31:55.116546599
5127.25,16,08:31:55.146078302
5127.0,3,08:31:55.146078302
5127.25,1,08:31:55.283702546
5127.0,2,08:31:55.303981568
5127.0,2,08:31:55.304079420
5127.0,3,08:31:55.304124720
5126.75,22,08:31:55.315674401
5126.75,1,08:31:55.320346303
5126.75,2,08:31:55.330763386
5126.5,2,08:31:55.455616177
5126.75,4,08:31:55.499462276
5126.75,1,08:31:55.499545936
5126.75,2,08:31:55.499545936
5126.75,2,08:31:55.499779176
5126.75,3,08:31:55.500024057
5127.0,1,08:31:55.732687878
5127.0,1,08:31:55.759415113
5126.75,1,08:31:55.889394506
5127.0,2,08:31:55.934087615
5127.0,2,08:31:56.042399569
5127.0,1,08:31:56.042511885
5127.0,2,08:31:56.042511885
5127.0,2,08:31:56.042697655
5127.0,1,08:31:56.042857569
5127.0,1,08:31:56.075835242
5127.0,1,08:31:56.076009364
5127.0,1,08:31:56.076108886
5127.0,1,08:31:56.076141545
5127.0,1,08:31:56.076310643
5127.0,2,08:31:56.092042424
5127.0,1,08:31:56.149748400
5127.0,1,08:31:56.155490614
5127.0,6,08:31:56.337334054
5127.25,9,08:31:56.337334054
5127.0,1,08:31:56.337762373
5127.0,1,08:31:56.337831954
5127.0,1,08:31:56.353532434
5127.0,1,08:31:56.583634540
5127.0,10,08:31:56.608306773
5127.0,1,08:31:56.608536599
5127.0,1,08:31:56.609436370
5127.25,1,08:31:56.629856374
5127.25,1,08:31:56.630025830
5127.25,1,08:31:56.675504050
5127.0,1,08:31:56.790368500
5127.0,2,08:31:56.809523605
5127.0,4,08:31:57.113375966
5127.5,21,08:31:57.534994861
5127.25,10,08:31:57.534994861
5127.75,19,08:31:57.534994861
5127.5,1,08:31:57.552277769
5127.5,4,08:31:57.604789739
5127.5,6,08:31:57.608847049
5127.25,2,08:31:57.741442257
5127.5,1,08:31:57.741641499
5127.5,2,08:31:57.742778975
5127.5,1,08:31:57.744105824
5127.5,1,08:31:57.744276109
5127.5,1,08:31:57.757145548
5127.25,1,08:31:57.763638398
5127.25,6,08:31:57.872394039
5127.25,1,08:31:57.888358667
5127.0,1,08:31:58.054585685
5127.0,1,08:31:58.054777574
5127.0,1,08:31:58.054948575
5127.0,1,08:31:58.054982013
5127.0,1,08:31:58.055103404
5127.0,4,08:31:58.055167968
5127.0,1,08:31:58.055258815
5127.0,1,08:31:58.055306592
5127.0,2,08:31:58.055396681
5127.0,1,08:31:58.090815962
5127.25,1,08:31:58.114788901
5127.0,2,08:31:58.123282646
5126.75,1,08:31:58.241134792
5126.75,1,08:31:58.285744885
5126.75,2,08:31:58.346500189
5127.0,1,08:31:58.381894278
5127.0,5,08:31:58.385988482
5127.0,1,08:31:58.386346227
5127.0,1,08:31:58.386513574
5127.0,1,08:31:58.402193646
5127.0,1,08:31:58.451148130
5127.0,1,08:31:58.466897077
5127.25,2,08:31:58.589946157
5127.0,2,08:31:58.674442927
5127.25,6,08:31:58.826583726
5127.25,1,08:31:58.826734674
5127.25,3,08:31:58.832640793
5127.25,1,08:31:58.851573580
5127.0,1,08:31:58.988351105
5127.0,1,08:31:59.086084784
5127.0,2,08:31:59.086128282
5127.0,1,08:31:59.086534899
5127.0,1,08:31:59.087339955
5127.0,1,08:31:59.087674112
5127.0,1,08:31:59.182134421
5126.75,1,08:31:59.239667850
5127.0,3,08:31:59.255548517
5126.75,1,08:31:59.318051943
5126.75,1,08:31:59.339864154
5127.0,2,08:31:59.397244519
5127.0,1,08:31:59.397731288
5127.0,1,08:31:59.397918484
5127.0,1,08:31:59.398093996
5127.0,1,08:31:59.398245755
5127.0,3,08:31:59.430947788
5126.75,5,08:31:59.750542348
5126.75,2,08:31:59.766352259
5126.5,34,08:31:59.804568711
5126.25,1,08:31:59.804584746
5126.5,1,08:31:59.820311120
5126.25,12,08:31:59.927820302
5126.0,12,08:31:59.974012933
5126.0,1,08:31:59.974143963
5126.0,29,08:31:59.974228412
5125.75,2,08:31:59.978897486
5125.75,1,08:31:59.989280216
5125.75,2,08:31:59.989520449
5124.75,3,08:33:06.834473225
5124.5,17,08:33:06.895987066
5124.75,8,08:33:06.895987066
5124.5,3,08:33:06.991962438
5124.5,8,08:33:06.992209918
5124.25,1,08:33:07.006284591
5124.25,2,08:33:07.006381729
5124.25,6,08:33:07.006449570
5124.0,10,08:33:07.060526535
5124.0,9,08:33:07.060559112
5123.75,3,08:33:07.079853717
5123.75,2,08:33:07.079885199
5124.0,1,08:33:07.196537940
5124.0,18,08:33:07.216482372
5124.0,4,08:33:07.216534197
5124.0,1,08:33:07.216534197
5124.0,3,08:33:07.216987138
5124.25,1,08:33:07.266822562
5124.25,1,08:33:07.270735645
5124.25,2,08:33:07.499170824
5124.25,1,08:33:07.499277273
5124.25,2,08:33:07.499277273
5124.25,1,08:33:07.499304451
5124.5,1,08:33:07.828427115
5124.25,1,08:33:07.882763424
5124.25,2,08:33:08.106206614
5124.25,4,08:33:08.106257248
5124.25,2,08:33:08.106355696
5124.25,2,08:33:08.113486610
5124.25,2,08:33:08.113741531
5124.25,2,08:33:08.114334941
5124.25,2,08:33:08.205669694
5124.5,3,08:33:08.233899675
5124.25,7,08:33:08.291180102
5124.0,22,08:33:08.291180102
5124.0,1,08:33:08.291633858
5124.0,2,08:33:08.292012074
5124.25,5,08:33:08.456700712
5124.25,6,08:33:08.456898450
5124.25,1,08:33:08.457248948
5124.25,3,08:33:08.553242984
5124.25,2,08:33:08.591813667
5124.25,4,08:33:08.591872280
5124.25,3,08:33:08.591931196
5124.25,1,08:33:08.592249552
5124.25,3,08:33:08.787310808
5124.25,1,08:33:08.787704809
5124.25,3,08:33:08.792238725
5124.25,1,08:33:08.792271013
5124.25,5,08:33:09.198956386
5124.25,3,08:33:09.199315731
5124.25,1,08:33:09.199505118
5124.5,1,08:33:09.377512219
5124.25,1,08:33:09.504445458
5124.25,1,08:33:09.614228947
5124.5,5,08:33:10.202137862
5124.5,38,08:33:10.202387307
5124.5,1,08:33:10.202922156
5124.5,1,08:33:10.203086774
5124.5,21,08:33:10.203356312
5124.5,1,08:33:10.203613793
5124.5,1,08:33:10.203922522
5124.5,1,08:33:10.228672907
5124.5,1,08:33:10.493548068
5124.5,3,08:33:10.572512137
5124.5,4,08:33:10.572733834
5124.25,1,08:33:11.081957593
5124.25,1,08:33:11.081992650
5124.25,1,08:33:11.082232406
5124.25,1,08:33:11.082425968
5124.25,1,08:33:11.082501263
5124.25,3,08:33:11.123697981
5124.25,1,08:33:11.123936655
5124.25,1,08:33:11.124290535
5124.25,1,08:33:11.124337898
5124.5,5,08:33:11.340748604
5124.0,13,08:33:11.432506324
5124.25,12,08:33:11.432506324
5124.0,9,08:33:11.433304894
5124.25,2,08:33:11.634866653
5124.0,2,08:33:11.728366605
5124.0,1,08:33:11.728438792
5124.0,2,08:33:11.728438792
5124.0,4,08:33:11.728495125
5124.0,5,08:33:11.728514208
5123.75,1,08:33:11.956004718
5123.75,1,08:33:11.956155713
5123.75,1,08:33:11.956195160
5123.75,1,08:33:11.956234940
5123.75,1,08:33:11.956366527
5123.75,1,08:33:11.956402060
5123.75,1,08:33:11.956496926
5123.75,2,08:33:11.956566073
5123.75,1,08:33:11.956777518
5123.75,1,08:33:12.354684978
5123.75,1,08:33:12.569331924
5123.75,1,08:33:12.639757149
5123.75,1,08:33:12.639919069
5123.75,1,08:33:12.640181550
5123.75,2,08:33:12.666449794
5123.5,2,08:33:12.793476401
5123.5,2,08:33:12.793718128
5123.5,5,08:33:12.793785893
5123.5,1,08:33:12.793887203
5123.5,2,08:33:12.992218629
5123.5,1,08:33:12.992241985
5123.75,2,08:33:13.226729058
5123.75,8,08:33:13.274241966
5124.0,17,08:33:13.274241966
5123.75,1,08:33:13.311953383
5123.75,2,08:33:13.312159685
5123.75,2,08:33:13.312351269
5123.75,1,08:33:13.312394109
5123.75,4,08:33:13.413971773
5123.75,3,08:33:13.414017476
5123.75,2,08:33:13.414277347
5123.75,3,08:33:13.414473688
5123.75,4,08:33:13.503035266
5123.75,1,08:33:13.503466612
5123.75,2,08:33:13.809250091
5123.75,1,08:33:13.809398148
5123.75,3,08:33:13.809650585
5123.75,5,08:33:14.039163690
5123.75,2,08:33:14.039314030
5123.5,2,08:33:14.039874764
5123.75,2,08:33:14.039906192
5123.75,1,08:33:14.040121156
5123.75,2,08:33:14.040241517
5123.75,1,08:33:14.040369945
5123.75,2,08:33:14.040423946
5123.5,13,08:33:14.509516723
5123.5,1,08:33:14.510180948
5123.25,10,08:33:14.539951460
5123.25,4,08:33:14.540220567
5123.25,2,08:33:14.540302178
5123.25,1,08:33:14.540505961
5123.25,2,08:33:14.541036289
5123.25,2,08:33:14.541079239
5123.25,1,08:33:14.550816357
5123.25,3,08:33:14.552402185
5123.25,5,08:33:14.554485621
5123.25,2,08:33:14.554945985
5123.25,1,08:33:14.555263272
5123.5,2,08:33:14.564282635
5123.25,2,08:33:14.824481050
5123.25,2,08:33:14.824559864
5123.25,1,08:33:14.824601049
5123.25,1,08:33:14.824743106
5123.25,1,08:33:14.824888303
5123.25,2,08:33:14.825083897
5123.25,1,08:33:14.825125012
5123.0,2,08:33:14.840219516
5123.25,5,08:33:14.840219516
5123.25,1,08:33:14.840534517
5123.25,1,08:33:14.840570358
5123.25,1,08:33:14.840644794
5123.25,1,08:33:14.840675039
5123.25,2,08:33:14.841125423
5123.25,4,08:33:14.867230302
5123.25,1,08:33:14.897423553
5123.5,3,08:33:15.013697878
5123.5,1,08:33:15.014208916
5123.25,1,08:33:15.031834954
5123.25,1,08:33:15.031898372
5123.25,1,08:33:15.037765108
5123.25,2,08:33:15.216859454
5123.25,1,08:33:15.217167220
5123.25,2,08:33:15.231700412
5123.25,1,08:33:15.231874140
5123.25,2,08:33:15.231922631
5123.25,3,08:33:15.248930169
5123.25,1,08:33:15.248997918
5123.25,2,08:33:15.248997918
5123.25,2,08:33:15.249132814
5123.25,2,08:33:15.249424899
5123.0,3,08:33:15.266030426
5123.25,3,08:33:15.266030426
5123.25,1,08:33:15.536614878
5123.25,1,08:33:15.536798517
5123.25,2,08:33:15.536874237
5123.25,1,08:33:15.536972418
5123.25,3,08:33:15.537231036
5123.25,1,08:33:15.537430305
5123.25,2,08:33:15.744949804
5123.25,4,08:33:15.745017962
5123.25,2,08:33:15.745435619
5123.5,1,08:33:15.747278312
5123.25,6,08:33:15.765171135
5123.25,1,08:33:15.786142091
5123.25,1,08:33:15.786302021
5123.25,2,08:33:15.786458059
5123.25,1,08:33:15.786637448
5123.0,1,08:33:15.851995855
5123.25,1,08:33:15.861768731
5123.25,5,08:33:15.998193917
5123.25,1,08:33:15.998487335
5123.25,2,08:33:16.017363924
5123.25,1,08:33:16.072369588
5123.25,7,08:33:16.123408722
5123.25,1,08:33:16.123711156
5123.25,6,08:33:16.280598227
5123.25,5,08:33:16.280926738
5123.25,1,08:33:16.281265850
5123.25,6,08:33:16.298812884
5123.25,2,08:33:16.299056967
5123.25,2,08:33:16.299274149
5123.25,3,08:33:16.793696035
5123.25,1,08:33:16.793970578
5123.25,2,08:33:16.794195079
5123.25,2,08:33:16.794714676
5123.25,1,08:33:16.838124296
5123.5,2,08:33:17.214803282
5123.5,2,08:33:17.215438323
5123.5,1,08:33:17.215616618
5123.5,1,08:33:17.215659432
5123.5,1,08:33:17.215746040
5123.5,2,08:33:17.215746040
5123.5,1,08:33:17.215832110
5123.5,2,08:33:17.215872905
5123.5,1,08:33:17.215933561
5123.5,3,08:33:17.216541948
5123.5,1,08:33:17.216888583
5123.5,2,08:33:17.216955390
5123.5,1,08:33:17.216969032
5123.5,2,08:33:17.253305231
5123.25,7,08:33:17.268907672
5123.0,5,08:33:17.415234708
5123.0,1,08:33:17.415434383
5123.0,2,08:33:17.415465263
5123.0,3,08:33:17.415694270
5123.0,1,08:33:17.415751129
5123.0,2,08:33:17.415751129
5123.0,1,08:33:17.415794941
5123.0,12,08:33:17.433541172
5123.0,1,08:33:17.489319717
5123.0,1,08:33:17.614501670
5123.0,1,08:33:17.646641746
5123.0,1,08:33:17.646836137
5123.0,1,08:33:17.646865315
5123.0,2,08:33:18.004993702
5123.0,2,08:33:18.005199255
5123.0,1,08:33:18.005259621
5123.0,7,08:33:18.005304243
5123.0,3,08:33:18.005607208
5123.0,2,08:33:18.035662990
5123.0,2,08:33:18.035708015
5123.0,1,08:33:18.035750992
5123.0,3,08:33:18.035803239
5123.0,4,08:33:18.036321089
5123.0,1,08:33:18.036664361
5123.25,1,08:33:18.068018812
5123.0,2,08:33:18.137104830
5123.0,8,08:33:18.138450978
5123.0,10,08:33:18.573411568
5123.0,1,08:33:18.573708631
5123.0,8,08:33:18.589029080
5122.75,2,08:33:18.589029080
5123.0,2,08:33:18.591081828
5123.0,4,08:33:18.593056089
5123.0,1,08:33:18.593253676
5123.0,1,08:33:18.593275508
5123.0,5,08:33:18.868042549
5123.0,1,08:33:18.885436627
5123.0,3,08:33:19.013636861
5123.0,1,08:33:19.013831278
5123.0,1,08:33:19.013854843
5123.0,2,08:33:19.013933405
5123.0,2,08:33:19.014861606
5123.0,1,08:33:19.151311257
5123.25,10,08:33:19.222567245
5123.25,14,08:33:19.260285383
5123.25,1,08:33:19.260742944
5123.5,20,08:33:19.467783327
5123.5,2,08:33:19.467941362
5123.5,2,08:33:19.468339722
5123.75,8,08:33:19.471641321
5123.75,9,08:33:19.472071966
5123.75,1,08:33:19.472187326
5123.75,1,08:33:19.472682629
5123.75,1,08:33:19.472712021
5123.75,2,08:33:19.472925351
5123.5,5,08:33:19.488382855
5123.75,7,08:33:19.488382855
5123.75,2,08:33:19.496703640
5123.75,1,08:33:19.497009662
5123.75,2,08:33:19.537290095
5123.75,2,08:33:19.554389603
5123.75,2,08:33:19.999632374
5123.75,3,08:33:19.999819670
5123.75,2,08:33:19.999856567
5123.75,1,08:33:20.021056341
5123.75,6,08:33:20.034440945
5124.0,2,08:33:20.034782838
5124.0,1,08:33:20.034963910
5124.0,1,08:33:20.034995076
5124.0,2,08:33:20.035038091
5124.0,4,08:33:20.043748023
5124.0,2,08:33:20.043781620
5124.0,2,08:33:20.043819311
5123.75,2,08:33:20.158160735
5123.75,2,08:33:20.158318250
5123.75,2,08:33:20.158357895
5123.75,4,08:33:20.158427650
5123.75,3,08:33:20.177857104
5123.75,1,08:33:20.178015875
5123.5,2,08:33:20.225522545
5123.5,2,08:33:20.225558574
5123.5,2,08:33:20.225766464
5123.5,5,08:33:20.225802051
5123.5,1,08:33:20.226134887
5123.5,2,08:33:20.226380982
5123.25,19,08:33:20.285873333
5123.25,1,08:33:20.286597968
5123.25,1,08:33:20.294521164
5123.0,8,08:33:20.334844982
5123.0,2,08:33:20.334960797
5123.0,32,08:33:20.335091941
5123.0,1,08:33:20.346025845
5123.0,4,08:33:20.346079990
5123.0,3,08:33:20.346164657
5123.0,6,08:33:20.370288003
5122.75,6,08:33:20.370632768
5122.75,6,08:33:20.393255825
5122.75,12,08:33:20.415780041
5122.75,1,08:33:20.415956816
5122.75,13,08:33:20.450505895
5122.75,3,08:33:20.466469882
5122.75,4,08:33:20.667782516
5122.75,1,08:33:20.676055445
5122.75,3,08:33:20.715176248
5122.5,1,08:33:20.732635226
5122.5,2,08:33:20.732676503
5122.5,5,08:33:20.732746324
5122.5,3,08:33:20.732805975
5122.5,41,08:33:20.732937577
5122.25,10,08:33:20.751060635
5122.25,1,08:33:20.751261440
5122.25,2,08:33:20.751311492
5122.25,1,08:33:20.751332603
5122.25,12,08:33:20.751430102
5122.25,1,08:33:20.751831477
5122.25,1,08:33:20.752058883
5122.25,7,08:33:20.769856927
5122.25,1,08:33:20.770209936
5122.25,1,08:33:20.770271722
5122.0,6,08:33:20.774309567
5122.25,8,08:33:20.774309567
5122.25,2,08:33:20.774657616
5122.25,1,08:33:20.774702423
5122.25,1,08:33:20.774778456
5122.25,1,08:33:20.774866794
5122.25,7,08:33:20.787163791
5122.25,2,08:33:20.787832566
5122.0,8,08:33:20.792517715
5122.25,11,08:33:20.792517715
5122.0,6,08:33:20.792615324
5122.25,1,08:33:20.792835763
5122.25,1,08:33:20.792922597
5122.25,4,08:33:20.793001603
5122.25,1,08:33:20.793189460
5122.25,6,08:33:20.823118263
5122.25,4,08:33:20.823832632
5122.0,2,08:33:20.823832632
5122.25,6,08:33:20.869953697
5122.5,1,08:33:20.973019695
5122.25,3,08:33:21.124288743
5122.5,17,08:33:21.124763442
5122.75,1,08:33:21.226446218
5122.75,3,08:33:21.310269295
5122.75,5,08:33:21.310516656
5122.75,2,08:33:21.310731154
5122.75,2,08:33:21.310987185
5122.75,1,08:33:21.311305857
5122.75,6,08:33:21.312243850
5122.75,1,08:33:21.312444094
5122.5,1,08:33:21.529213439
5122.75,1,08:33:21.591342520
5122.5,1,08:33:21.622135478
5122.5,1,08:33:21.847887035
5122.75,1,08:33:21.851689159
5122.5,1,08:33:21.864885719
5122.75,1,08:33:21.924514218
5122.75,4,08:33:21.924578830
5122.75,4,08:33:21.924615186
5122.75,2,08:33:21.924615186
5122.75,2,08:33:21.924668557
5122.75,1,08:33:21.924883218
5123.0,3,08:33:22.013669956
5122.75,1,08:33:22.079199554
5122.75,1,08:33:22.201837431
5122.75,1,08:33:22.226866708
5122.75,1,08:33:22.234721837
5122.75,1,08:33:22.306341407
5122.75,1,08:33:22.408476616
5123.0,9,08:33:22.682010730
5123.0,2,08:33:22.738380593
5123.0,9,08:33:22.738863387
5123.0,1,08:33:22.739027953
5123.0,2,08:33:22.774410649
5123.0,1,08:33:22.774493019
5123.0,2,08:33:22.774542994
5123.0,1,08:33:22.936288365
5123.0,4,08:33:23.031966110
5123.0,3,08:33:23.032001314
5123.0,3,08:33:23.119677685
5123.0,3,08:33:23.119736048
5123.0,1,08:33:23.119893117
5123.0,4,08:33:23.120007262
5123.0,2,08:33:23.120189641
5123.0,2,08:33:23.371726895
5123.0,1,08:33:23.372053701
5122.75,2,08:33:23.917425009
5122.75,3,08:33:23.929254466
5122.75,2,08:33:24.003997085
5122.75,1,08:33:24.004027476
5122.75,3,08:33:24.004121788
5123.0,1,08:33:24.091783355
5123.0,2,08:33:24.532446124
5122.75,1,08:33:24.566541384
5123.0,12,08:33:24.959018854
5123.0,22,08:33:24.959702023
5123.0,2,08:33:24.961550515
5123.0,1,08:33:24.961773505
5123.0,1,08:33:25.041022618
5123.0,1,08:33:25.041691368
5123.0,2,08:33:25.395180481
5123.0,1,08:33:25.395547829
5123.0,1,08:33:25.395731368
5123.0,1,08:33:25.395770143
5123.25,4,08:33:25.697306736
5123.0,9,08:33:25.837396811
5123.0,2,08:33:25.837797003
5123.0,3,08:33:25.874356019
5123.25,2,08:33:25.957953650
5123.25,1,08:33:25.958027705
5123.25,2,08:33:25.958175466
5123.5,7,08:33:26.070327645
5123.5,1,08:33:26.070818602
5123.5,1,08:33:26.070980305
5123.5,2,08:33:26.144247913
5123.5,1,08:33:26.144426323
5123.5,1,08:33:26.144468423
5123.5,1,08:33:26.144549554
5123.5,1,08:33:26.144579420
5123.5,1,08:33:26.145124993
5123.75,5,08:33:26.230542080
5123.75,1,08:33:26.728682626
5123.75,1,08:33:26.779875559
5124.0,1,08:33:26.792967173
5123.75,1,08:33:26.829390639
5123.75,2,08:33:26.829487722
5123.75,1,08:33:26.829517451
5123.75,1,08:33:26.829734796
5123.75,4,08:33:26.829841502
5123.75,1,08:33:26.829956810
5124.0,1,08:33:26.970500853
5123.75,4,08:33:27.033644213
5124.0,1,08:33:27.088299946
5123.75,2,08:33:27.305450123
5123.75,8,08:33:27.305668510
5123.75,1,08:33:27.309224429
5123.75,1,08:33:27.548262774
5123.75,2,08:33:27.873581174
5124.0,3,08:33:28.120164202
5124.0,2,08:33:28.152851845
5124.0,1,08:33:28.153038489
5124.0,1,08:33:28.153293067
5124.0,1,08:33:28.155819495
5124.25,4,08:33:28.392119174
5124.25,1,08:33:28.392176677
5124.25,15,08:33:28.392338514
5124.25,2,08:33:28.392365947
5124.25,5,08:33:28.392443991
5124.5,1,08:33:28.461444618
5124.5,5,08:33:28.461452125
5124.5,3,08:33:28.461726039
5124.5,4,08:33:28.462091060
5124.5,1,08:33:28.462173450
5124.5,1,08:33:28.462356196
5124.5,1,08:33:28.462536209
5124.5,1,08:33:28.462562885
5124.5,1,08:33:28.462744149
5124.5,1,08:33:28.462823037
5124.5,1,08:33:28.462890149
5124.5,2,08:33:28.597864391
5124.5,2,08:33:28.834929455
5124.5,1,08:33:28.969755694
5124.75,1,08:33:29.003988949
5124.75,1,08:33:29.004307029
5124.5,5,08:33:29.083293502
5124.5,2,08:33:29.083595358
5124.5,1,08:33:29.083771970
5124.5,2,08:33:29.084421788
5124.5,2,08:33:29.084464015
5124.75,2,08:33:29.313677629
5124.75,1,08:33:29.376477810
5124.75,13,08:33:29.799625582
5124.75,2,08:33:30.032480134
5124.75,3,08:33:30.032718805
5124.75,1,08:33:30.032776844
5124.75,2,08:33:30.032776844
5124.75,1,08:33:30.032859851
5124.75,1,08:33:30.032891030
5124.75,1,08:33:30.032939395
5125.0,1,08:33:30.088399524
5125.0,1,08:33:30.088413406
5124.75,1,08:33:30.098637234
5124.75,7,08:33:30.229798617
5124.75,1,08:33:30.230461325
5124.75,16,08:33:30.230640311
5124.75,1,08:33:30.230902953
5124.75,6,08:33:30.241913770
5124.75,1,08:33:30.518746666
5124.5,8,08:33:30.556191527
5124.5,11,08:33:30.556979654
5124.75,14,08:33:30.556979654
5124.5,1,08:33:30.557248028
5124.5,1,08:33:30.557698319
5124.5,4,08:33:30.690005134
5124.25,2,08:33:30.846134295
5124.25,1,08:33:30.846302148
5124.25,1,08:33:30.846352216
5124.25,1,08:33:30.846386149
5124.25,1,08:33:30.846433517
5124.25,1,08:33:30.846633928
5124.25,1,08:33:31.033526219
5124.0,3,08:33:31.798646179
5124.0,8,08:33:31.800222582
5124.0,2,08:33:31.800586989
5124.0,3,08:33:31.897496791
5124.25,2,08:33:32.031326540
5124.25,7,08:33:32.031461528
5124.25,1,08:33:32.031746814
5124.0,3,08:33:32.036873193
5124.25,7,08:33:32.036873193
5124.0,21,08:33:32.269978028
5123.75,5,08:33:32.364269722
5123.75,10,08:33:32.365331689
5123.75,1,08:33:32.365691021
5123.75,2,08:33:32.365745636
5123.75,1,08:33:32.365886983
5123.75,1,08:33:32.365944891
5124.0,1,08:33:32.530740837
5123.75,1,08:33:32.923745273
5123.75,2,08:33:32.923827994
5123.75,4,08:33:32.923917970
5123.75,2,08:33:32.923917970
5123.75,1,08:33:32.924051036
5123.75,1,08:33:32.924214655
5123.75,2,08:33:32.971122228
5124.0,2,08:33:33.102871689
5123.75,1,08:33:33.214759518
5124.0,1,08:33:33.843611553
5124.0,6,08:33:33.843667052
5124.0,3,08:33:33.843743524
5124.0,5,08:33:33.849357326
5124.0,2,08:33:33.849715944
5124.0,1,08:33:33.849899666
5124.0,1,08:33:33.849929670
5124.25,3,08:33:33.937070507
5124.25,6,08:33:33.937272046
5124.25,5,08:33:33.937389981
5124.0,6,08:33:34.069138972
5124.0,5,08:33:34.069217975
5123.75,16,08:33:34.071586003
5123.75,2,08:33:34.072136527
5123.75,1,08:33:34.150094858
5123.5,2,08:33:34.271271518
