bidVolume,bidPrice,askVolume,askPrice,timestamp
86,118.57,144,118.58,14:00:00.025267701
93,118.57,144,118.58,14:00:00.524139394
104,118.57,144,118.58,14:00:01.720176094
105,118.57,144,118.58,14:00:01.736650003
104,118.57,144,118.58,14:00:01.887291584
104,118.57,145,118.58,14:00:01.973751422
104,118.57,144,118.58,14:00:02.153231693
104,118.57,145,118.58,14:00:02.240741729
96,118.57,145,118.58,14:00:03.263223700
95,118.57,145,118.58,14:00:03.263248048
94,118.57,145,118.58,14:00:03.263248048
91,118.57,145,118.58,14:00:03.263248048
80,118.57,145,118.58,14:00:03.263342909
80,118.57,148,118.58,14:00:03.263538457
72,118.57,148,118.58,14:00:03.263579690
57,118.57,148,118.58,14:00:03.263724314
49,118.57,148,118.58,14:00:03.263798413
50,118.57,148,118.58,14:00:03.273862626
51,118.57,148,118.58,14:00:03.274039663
59,118.57,148,118.58,14:00:03.278087490
70,118.57,148,118.58,14:00:03.518054700
71,118.57,148,118.58,14:00:03.604377673
63,118.57,148,118.58,14:00:04.692688026
62,118.57,148,118.58,14:00:04.693433413
62,118.57,145,118.58,14:00:04.698113221
70,118.57,145,118.58,14:00:05.187941676
70,118.57,144,118.58,14:00:07.166157311
71,118.57,144,118.58,14:00:07.166241766
84,118.57,144,118.58,14:00:07.166257189
84,118.57,142,118.58,14:00:07.166368690
83,118.57,142,118.58,14:00:07.410125526
83,118.57,130,118.58,14:00:09.303140542
83,118.57,128,118.58,14:00:09.303221144
83,118.57,126,118.58,14:00:09.303221144
83,118.57,120,118.58,14:00:09.303686154
83,118.57,119,118.58,14:00:09.303686154
83,118.57,118,118.58,14:00:09.303916846
83,118.57,117,118.58,14:00:09.303930932
83,118.57,116,118.58,14:00:09.303930932
83,118.57,115,118.58,14:00:09.303945252
83,118.57,100,118.58,14:00:09.303945252
83,118.57,98,118.58,14:00:09.303945252
83,118.57,96,118.58,14:00:09.303959355
83,118.57,95,118.58,14:00:09.303959355
83,118.57,45,118.58,14:00:09.303976062
83,118.57,43,118.58,14:00:09.303976062
83,118.57,3,118.58,14:00:09.303976062
83,118.57,2,118.58,14:00:09.303976062
83,118.57,1,118.58,14:00:09.303976062
83,118.57,141,118.59,14:00:09.303989418
83,118.57,126,118.59,14:00:09.304006510
93,118.57,126,118.59,14:00:09.304006510
115,118.57,126,118.59,14:00:09.304025376
115,118.57,122,118.59,14:00:09.304025376
116,118.57,122,118.59,14:00:09.304025376
120,118.57,122,118.59,14:00:09.304040192
143,118.57,122,118.59,14:00:09.304040192
145,118.57,122,118.59,14:00:09.304146343
147,118.57,122,118.59,14:00:09.304146343
147,118.57,121,118.59,14:00:09.304210427
155,118.57,121,118.59,14:00:09.304338958
8,118.58,121,118.59,14:00:09.304355133
10,118.58,121,118.59,14:00:09.304370586
10,118.58,124,118.59,14:00:09.304462413
24,118.58,124,118.59,14:00:09.304462413
16,118.58,124,118.59,14:00:09.304462413
16,118.58,106,118.59,14:00:09.304811789
16,118.58,118,118.59,14:00:09.304908576
16,118.58,128,118.59,14:00:09.304923335
14,118.58,128,118.59,14:00:09.305734598
147,118.57,128,118.59,14:00:09.305750639
147,118.57,4,118.58,14:00:09.305918041
147,118.57,6,118.58,14:00:09.306017069
147,118.57,14,118.58,14:00:09.306261100
147,118.57,17,118.58,14:00:09.306375468
129,118.57,17,118.58,14:00:09.306375468
129,118.57,18,118.58,14:00:09.306629465
129,118.57,19,118.58,14:00:09.306719838
129,118.57,20,118.58,14:00:09.306932114
129,118.57,80,118.58,14:00:09.314858070
129,118.57,81,118.58,14:00:09.315264587
129,118.57,82,118.58,14:00:09.315264587
129,118.57,83,118.58,14:00:09.315264587
121,118.57,83,118.58,14:00:09.315438209
111,118.57,83,118.58,14:00:09.315509640
111,118.57,93,118.58,14:00:09.315530792
111,118.57,100,118.58,14:00:09.315546142
111,118.57,90,118.58,14:00:09.316647299
111,118.57,88,118.58,14:00:09.332249025
110,118.57,88,118.58,14:00:09.332417829
109,118.57,88,118.58,14:00:09.332570829
109,118.57,98,118.58,14:00:09.332914171
109,118.57,105,118.58,14:00:09.333049950
109,118.57,106,118.58,14:00:09.333200202
98,118.57,106,118.58,14:00:09.334113506
98,118.57,107,118.58,14:00:09.337937607
98,118.57,114,118.58,14:00:09.338076380
96,118.57,114,118.58,14:00:09.338261347
74,118.57,114,118.58,14:00:09.338328518
73,118.57,114,118.58,14:00:09.798643904
75,118.57,114,118.58,14:00:09.807843419
75,118.57,113,118.58,14:00:09.819276064
88,118.57,113,118.58,14:00:09.819634685
88,118.57,103,118.58,14:00:09.960365950
99,118.57,103,118.58,14:00:10.030702048
99,118.57,96,118.58,14:00:10.284095686
99,118.57,95,118.58,14:00:10.310738651
99,118.57,94,118.58,14:00:10.517526684
97,118.57,94,118.58,14:00:11.269208216
97,118.57,96,118.58,14:00:11.269356325
97,118.57,98,118.58,14:00:11.269547745
97,118.57,97,118.58,14:00:12.034836312
97,118.57,95,118.58,14:00:12.101687184
97,118.57,88,118.58,14:00:12.101760067
97,118.57,86,118.58,14:00:12.145956826
97,118.57,87,118.58,14:00:12.170335511
97,118.57,92,118.58,14:00:12.170509984
97,118.57,93,118.58,14:00:12.170657133
97,118.57,92,118.58,14:00:14.309990893
93,118.57,92,118.58,14:00:14.310452044
93,118.57,87,118.58,14:00:14.310517785
93,118.57,80,118.58,14:00:14.310972460
93,118.57,79,118.58,14:00:14.317899910
93,118.57,80,118.58,14:00:14.326631875
93,118.57,87,118.58,14:00:14.326807487
93,118.57,88,118.58,14:00:14.326981135
93,118.57,89,118.58,14:00:14.327051666
92,118.57,89,118.58,14:00:14.747498001
94,118.57,89,118.58,14:00:15.085249505
96,118.57,89,118.58,14:00:15.206856855
96,118.57,88,118.58,14:00:15.207007398
97,118.57,88,118.58,14:00:15.207558051
101,118.57,88,118.58,14:00:15.333194638
101,118.57,87,118.58,14:00:15.333379822
103,118.57,87,118.58,14:00:15.333453543
104,118.57,87,118.58,14:00:15.343508441
105,118.57,87,118.58,14:00:15.343582645
108,118.57,87,118.58,14:00:15.343759618
108,118.57,86,118.58,14:00:15.343774578
108,118.57,79,118.58,14:00:15.343988265
109,118.57,79,118.58,14:00:15.408654299
110,118.57,79,118.58,14:00:15.418913796
110,118.57,80,118.58,14:00:17.675886199
110,118.57,81,118.58,14:00:17.676176301
110,118.57,88,118.58,14:00:17.676176301
110,118.57,89,118.58,14:00:17.676307875
109,118.57,89,118.58,14:00:18.067007577
108,118.57,89,118.58,14:00:18.067084186
108,118.57,82,118.58,14:00:19.029267997
108,118.57,81,118.58,14:00:19.029443827
108,118.57,80,118.58,14:00:19.029650755
107,118.57,80,118.58,14:00:19.950392261
107,118.57,81,118.58,14:00:19.950549229
107,118.57,82,118.58,14:00:19.950734195
107,118.57,89,118.58,14:00:19.950799431
107,118.57,88,118.58,14:00:19.969739102
107,118.57,86,118.58,14:00:21.246157196
107,118.57,84,118.58,14:00:21.246157196
109,118.57,84,118.58,14:00:21.246157196
109,118.57,83,118.58,14:00:21.246233983
109,118.57,82,118.58,14:00:21.246328963
109,118.57,81,118.58,14:00:21.246409484
109,118.57,80,118.58,14:00:21.246423410
109,118.57,82,118.58,14:00:21.246496233
109,118.57,75,118.58,14:00:21.246496233
109,118.57,71,118.58,14:00:21.246989609
109,118.57,70,118.58,14:00:21.247132210
109,118.57,68,118.58,14:00:21.247132210
109,118.57,69,118.58,14:00:21.247132210
109,118.57,76,118.58,14:00:21.247132210
111,118.57,76,118.58,14:00:21.247145707
112,118.57,76,118.58,14:00:21.247257445
112,118.57,75,118.58,14:00:21.247257445
112,118.57,74,118.58,14:00:21.247341233
110,118.57,74,118.58,14:00:21.247341233
112,118.57,74,118.58,14:00:21.247486104
112,118.57,75,118.58,14:00:21.247486104
112,118.57,77,118.58,14:00:21.247573605
113,118.57,77,118.58,14:00:21.269476788
113,118.57,83,118.58,14:00:21.282639853
113,118.57,84,118.58,14:00:21.282798601
111,118.57,84,118.58,14:00:21.977238512
110,118.57,84,118.58,14:00:22.064299196
110,118.57,83,118.58,14:00:22.064431791
113,118.57,83,118.58,14:00:22.167703147
113,118.57,84,118.58,14:00:22.411311520
113,118.57,85,118.58,14:00:22.411406739
113,118.57,88,118.58,14:00:22.411519469
113,118.57,85,118.58,14:00:24.888134176
115,118.57,85,118.58,14:00:25.435846538
115,118.57,84,118.58,14:00:27.483290277
115,118.57,83,118.58,14:00:27.484760785
115,118.57,81,118.58,14:00:27.485572583
115,118.57,75,118.58,14:00:27.485641370
115,118.57,73,118.58,14:00:27.485714025
115,118.57,72,118.58,14:00:27.485714025
117,118.57,72,118.58,14:00:27.485961056
127,118.57,72,118.58,14:00:27.486095113
127,118.57,71,118.58,14:00:27.486167584
127,118.57,70,118.58,14:00:27.486167584
127,118.57,63,118.58,14:00:27.490935622
127,118.57,71,118.58,14:00:27.493086324
117,118.57,71,118.58,14:00:27.493188164
127,118.57,71,118.58,14:00:27.498056406
134,118.57,71,118.58,14:00:27.498317510
134,118.57,70,118.58,14:00:27.503472062
134,118.57,67,118.58,14:00:27.503472062
134,118.57,59,118.58,14:00:27.504168797
124,118.57,59,118.58,14:00:27.504168797
124,118.57,54,118.58,14:00:27.504456307
124,118.57,50,118.58,14:00:27.504557361
144,118.57,50,118.58,14:00:27.504767470
144,118.57,44,118.58,14:00:27.504786878
154,118.57,44,118.58,14:00:27.504786878
154,118.57,42,118.58,14:00:27.505538176
144,118.57,42,118.58,14:00:27.505538176
154,118.57,42,118.58,14:00:27.505736221
154,118.57,38,118.58,14:00:27.505866137
154,118.57,18,118.58,14:00:27.506177676
154,118.57,14,118.58,14:00:27.506386889
154,118.57,10,118.58,14:00:27.506411871
154,118.57,2,118.58,14:00:27.506411871
154,118.57,1,118.58,14:00:27.506411871
154,118.57,139,118.59,14:00:27.506411871
9,118.58,139,118.59,14:00:27.506434070
17,118.58,139,118.59,14:00:27.506935426
18,118.58,139,118.59,14:00:27.506935426
20,118.58,139,118.59,14:00:27.507137416
11,118.58,139,118.59,14:00:27.507137416
13,118.58,139,118.59,14:00:27.507137416
15,118.58,139,118.59,14:00:27.507157582
16,118.58,139,118.59,14:00:27.507157582
18,118.58,139,118.59,14:00:27.507363042
18,118.58,121,118.59,14:00:27.507363042
19,118.58,121,118.59,14:00:27.507363042
18,118.58,121,118.59,14:00:27.507604251
17,118.58,121,118.59,14:00:27.507686040
16,118.58,121,118.59,14:00:27.507824750
14,118.58,121,118.59,14:00:27.507824750
24,118.58,121,118.59,14:00:27.507824750
27,118.58,121,118.59,14:00:27.507923147
28,118.58,121,118.59,14:00:27.508245514
30,118.58,121,118.59,14:00:27.508361598
30,118.58,119,118.59,14:00:27.508361598
31,118.58,119,118.59,14:00:27.508361598
32,118.58,119,118.59,14:00:27.509373709
34,118.58,119,118.59,14:00:27.509722631
35,118.58,119,118.59,14:00:27.511817365
43,118.58,119,118.59,14:00:27.511901310
42,118.58,119,118.59,14:00:27.516749201
41,118.58,119,118.59,14:00:27.516777684
39,118.58,119,118.59,14:00:27.517318490
41,118.58,119,118.59,14:00:27.517519754
39,118.58,119,118.59,14:00:27.517623693
40,118.58,119,118.59,14:00:27.517791315
41,118.58,119,118.59,14:00:27.517941641
42,118.58,119,118.59,14:00:27.517941641
41,118.58,119,118.59,14:00:27.518121405
42,118.58,119,118.59,14:00:27.518412761
43,118.58,119,118.59,14:00:27.518600319
42,118.58,119,118.59,14:00:27.519074921
41,118.58,119,118.59,14:00:27.519261564
42,118.58,119,118.59,14:00:27.519747899
41,118.58,119,118.59,14:00:27.520473592
42,118.58,119,118.59,14:00:27.520473592
43,118.58,119,118.59,14:00:27.520473592
42,118.58,119,118.59,14:00:27.520687966
41,118.58,119,118.59,14:00:27.520734286
42,118.58,119,118.59,14:00:27.520877985
43,118.58,119,118.59,14:00:27.521207863
46,118.58,119,118.59,14:00:27.527744121
47,118.58,119,118.59,14:00:27.527922414
48,118.58,119,118.59,14:00:27.528380369
50,118.58,119,118.59,14:00:27.528418670
51,118.58,119,118.59,14:00:27.528418670
52,118.58,119,118.59,14:00:27.528515751
51,118.58,119,118.59,14:00:27.528701243
51,118.58,113,118.59,14:00:27.529231182
54,118.58,113,118.59,14:00:27.529478785
54,118.58,111,118.59,14:00:27.531235667
54,118.58,109,118.59,14:00:27.547472080
54,118.58,108,118.59,14:00:27.547565436
55,118.58,108,118.59,14:00:27.547772255
55,118.58,110,118.59,14:00:27.547772255
55,118.58,107,118.59,14:00:27.547772255
57,118.58,107,118.59,14:00:27.547772255
56,118.58,107,118.59,14:00:27.547918303
56,118.58,109,118.59,14:00:27.548053382
56,118.58,111,118.59,14:00:27.565870072
67,118.58,111,118.59,14:00:27.596149244
68,118.58,111,118.59,14:00:27.602562712
67,118.58,111,118.59,14:00:27.658802722
66,118.58,111,118.59,14:00:27.658869253
68,118.58,111,118.59,14:00:27.685448551
69,118.58,111,118.59,14:00:27.705665140
71,118.58,111,118.59,14:00:27.923413894
70,118.58,111,118.59,14:00:27.997751675
68,118.58,111,118.59,14:00:27.998792333
66,118.58,111,118.59,14:00:28.000990896
64,118.58,111,118.59,14:00:28.000990896
64,118.58,113,118.59,14:00:28.001112995
64,118.58,120,118.59,14:00:28.001304022
62,118.58,120,118.59,14:00:28.001902011
62,118.58,141,118.59,14:00:28.003194785
61,118.58,141,118.59,14:00:28.003398337
61,118.58,143,118.59,14:00:28.004149092
60,118.58,143,118.59,14:00:28.004326877
64,118.58,143,118.59,14:00:28.004766992
56,118.58,143,118.59,14:00:28.032942647
46,118.58,143,118.59,14:00:28.033135308
43,118.58,143,118.59,14:00:28.033149974
41,118.58,143,118.59,14:00:28.033149974
33,118.58,143,118.59,14:00:28.033149974
31,118.58,143,118.59,14:00:28.033164403
30,118.58,143,118.59,14:00:28.033164403
29,118.58,143,118.59,14:00:28.033178749
28,118.58,143,118.59,14:00:28.033178749
25,118.58,143,118.59,14:00:28.033193667
24,118.58,143,118.59,14:00:28.033193667
21,118.58,143,118.59,14:00:28.033208135
10,118.58,143,118.59,14:00:28.033221606
9,118.58,143,118.59,14:00:28.033407283
7,118.58,143,118.59,14:00:28.033421027
6,118.58,143,118.59,14:00:28.033442742
4,118.58,143,118.59,14:00:28.033466857
148,118.57,143,118.59,14:00:28.033482364
147,118.57,143,118.59,14:00:28.033496166
146,118.57,143,118.59,14:00:28.033514150
144,118.57,143,118.59,14:00:28.033527699
143,118.57,143,118.59,14:00:28.033552444
142,118.57,143,118.59,14:00:28.033575734
141,118.57,143,118.59,14:00:28.033598159
140,118.57,143,118.59,14:00:28.033613366
138,118.57,143,118.59,14:00:28.033627887
137,118.57,143,118.59,14:00:28.033644934
133,118.57,143,118.59,14:00:28.033661554
129,118.57,143,118.59,14:00:28.033676598
128,118.57,143,118.59,14:00:28.034012473
127,118.57,143,118.59,14:00:28.034031215
126,118.57,143,118.59,14:00:28.034045263
125,118.57,143,118.59,14:00:28.034059074
124,118.57,143,118.59,14:00:28.034072645
119,118.57,143,118.59,14:00:28.034085999
118,118.57,143,118.59,14:00:28.034101698
112,118.57,143,118.59,14:00:28.034129525
112,118.57,4,118.58,14:00:28.034148764
111,118.57,4,118.58,14:00:28.034181276
111,118.57,6,118.58,14:00:28.034181276
112,118.57,6,118.58,14:00:28.034181276
112,118.57,9,118.58,14:00:28.034197531
112,118.57,10,118.58,14:00:28.034197531
112,118.57,30,118.58,14:00:28.034217081
112,118.57,31,118.58,14:00:28.034232581
112,118.57,32,118.58,14:00:28.034263531
99,118.57,32,118.58,14:00:28.034309647
99,118.57,55,118.58,14:00:28.034309647
99,118.57,75,118.58,14:00:28.034324953
99,118.57,83,118.58,14:00:28.034341420
99,118.57,92,118.58,14:00:28.034379602
100,118.57,92,118.58,14:00:28.034394821
94,118.57,92,118.58,14:00:28.034394821
96,118.57,92,118.58,14:00:28.034411814
96,118.57,99,118.58,14:00:28.034411814
97,118.57,99,118.58,14:00:28.034425640
103,118.57,99,118.58,14:00:28.034425640
103,118.57,102,118.58,14:00:28.034554914
103,118.57,109,118.58,14:00:28.034575128
103,118.57,111,118.58,14:00:28.034593730
85,118.57,111,118.58,14:00:28.034593730
95,118.57,111,118.58,14:00:28.034593730
95,118.57,103,118.58,14:00:28.034824239
105,118.57,103,118.58,14:00:28.035129803
95,118.57,103,118.58,14:00:28.035304069
96,118.57,103,118.58,14:00:28.044902205
97,118.57,103,118.58,14:00:28.045165581
104,118.57,103,118.58,14:00:28.045165581
104,118.57,83,118.58,14:00:28.045319412
104,118.57,76,118.58,14:00:28.045389501
103,118.57,76,118.58,14:00:28.055744472
102,118.57,76,118.58,14:00:28.055950738
102,118.57,75,118.58,14:00:28.056636052
102,118.57,76,118.58,14:00:28.056810087
109,118.57,76,118.58,14:00:28.056870628
109,118.57,83,118.58,14:00:28.056982593
110,118.57,83,118.58,14:00:28.064515070
111,118.57,83,118.58,14:00:28.064515070
112,118.57,83,118.58,14:00:28.078058816
124,118.57,83,118.58,14:00:28.173672687
124,118.57,82,118.58,14:00:28.176252390
124,118.57,79,118.58,14:00:28.176468183
124,118.57,81,118.58,14:00:28.287011117
124,118.57,88,118.58,14:00:28.287186954
134,118.57,88,118.58,14:00:28.361097859
134,118.57,86,118.58,14:00:28.363404907
137,118.57,86,118.58,14:00:28.363895850
137,118.57,94,118.58,14:00:28.824025161
137,118.57,98,118.58,14:00:28.824218605
137,118.57,99,118.58,14:00:28.824926985
137,118.57,101,118.58,14:00:28.824991138
127,118.57,101,118.58,14:00:28.825506140
125,118.57,101,118.58,14:00:28.828381328
118,118.57,101,118.58,14:00:28.829532524
98,118.57,101,118.58,14:00:28.829691983
98,118.57,102,118.58,14:00:28.829845301
98,118.57,101,118.58,14:00:28.841652284
98,118.57,102,118.58,14:00:28.841839061
98,118.57,101,118.58,14:00:28.930052935
98,118.57,97,118.58,14:00:29.120583167
108,118.57,97,118.58,14:00:30.487507785
112,118.57,97,118.58,14:00:30.562964045
112,118.57,95,118.58,14:00:30.563114432
105,118.57,95,118.58,14:00:31.025924964
105,118.57,88,118.58,14:00:31.025984976
105,118.57,90,118.58,14:00:31.026097796
105,118.57,93,118.58,14:00:31.026256234
105,118.57,94,118.58,14:00:31.070459505
95,118.57,94,118.58,14:00:32.022441123
96,118.57,94,118.58,14:00:32.104503605
104,118.57,94,118.58,14:00:32.597257295
104,118.57,93,118.58,14:00:32.597480690
104,118.57,90,118.58,14:00:32.599185735
114,118.57,90,118.58,14:00:32.599338781
114,118.57,88,118.58,14:00:32.599500378
114,118.57,81,118.58,14:00:32.600332912
138,118.57,81,118.58,14:00:32.818204172
138,118.57,58,118.58,14:00:32.835012121
138,118.57,50,118.58,14:00:32.835082767
138,118.57,30,118.58,14:00:32.835255583
138,118.57,29,118.58,14:00:32.835344425
138,118.57,20,118.58,14:00:32.835344425
140,118.57,20,118.58,14:00:32.835424472
140,118.57,21,118.58,14:00:32.963203120
140,118.57,28,118.58,14:00:32.963553175
140,118.57,27,118.58,14:00:32.969759045
140,118.57,35,118.58,14:00:32.994440171
138,118.57,35,118.58,14:00:36.124156059
138,118.57,28,118.58,14:00:37.077105165
138,118.57,26,118.58,14:00:38.379861087
138,118.57,25,118.58,14:00:38.379928914
138,118.57,24,118.58,14:00:38.379928914
138,118.57,25,118.58,14:00:38.381581543
138,118.57,26,118.58,14:00:38.381750606
138,118.57,27,118.58,14:00:38.381815565
138,118.57,31,118.58,14:00:38.381882433
138,118.57,30,118.58,14:00:38.389851214
138,118.57,29,118.58,14:00:38.390028071
138,118.57,25,118.58,14:00:38.395019225
139,118.57,25,118.58,14:00:38.989734680
131,118.57,25,118.58,14:00:39.231923132
131,118.57,27,118.58,14:00:39.399723865
131,118.57,34,118.58,14:00:39.399916978
131,118.57,32,118.58,14:00:39.400989856
131,118.57,34,118.58,14:00:39.405396727
131,118.57,32,118.58,14:00:39.409092072
131,118.57,33,118.58,14:00:39.410885978
131,118.57,35,118.58,14:00:39.413216977
131,118.57,33,118.58,14:00:39.413524132
131,118.57,32,118.58,14:00:39.896409498
131,118.57,25,118.58,14:00:39.896876768
131,118.57,24,118.58,14:00:39.900269207
131,118.57,25,118.58,14:00:39.901610943
131,118.57,29,118.58,14:00:39.901784862
132,118.57,29,118.58,14:00:40.123149498
132,118.57,28,118.58,14:00:40.179948064
132,118.57,27,118.58,14:00:40.180371743
132,118.57,26,118.58,14:00:40.180371743
132,118.57,22,118.58,14:00:40.180371743
132,118.57,21,118.58,14:00:40.180472048
132,118.57,13,118.58,14:00:40.180545603
132,118.57,11,118.58,14:00:40.180682720
132,118.57,9,118.58,14:00:40.180682720
132,118.57,8,118.58,14:00:40.180682720
132,118.57,7,118.58,14:00:40.180682720
132,118.57,8,118.58,14:00:40.180756880
147,118.57,8,118.58,14:00:40.180942863
147,118.57,1,118.58,14:00:40.180942863
153,118.57,1,118.58,14:00:40.181042364
160,118.57,1,118.58,14:00:40.181058195
160,118.57,8,118.58,14:00:40.181058195
150,118.57,8,118.58,14:00:40.181386334
150,118.57,10,118.58,14:00:40.181386334
150,118.57,12,118.58,14:00:40.181711343
150,118.57,13,118.58,14:00:40.181711343
149,118.57,13,118.58,14:00:40.191581908
149,118.57,12,118.58,14:00:40.191596710
148,118.57,12,118.58,14:00:40.191670237
148,118.57,11,118.58,14:00:40.191684755
149,118.57,11,118.58,14:00:40.191822182
149,118.57,10,118.58,14:00:40.191822182
143,118.57,10,118.58,14:00:40.191889661
144,118.57,10,118.58,14:00:40.191993831
144,118.57,11,118.58,14:00:40.192075097
144,118.57,12,118.58,14:00:40.203101896
144,118.57,17,118.58,14:00:40.203271873
145,118.57,17,118.58,14:00:40.213385897
146,118.57,17,118.58,14:00:40.223811783
146,118.57,25,118.58,14:00:40.252901785
156,118.57,25,118.58,14:00:40.361085390
156,118.57,90,118.58,14:00:41.260323538
156,118.57,100,118.58,14:00:41.260815086
146,118.57,100,118.58,14:00:41.260815086
146,118.57,95,118.58,14:00:41.260815086
146,118.57,98,118.58,14:00:41.260956485
146,118.57,95,118.58,14:00:41.306247355
146,118.57,93,118.58,14:00:41.306419653
146,118.57,83,118.58,14:00:41.306492165
147,118.57,83,118.58,14:00:41.742829200
132,118.57,83,118.58,14:00:42.563364033
125,118.57,83,118.58,14:00:42.563444971
125,118.57,85,118.58,14:00:42.563550369
125,118.57,87,118.58,14:00:42.563711569
124,118.57,87,118.58,14:00:42.564940960
124,118.57,88,118.58,14:00:42.565113513
124,118.57,89,118.58,14:00:42.565377519
124,118.57,88,118.58,14:00:42.572510601
124,118.57,89,118.58,14:00:43.050673689
124,118.57,90,118.58,14:00:43.050853778
124,118.57,95,118.58,14:00:43.050920754
124,118.57,94,118.58,14:00:43.174426018
124,118.57,89,118.58,14:00:43.175449361
124,118.57,99,118.58,14:00:43.769581768
124,118.57,100,118.58,14:00:43.769844599
124,118.57,105,118.58,14:00:43.769918113
118,118.57,105,118.58,14:00:43.845260463
119,118.57,105,118.58,14:00:45.084885137
119,118.57,104,118.58,14:00:45.085047774
119,118.57,94,118.58,14:00:45.246438405
119,118.57,89,118.58,14:00:45.342784623
119,118.57,90,118.58,14:00:45.366987324
119,118.57,97,118.58,14:00:45.367228255
120,118.57,97,118.58,14:00:45.619896422
120,118.57,96,118.58,14:00:45.623891926
120,118.57,89,118.58,14:00:45.720910861
121,118.57,89,118.58,14:00:46.812453728
121,118.57,90,118.58,14:00:48.479051120
121,118.57,97,118.58,14:00:48.479245556
121,118.57,107,118.58,14:00:48.781132859
121,118.57,110,118.58,14:00:48.781304087
121,118.57,100,118.58,14:00:49.315761182
121,118.57,97,118.58,14:00:49.397502488
121,118.57,90,118.58,14:00:49.397770307
131,118.57,90,118.58,14:00:49.487408740
131,118.57,89,118.58,14:00:49.487564884
141,118.57,89,118.58,14:00:49.495564308
142,118.57,89,118.58,14:00:49.614494642
142,118.57,88,118.58,14:00:50.155493934
132,118.57,88,118.58,14:00:50.514251066
132,118.57,89,118.58,14:00:50.514627242
132,118.57,99,118.58,14:00:50.514627242
132,118.57,106,118.58,14:00:50.514717039
122,118.57,106,118.58,14:00:50.518304119
122,118.57,99,118.58,14:00:50.518469012
122,118.57,89,118.58,14:00:50.704348082
123,118.57,89,118.58,14:00:50.870883196
123,118.57,93,118.58,14:00:51.392941181
123,118.57,99,118.58,14:00:51.393185194
122,118.57,99,118.58,14:00:51.801948690
122,118.57,93,118.58,14:00:52.085882155
132,118.57,93,118.58,14:00:54.398769190
142,118.57,93,118.58,14:00:54.405772817
142,118.57,94,118.58,14:00:54.935886057
142,118.57,101,118.58,14:00:54.936051369
140,118.57,101,118.58,14:00:54.954467462
141,118.57,101,118.58,14:00:57.499854381
141,118.57,94,118.58,14:00:57.610154153
131,118.57,94,118.58,14:00:58.076812599
121,118.57,94,118.58,14:00:58.080845075
121,118.57,104,118.58,14:00:58.081012087
121,118.57,111,118.58,14:00:58.081195485
121,118.57,101,118.58,14:00:59.828768611
121,118.57,111,118.58,14:01:00.024229866
121,118.57,116,118.58,14:01:00.024477568
120,118.57,116,118.58,14:01:00.024683651
118,118.57,116,118.58,14:01:00.024768812
111,118.57,116,118.58,14:01:00.029989157
109,118.57,116,118.58,14:01:00.030129150
110,118.57,116,118.58,14:01:00.031967859
112,118.57,116,118.58,14:01:00.032087968
113,118.57,116,118.58,14:01:00.046397976
112,118.57,116,118.58,14:01:00.068045664
110,118.57,116,118.58,14:01:00.068115885
113,118.57,116,118.58,14:01:00.068337916
110,118.57,116,118.58,14:01:00.073333007
111,118.57,116,118.58,14:01:00.075300423
113,118.57,116,118.58,14:01:00.075503447
113,118.57,111,118.58,14:01:00.095934336
109,118.57,111,118.58,14:01:00.480374687
108,118.57,111,118.58,14:01:00.480761627
105,118.57,111,118.58,14:01:00.480873365
103,118.57,111,118.58,14:01:00.481010577
102,118.57,111,118.58,14:01:00.481084174
99,118.57,111,118.58,14:01:00.490748841
98,118.57,111,118.58,14:01:00.490819094
100,118.57,111,118.58,14:01:00.506033649
101,118.57,111,118.58,14:01:00.506185722
100,118.57,111,118.58,14:01:00.576732765
104,118.57,111,118.58,14:01:01.215406030
106,118.57,111,118.58,14:01:01.215966653
107,118.57,111,118.58,14:01:01.225700536
110,118.57,111,118.58,14:01:01.225767678
111,118.57,111,118.58,14:01:01.230392544
116,118.57,111,118.58,14:01:02.015844720
126,118.57,111,118.58,14:01:02.665328699
136,118.57,111,118.58,14:01:02.672559609
136,118.57,110,118.58,14:01:02.672710082
136,118.57,103,118.58,14:01:03.404657514
132,118.57,103,118.58,14:01:04.562458711
132,118.57,104,118.58,14:01:04.562603355
132,118.57,111,118.58,14:01:04.562775329
130,118.57,111,118.58,14:01:04.562936352
127,118.57,111,118.58,14:01:04.572771669
126,118.57,111,118.58,14:01:04.572844312
128,118.57,111,118.58,14:01:04.572917369
130,118.57,111,118.58,14:01:04.573072674
129,118.57,111,118.58,14:01:04.637356753
132,118.57,111,118.58,14:01:04.726508721
132,118.57,104,118.58,14:01:05.016745542
132,118.57,103,118.58,14:01:05.016915710
130,118.57,103,118.58,14:01:05.016979630
130,118.57,104,118.58,14:01:07.118097979
130,118.57,111,118.58,14:01:07.118516900
132,118.57,111,118.58,14:01:08.188106333
132,118.57,104,118.58,14:01:08.517934434
132,118.57,94,118.58,14:01:08.518738361
132,118.57,104,118.58,14:01:09.630439057
132,118.57,111,118.58,14:01:09.630550114
132,118.57,104,118.58,14:01:10.208572134
129,118.57,104,118.58,14:01:11.073182300
131,118.57,104,118.58,14:01:13.436229291
131,118.57,94,118.58,14:01:13.436288756
131,118.57,93,118.58,14:01:13.439900376
131,118.57,89,118.58,14:01:13.439966338
131,118.57,90,118.58,14:01:13.440870833
131,118.57,97,118.58,14:01:13.441060564
131,118.57,101,118.58,14:01:13.442210771
131,118.57,97,118.58,14:01:13.701641008
131,118.57,90,118.58,14:01:13.800548356
131,118.57,100,118.58,14:01:14.104226125
131,118.57,107,118.58,14:01:14.104435152
131,118.57,111,118.58,14:01:17.006422067
131,118.57,115,118.58,14:01:17.006771103
137,118.57,115,118.58,14:01:18.876431657
137,118.57,111,118.58,14:01:19.393198104
137,118.57,104,118.58,14:01:19.393198104
137,118.57,94,118.58,14:01:19.393335906
138,118.57,94,118.58,14:01:23.573648789
138,118.57,90,118.58,14:01:24.498608460
138,118.57,89,118.58,14:01:24.694124667
140,118.57,89,118.58,14:01:24.694458149
139,118.57,89,118.58,14:01:24.694567429
140,118.57,89,118.58,14:01:24.763020017
141,118.57,89,118.58,14:01:24.763179987
141,118.57,88,118.58,14:01:24.763446000
141,118.57,86,118.58,14:01:24.763581840
141,118.57,84,118.58,14:01:25.124950713
142,118.57,84,118.58,14:01:25.173576482
145,118.57,84,118.58,14:01:25.173732748
145,118.57,88,118.58,14:01:26.324816907
145,118.57,90,118.58,14:01:26.324984721
145,118.57,97,118.58,14:01:26.325048933
142,118.57,97,118.58,14:01:26.325805425
142,118.57,98,118.58,14:01:26.325960561
141,118.57,98,118.58,14:01:26.934535379
141,118.57,91,118.58,14:01:26.934697948
139,118.57,91,118.58,14:01:26.977463644
139,118.57,88,118.58,14:01:27.797850098
142,118.57,88,118.58,14:01:27.798203311
143,118.57,88,118.58,14:01:28.497707735
145,118.57,88,118.58,14:01:28.497949030
148,118.57,88,118.58,14:01:28.541338826
148,118.57,84,118.58,14:01:28.541494883
148,118.57,83,118.58,14:01:28.541661619
148,118.57,81,118.58,14:01:28.555873720
148,118.57,82,118.58,14:01:28.886386777
148,118.57,84,118.58,14:01:28.886559826
148,118.57,87,118.58,14:01:28.886623356
152,118.57,87,118.58,14:01:29.563649535
155,118.57,87,118.58,14:01:29.563953555
155,118.57,85,118.58,14:01:29.564196703
155,118.57,86,118.58,14:01:30.031316287
155,118.57,88,118.58,14:01:30.032203778
152,118.57,88,118.58,14:01:30.035874981
152,118.57,86,118.58,14:01:30.041164862
152,118.57,87,118.58,14:01:30.101844518
152,118.57,88,118.58,14:01:30.102004435
152,118.57,92,118.58,14:01:30.102075359
150,118.57,92,118.58,14:01:31.713847089
147,118.57,92,118.58,14:01:31.713897137
147,118.57,102,118.58,14:01:31.899871294
147,118.57,109,118.58,14:01:31.900139310
147,118.57,102,118.58,14:01:32.316969912
147,118.57,92,118.58,14:01:32.317122331
147,118.57,88,118.58,14:01:32.732708404
155,118.57,88,118.58,14:01:33.352156409
155,118.57,92,118.58,14:01:34.601381358
155,118.57,99,118.58,14:01:34.601622727
152,118.57,99,118.58,14:01:35.039519526
151,118.57,99,118.58,14:01:35.039739872
151,118.57,97,118.58,14:01:35.044792655
151,118.57,96,118.58,14:01:35.044856853
157,118.57,96,118.58,14:01:35.045042434
158,118.57,96,118.58,14:01:35.045136238
158,118.57,95,118.58,14:01:35.045136238
158,118.57,94,118.58,14:01:35.045222479
160,118.57,94,118.58,14:01:35.045222479
160,118.57,93,118.58,14:01:35.045238545
160,118.57,95,118.58,14:01:35.082995673
160,118.57,96,118.58,14:01:35.083278697
160,118.57,100,118.58,14:01:35.083278697
160,118.57,99,118.58,14:01:35.234773697
163,118.57,99,118.58,14:01:35.235086737
163,118.57,95,118.58,14:01:35.235151767
161,118.57,95,118.58,14:01:35.393134202
160,118.57,95,118.58,14:01:35.393148717
137,118.57,95,118.58,14:01:35.393273987
136,118.57,95,118.58,14:01:35.393293955
135,118.57,95,118.58,14:01:35.393293955
134,118.57,95,118.58,14:01:35.393293955
133,118.57,95,118.58,14:01:35.393293955
132,118.57,95,118.58,14:01:35.393318259
131,118.57,95,118.58,14:01:35.393318259
130,118.57,95,118.58,14:01:35.393318259
118,118.57,95,118.58,14:01:35.393318259
117,118.57,95,118.58,14:01:35.393318259
113,118.57,95,118.58,14:01:35.393318259
112,118.57,95,118.58,14:01:35.393318259
108,118.57,95,118.58,14:01:35.393318259
107,118.57,95,118.58,14:01:35.393541540
105,118.57,95,118.58,14:01:35.393558646
105,118.57,118,118.58,14:01:35.393558646
99,118.57,118,118.58,14:01:35.393601894
98,118.57,118,118.58,14:01:35.393601894
98,118.57,120,118.58,14:01:35.393601894
97,118.57,120,118.58,14:01:35.393601894
97,118.57,141,118.58,14:01:35.393725114
97,118.57,149,118.58,14:01:35.393742285
95,118.57,149,118.58,14:01:35.393742285
95,118.57,156,118.58,14:01:35.393742285
95,118.57,166,118.58,14:01:35.393742285
95,118.57,168,118.58,14:01:35.393809135
95,118.57,158,118.58,14:01:35.393881661
95,118.57,159,118.58,14:01:35.404035915
95,118.57,160,118.58,14:01:35.404113109
95,118.57,167,118.58,14:01:35.404210600
96,118.57,167,118.58,14:01:35.404395035
97,118.57,167,118.58,14:01:35.404469547
104,118.57,167,118.58,14:01:35.404536564
104,118.57,160,118.58,14:01:35.569990150
104,118.57,152,118.58,14:01:35.570138844
104,118.57,151,118.58,14:01:35.612085872
104,118.57,150,118.58,14:01:35.612177341
104,118.57,149,118.58,14:01:35.612177341
112,118.57,149,118.58,14:01:35.612447664
115,118.57,149,118.58,14:01:35.612549184
118,118.57,149,118.58,14:01:35.612567501
122,118.57,149,118.58,14:01:35.612567501
123,118.57,149,118.58,14:01:35.612567501
124,118.57,149,118.58,14:01:35.612567501
137,118.57,149,118.58,14:01:35.612567501
143,118.57,149,118.58,14:01:35.612567501
143,118.57,128,118.58,14:01:35.612633594
149,118.57,128,118.58,14:01:35.644939126
150,118.57,128,118.58,14:01:35.706932974
149,118.57,128,118.58,14:01:35.830066875
149,118.57,135,118.58,14:01:35.830288628
143,118.57,135,118.58,14:01:35.830362935
143,118.57,133,118.58,14:01:36.083299736
143,118.57,126,118.58,14:01:36.109355869
145,118.57,126,118.58,14:01:45.092716623
138,118.57,126,118.58,14:01:45.229319521
138,118.57,119,118.58,14:01:45.229384872
138,118.57,120,118.58,14:01:45.229634986
138,118.57,123,118.58,14:01:45.229838417
138,118.57,120,118.58,14:01:45.792155113
138,118.57,97,118.58,14:01:45.792387631
140,118.57,97,118.58,14:01:45.792627797
140,118.57,96,118.58,14:01:46.731489802
150,118.57,96,118.58,14:01:46.912922498
150,118.57,97,118.58,14:01:47.035712169
150,118.57,103,118.58,14:01:47.035942214
150,118.57,102,118.58,14:01:47.044092825
150,118.57,96,118.58,14:01:47.356234735
140,118.57,96,118.58,14:01:47.369507156
140,118.57,97,118.58,14:01:47.369629268
140,118.57,99,118.58,14:01:47.369868071
141,118.57,99,118.58,14:01:49.236752393
141,118.57,97,118.58,14:01:49.376082700
144,118.57,97,118.58,14:01:49.678152573
144,118.57,96,118.58,14:01:50.557007651
144,118.57,97,118.58,14:01:50.557298447
144,118.57,99,118.58,14:01:50.557478579
144,118.57,97,118.58,14:01:50.558033580
144,118.57,90,118.58,14:01:50.558100805
144,118.57,89,118.58,14:01:50.559101035
144,118.57,90,118.58,14:01:50.561889279
144,118.57,91,118.58,14:01:50.562054463
144,118.57,90,118.58,14:01:50.571935152
144,118.57,91,118.58,14:01:51.040160640
144,118.57,98,118.58,14:01:51.040425600
136,118.57,98,118.58,14:01:56.052913720
136,118.57,91,118.58,14:01:56.359897642
133,118.57,91,118.58,14:01:58.496610124
143,118.57,91,118.58,14:02:00.421079538
143,118.57,90,118.58,14:02:00.421268104
143,118.57,89,118.58,14:02:00.421359707
143,118.57,87,118.58,14:02:00.421359707
153,118.57,87,118.58,14:02:00.421538344
163,118.57,87,118.58,14:02:00.425329634
153,118.57,87,118.58,14:02:01.562391102
153,118.57,88,118.58,14:02:01.562589668
143,118.57,88,118.58,14:02:01.562660228
143,118.57,95,118.58,14:02:01.562785933
133,118.57,95,118.58,14:02:01.564657308
137,118.57,95,118.58,14:02:01.627463294
138,118.57,95,118.58,14:02:01.627692530
148,118.57,95,118.58,14:02:01.911176253
148,118.57,94,118.58,14:02:01.911369638
158,118.57,94,118.58,14:02:01.914319185
158,118.57,87,118.58,14:02:02.007489333
158,118.57,88,118.58,14:02:02.640779301
158,118.57,95,118.58,14:02:02.641017508
158,118.57,98,118.58,14:02:02.641677863
158,118.57,108,118.58,14:02:02.643124975
157,118.57,108,118.58,14:02:02.647980887
157,118.57,98,118.58,14:02:03.195939925
157,118.57,91,118.58,14:02:04.063641753
157,118.57,88,118.58,14:02:05.682028012
157,118.57,89,118.58,14:02:05.700828353
157,118.57,91,118.58,14:02:05.701002874
157,118.57,98,118.58,14:02:05.701168493
154,118.57,98,118.58,14:02:08.643899474
147,118.57,98,118.58,14:02:08.644003876
143,118.57,98,118.58,14:02:08.644003876
140,118.57,98,118.58,14:02:08.644003876
139,118.57,98,118.58,14:02:08.644098270
139,118.57,106,118.58,14:02:08.644098270
129,118.57,106,118.58,14:02:08.644114452
116,118.57,106,118.58,14:02:08.644302888
116,118.57,116,118.58,14:02:08.644382913
116,118.57,123,118.58,14:02:08.644599329
114,118.57,123,118.58,14:02:08.644636314
113,118.57,123,118.58,14:02:08.644636314
110,118.57,123,118.58,14:02:08.644899329
113,118.57,123,118.58,14:02:08.644899329
110,118.57,123,118.58,14:02:08.645371290
111,118.57,123,118.58,14:02:08.646316742
113,118.57,123,118.58,14:02:08.646475072
111,118.57,123,118.58,14:02:08.646770028
110,118.57,123,118.58,14:02:08.646912438
111,118.57,123,118.58,14:02:08.655910228
113,118.57,123,118.58,14:02:08.656052024
112,118.57,123,118.58,14:02:08.656196539
113,118.57,123,118.58,14:02:08.656273345
111,118.57,123,118.58,14:02:08.656338974
101,118.57,123,118.58,14:02:08.663705195
102,118.57,123,118.58,14:02:08.665562784
104,118.57,123,118.58,14:02:08.665728521
107,118.57,123,118.58,14:02:08.665796902
108,118.57,123,118.58,14:02:08.668660554
109,118.57,123,118.58,14:02:08.673803619
110,118.57,123,118.58,14:02:08.677741430
113,118.57,123,118.58,14:02:08.677986818
114,118.57,123,118.58,14:02:08.678500802
115,118.57,123,118.58,14:02:08.678649480
115,118.57,120,118.58,14:02:08.678815893
115,118.57,112,118.58,14:02:08.679125617
115,118.57,102,118.58,14:02:08.679125617
115,118.57,95,118.58,14:02:08.679215489
116,118.57,95,118.58,14:02:08.679215489
116,118.57,99,118.58,14:02:08.679215489
116,118.57,109,118.58,14:02:08.679323544
116,118.57,116,118.58,14:02:08.679390961
116,118.57,106,118.58,14:02:09.405471091
116,118.57,99,118.58,14:02:09.406112109
116,118.57,92,118.58,14:02:09.407456075
126,118.57,92,118.58,14:02:09.407614148
126,118.57,90,118.58,14:02:09.427989430
126,118.57,92,118.58,14:02:09.433265551
116,118.57,92,118.58,14:02:09.433436725
116,118.57,99,118.58,14:02:09.433501237
113,118.57,99,118.58,14:02:09.467313651
123,118.57,99,118.58,14:02:09.580373015
123,118.57,109,118.58,14:02:09.675884791
123,118.57,116,118.58,14:02:09.676032250
121,118.57,116,118.58,14:02:09.679386209
118,118.57,116,118.58,14:02:09.679819703
117,118.57,116,118.58,14:02:09.682423202
107,118.57,116,118.58,14:02:09.682503890
108,118.57,116,118.58,14:02:09.686156812
110,118.57,116,118.58,14:02:09.686326395
110,118.57,115,118.58,14:02:10.089139685
110,118.57,108,118.58,14:02:10.089457170
109,118.57,108,118.58,14:02:10.089618776
110,118.57,108,118.58,14:02:10.118039268
113,118.57,108,118.58,14:02:10.118210356
115,118.57,108,118.58,14:02:10.848748486
112,118.57,108,118.58,14:02:11.523302593
113,118.57,108,118.58,14:02:12.065420998
112,118.57,108,118.58,14:02:13.168871402
111,118.57,108,118.58,14:02:13.169022285
110,118.57,108,118.58,14:02:13.169339395
109,118.57,108,118.58,14:02:13.169866953
109,118.57,116,118.58,14:02:13.170200751
107,118.57,116,118.58,14:02:13.170368645
107,118.57,123,118.58,14:02:13.170433336
106,118.57,123,118.58,14:02:13.170575541
107,118.57,123,118.58,14:02:13.170690530
107,118.57,126,118.58,14:02:13.170810488
105,118.57,126,118.58,14:02:13.170810488
107,118.57,126,118.58,14:02:13.170883227
106,118.57,126,118.58,14:02:13.170953848
104,118.57,126,118.58,14:02:13.171059694
105,118.57,126,118.58,14:02:13.171647118
106,118.57,126,118.58,14:02:13.171712810
107,118.57,126,118.58,14:02:13.171776814
106,118.57,126,118.58,14:02:13.172812227
105,118.57,126,118.58,14:02:13.172880275
104,118.57,126,118.58,14:02:13.172880275
103,118.57,126,118.58,14:02:13.172998950
104,118.57,126,118.58,14:02:13.173649222
106,118.57,126,118.58,14:02:13.173790213
104,118.57,126,118.58,14:02:13.174489963
105,118.57,126,118.58,14:02:13.175154452
106,118.57,126,118.58,14:02:13.175277726
107,118.57,126,118.58,14:02:13.267377542
107,118.57,119,118.58,14:02:13.280280700
108,118.57,119,118.58,14:02:13.559516816
109,118.57,119,118.58,14:02:13.559804851
110,118.57,119,118.58,14:02:13.559955526
111,118.57,119,118.58,14:02:13.563697692
112,118.57,119,118.58,14:02:14.519169152
111,118.57,119,118.58,14:02:14.519686629
111,118.57,111,118.58,14:02:14.564744733
111,118.57,104,118.58,14:02:15.089532604
106,118.57,104,118.58,14:02:15.816603981
96,118.57,104,118.58,14:02:15.816700986
94,118.57,104,118.58,14:02:15.816801246
95,118.57,104,118.58,14:02:16.354004893
94,118.57,104,118.58,14:02:16.629778781
94,118.57,120,118.58,14:02:16.629851715
94,118.57,128,118.58,14:02:16.629851715
93,118.57,128,118.58,14:02:16.630083142
93,118.57,145,118.58,14:02:16.630102872
92,118.57,145,118.58,14:02:16.630102872
91,118.57,145,118.58,14:02:16.630102872
90,118.57,145,118.58,14:02:16.630102872
90,118.57,151,118.58,14:02:16.630102872
90,118.57,156,118.58,14:02:16.630102872
89,118.57,156,118.58,14:02:16.630171574
88,118.57,156,118.58,14:02:16.630171574
88,118.57,163,118.58,14:02:16.630171574
87,118.57,163,118.58,14:02:16.630254611
88,118.57,163,118.58,14:02:16.647429169
89,118.57,163,118.58,14:02:16.647507754
90,118.57,163,118.58,14:02:16.647507754
91,118.57,163,118.58,14:02:16.647642219
90,118.57,163,118.58,14:02:16.647712455
91,118.57,163,118.58,14:02:16.647822935
90,118.57,163,118.58,14:02:16.647891873
92,118.57,163,118.58,14:02:16.652816198
90,118.57,163,118.58,14:02:16.662235765
92,118.57,163,118.58,14:02:16.667298574
90,118.57,163,118.58,14:02:16.671488723
93,118.57,163,118.58,14:02:16.693266533
90,118.57,163,118.58,14:02:16.702820938
91,118.57,163,118.58,14:02:16.710555879
93,118.57,163,118.58,14:02:16.710696941
91,118.57,163,118.58,14:02:16.720412311
90,118.57,163,118.58,14:02:16.720536494
90,118.57,156,118.58,14:02:16.737087041
92,118.57,156,118.58,14:02:16.737237882
93,118.57,156,118.58,14:02:16.737520125
91,118.57,156,118.58,14:02:16.770760123
93,118.57,156,118.58,14:02:17.279088224
96,118.57,156,118.58,14:02:17.279255635
94,118.57,156,118.58,14:02:17.639988721
91,118.57,156,118.58,14:02:17.641028045
90,118.57,156,118.58,14:02:17.641094528
89,118.57,156,118.58,14:02:17.785810814
88,118.57,156,118.58,14:02:18.113480653
87,118.57,156,118.58,14:02:19.718967376
77,118.57,156,118.58,14:02:23.272702895
75,118.57,156,118.58,14:02:24.196977313
74,118.57,156,118.58,14:02:24.196977313
73,118.57,156,118.58,14:02:24.196977313
72,118.57,156,118.58,14:02:24.197461582
71,118.57,156,118.58,14:02:24.197461582
61,118.57,156,118.58,14:02:24.197461582
60,118.57,156,118.58,14:02:24.197461582
59,118.57,156,118.58,14:02:24.197671158
58,118.57,156,118.58,14:02:24.197684781
57,118.57,156,118.58,14:02:24.197698739
56,118.57,156,118.58,14:02:24.197714934
55,118.57,156,118.58,14:02:24.197737648
50,118.57,156,118.58,14:02:24.197757638
40,118.57,156,118.58,14:02:24.197780829
30,118.57,156,118.58,14:02:24.197799718
28,118.57,156,118.58,14:02:24.197814106
27,118.57,156,118.58,14:02:24.197814106
26,118.57,156,118.58,14:02:24.197832621
18,118.57,156,118.58,14:02:24.197855005
17,118.57,156,118.58,14:02:24.197911296
16,118.57,156,118.58,14:02:24.197932105
10,118.57,156,118.58,14:02:24.197952384
8,118.57,156,118.58,14:02:24.197969821
7,118.57,156,118.58,14:02:24.197984153
6,118.57,156,118.58,14:02:24.197997868
5,118.57,156,118.58,14:02:24.198011587
3,118.57,156,118.58,14:02:24.198037811
2,118.57,156,118.58,14:02:24.198056716
1,118.57,156,118.58,14:02:24.198070473
147,118.56,156,118.58,14:02:24.198106179
147,118.56,168,118.58,14:02:24.198106179
147,118.56,170,118.58,14:02:24.198131606
147,118.56,30,118.57,14:02:24.198227731
147,118.56,32,118.57,14:02:24.198227731
147,118.56,42,118.57,14:02:24.198258950
147,118.56,46,118.57,14:02:24.198360540
147,118.56,50,118.57,14:02:24.198360540
147,118.56,53,118.57,14:02:24.198374694
147,118.56,54,118.57,14:02:24.198390242
147,118.56,77,118.57,14:02:24.198498784
151,118.56,77,118.57,14:02:24.198519190
151,118.56,78,118.57,14:02:24.198617165
151,118.56,86,118.57,14:02:24.198885615
150,118.56,86,118.57,14:02:24.199104143
150,118.56,87,118.57,14:02:24.199123096
150,118.56,77,118.57,14:02:24.199123096
150,118.56,74,118.57,14:02:24.199123096
132,118.56,74,118.57,14:02:24.199123096
132,118.56,51,118.57,14:02:24.199226361
139,118.56,51,118.57,14:02:24.199266488
139,118.56,52,118.57,14:02:24.199503058
139,118.56,44,118.57,14:02:24.199503058
139,118.56,52,118.57,14:02:24.200641687
139,118.56,51,118.57,14:02:24.208899491
139,118.56,50,118.57,14:02:24.208899491
139,118.56,49,118.57,14:02:24.208995300
132,118.56,49,118.57,14:02:24.209526090
132,118.56,51,118.57,14:02:24.213288493
132,118.56,53,118.57,14:02:24.213478327
132,118.56,60,118.57,14:02:24.213540963
132,118.56,61,118.57,14:02:24.213640973
132,118.56,60,118.57,14:02:24.214846582
128,118.56,60,118.57,14:02:24.219269010
127,118.56,60,118.57,14:02:24.219347764
126,118.56,60,118.57,14:02:24.219416517
126,118.56,61,118.57,14:02:24.219507661
126,118.56,68,118.57,14:02:24.219662494
125,118.56,68,118.57,14:02:24.219809057
127,118.56,68,118.57,14:02:24.229359609
124,118.56,68,118.57,14:02:24.229626617
123,118.56,68,118.57,14:02:24.229710985
124,118.56,68,118.57,14:02:24.229877094
125,118.56,68,118.57,14:02:24.230066184
125,118.56,66,118.57,14:02:24.230253151
125,118.56,39,118.57,14:02:24.242027109
125,118.56,35,118.57,14:02:24.242027109
125,118.56,31,118.57,14:02:24.242153045
125,118.56,30,118.57,14:02:24.242177039
125,118.56,29,118.57,14:02:24.242177039
125,118.56,28,118.57,14:02:24.242177039
125,118.56,27,118.57,14:02:24.242177039
125,118.56,19,118.57,14:02:24.242177039
125,118.56,17,118.57,14:02:24.242177039
125,118.56,16,118.57,14:02:24.242177039
125,118.56,15,118.57,14:02:24.242387538
125,118.56,13,118.57,14:02:24.242429294
125,118.56,12,118.57,14:02:24.242573182
125,118.56,7,118.57,14:02:24.242573182
125,118.56,1,118.57,14:02:24.242573182
126,118.56,1,118.57,14:02:24.242704487
126,118.56,11,118.57,14:02:24.243088389
126,118.56,10,118.57,14:02:24.243106494
129,118.56,10,118.57,14:02:24.243106494
130,118.56,10,118.57,14:02:24.243319031
130,118.56,12,118.57,14:02:24.243514958
130,118.56,13,118.57,14:02:24.243606756
130,118.56,14,118.57,14:02:24.243709082
130,118.56,16,118.57,14:02:24.244704275
130,118.56,20,118.57,14:02:24.244774112
130,118.56,28,118.57,14:02:24.244876742
131,118.56,28,118.57,14:02:24.253087606
130,118.56,28,118.57,14:02:24.253349932
130,118.56,27,118.57,14:02:24.253349932
128,118.56,27,118.57,14:02:24.253559010
128,118.56,25,118.57,14:02:24.253575314
130,118.56,25,118.57,14:02:24.253575314
130,118.56,26,118.57,14:02:24.258215752
130,118.56,33,118.57,14:02:24.258439163
130,118.56,34,118.57,14:02:24.261358834
130,118.56,32,118.57,14:02:24.261442559
130,118.56,33,118.57,14:02:24.261521193
130,118.56,32,118.57,14:02:24.261657164
130,118.56,31,118.57,14:02:24.261801512
130,118.56,32,118.57,14:02:24.262155524
130,118.56,31,118.57,14:02:24.264425795
130,118.56,29,118.57,14:02:24.271300317
130,118.56,37,118.57,14:02:24.277318984
130,118.56,39,118.57,14:02:24.277500680
130,118.56,46,118.57,14:02:24.277728682
130,118.56,47,118.57,14:02:24.285721787
130,118.56,54,118.57,14:02:24.285889749
129,118.56,54,118.57,14:02:24.286155329
128,118.56,54,118.57,14:02:24.286155329
128,118.56,55,118.57,14:02:24.286375786
128,118.56,56,118.57,14:02:24.286375786
128,118.56,55,118.57,14:02:24.289033464
128,118.56,54,118.57,14:02:24.289285701
128,118.56,74,118.57,14:02:24.295065159
128,118.56,76,118.57,14:02:24.295308326
128,118.56,83,118.57,14:02:24.295377427
128,118.56,82,118.57,14:02:24.298832375
111,118.56,82,118.57,14:02:24.299349398
106,118.56,82,118.57,14:02:24.299349398
104,118.56,82,118.57,14:02:24.299434547
86,118.56,82,118.57,14:02:24.299450168
81,118.56,82,118.57,14:02:24.299450168
74,118.56,82,118.57,14:02:24.299450168
74,118.56,83,118.57,14:02:24.299588326
78,118.56,83,118.57,14:02:24.301051496
78,118.56,84,118.57,14:02:24.302100750
78,118.56,82,118.57,14:02:24.302206093
78,118.56,81,118.57,14:02:24.302470314
76,118.56,81,118.57,14:02:24.303038582
75,118.56,81,118.57,14:02:24.303222085
75,118.56,82,118.57,14:02:24.303933637
76,118.56,82,118.57,14:02:24.310985667
77,118.56,82,118.57,14:02:24.311072575
77,118.56,83,118.57,14:02:24.311072575
77,118.56,84,118.57,14:02:24.311148924
77,118.56,83,118.57,14:02:24.311636105
73,118.56,83,118.57,14:02:24.312277282
77,118.56,83,118.57,14:02:24.312458040
76,118.56,83,118.57,14:02:24.314390431
76,118.56,82,118.57,14:02:24.314705046
76,118.56,83,118.57,14:02:24.365734764
83,118.56,83,118.57,14:02:24.464533806
83,118.56,100,118.57,14:02:24.544675482
83,118.56,106,118.57,14:02:24.544790670
83,118.56,108,118.57,14:02:24.544907521
85,118.56,108,118.57,14:02:24.693155003
83,118.56,108,118.57,14:02:24.720765172
83,118.56,101,118.57,14:02:25.944956468
85,118.56,101,118.57,14:02:26.008790982
85,118.56,102,118.57,14:02:26.042551203
85,118.56,101,118.57,14:02:26.115926698
84,118.56,101,118.57,14:02:26.407899833
84,118.56,102,118.57,14:02:26.426086328
85,118.56,102,118.57,14:02:26.486871560
85,118.56,101,118.57,14:02:26.487015643
85,118.56,81,118.57,14:02:27.544157358
85,118.56,74,118.57,14:02:27.545186106
85,118.56,67,118.57,14:02:27.545631596
108,118.56,67,118.57,14:02:27.550675666
110,118.56,67,118.57,14:02:27.550839317
110,118.56,50,118.57,14:02:27.553433743
132,118.56,50,118.57,14:02:27.553433743
132,118.56,44,118.57,14:02:27.553547756
150,118.56,44,118.57,14:02:27.553971576
150,118.56,42,118.57,14:02:27.554094236
150,118.56,41,118.57,14:02:27.556400231
150,118.56,42,118.57,14:02:27.559314990
150,118.56,43,118.57,14:02:27.559496154
150,118.56,45,118.57,14:02:27.559559185
150,118.56,44,118.57,14:02:27.560439658
132,118.56,44,118.57,14:02:27.563928845
132,118.56,45,118.57,14:02:27.564117744
132,118.56,46,118.57,14:02:27.573898767
132,118.56,47,118.57,14:02:27.575298068
132,118.56,46,118.57,14:02:27.577769148
132,118.56,45,118.57,14:02:27.577905586
132,118.56,46,118.57,14:02:27.582062542
132,118.56,47,118.57,14:02:27.582206411
132,118.56,50,118.57,14:02:27.587684775
132,118.56,51,118.57,14:02:27.591123991
110,118.56,51,118.57,14:02:27.599329923
110,118.56,53,118.57,14:02:27.599482618
110,118.56,54,118.57,14:02:27.601007397
110,118.56,58,118.57,14:02:27.613214216
110,118.56,59,118.57,14:02:27.628600676
110,118.56,60,118.57,14:02:27.636538958
110,118.56,78,118.57,14:02:27.656774836
110,118.56,83,118.57,14:02:27.656913342
87,118.56,83,118.57,14:02:27.715476232
96,118.56,83,118.57,14:02:30.522373064
92,118.56,83,118.57,14:02:32.685577262
91,118.56,83,118.57,14:02:32.687067392
91,118.56,104,118.57,14:02:33.512394719
89,118.56,104,118.57,14:02:33.512565323
89,118.56,105,118.57,14:02:33.512702331
82,118.56,105,118.57,14:02:33.608646398
82,118.56,107,118.57,14:02:33.608817633
81,118.56,107,118.57,14:02:36.645902064
80,118.56,107,118.57,14:02:36.650575900
79,118.56,107,118.57,14:02:36.650760606
78,118.56,107,118.57,14:02:36.650760606
78,118.56,108,118.57,14:02:36.650829909
74,118.56,108,118.57,14:02:36.724143440
58,118.56,108,118.57,14:02:36.724224090
58,118.56,121,118.57,14:02:36.724224090
48,118.56,121,118.57,14:02:36.724401236
47,118.56,121,118.57,14:02:36.724494271
46,118.56,121,118.57,14:02:36.724712602
45,118.56,121,118.57,14:02:36.725201215
44,118.56,121,118.57,14:02:36.725230963
43,118.56,121,118.57,14:02:36.725230963
42,118.56,121,118.57,14:02:36.725230963
41,118.56,121,118.57,14:02:36.725230963
33,118.56,121,118.57,14:02:36.725230963
32,118.56,121,118.57,14:02:36.725230963
29,118.56,121,118.57,14:02:36.725230963
28,118.56,121,118.57,14:02:36.725474533
25,118.56,121,118.57,14:02:36.725784809
24,118.56,121,118.57,14:02:36.726105777
22,118.56,121,118.57,14:02:36.726142526
21,118.56,121,118.57,14:02:36.726142526
20,118.56,121,118.57,14:02:36.726142526
13,118.56,121,118.57,14:02:36.726142526
12,118.56,121,118.57,14:02:36.726142526
10,118.56,121,118.57,14:02:36.726142526
9,118.56,121,118.57,14:02:36.726142526
150,118.55,121,118.57,14:02:36.726142526
150,118.55,3,118.56,14:02:36.726142526
137,118.55,3,118.56,14:02:36.726142526
131,118.55,3,118.56,14:02:36.726142526
131,118.55,4,118.56,14:02:36.726142526
131,118.55,8,118.56,14:02:36.726160315
131,118.55,9,118.56,14:02:36.726160315
131,118.55,11,118.56,14:02:36.726160315
131,118.55,13,118.56,14:02:36.726293246
131,118.55,38,118.56,14:02:36.726405883
130,118.55,38,118.56,14:02:36.726421466
130,118.55,39,118.56,14:02:36.726592120
130,118.55,36,118.56,14:02:36.726733550
130,118.55,35,118.56,14:02:36.726733550
130,118.55,31,118.56,14:02:36.726761316
130,118.55,30,118.56,14:02:36.726761316
130,118.55,28,118.56,14:02:36.726761316
131,118.55,28,118.56,14:02:36.727253248
139,118.55,28,118.56,14:02:36.727458644
139,118.55,26,118.56,14:02:36.727486461
139,118.55,25,118.56,14:02:36.727486461
139,118.55,24,118.56,14:02:36.727486461
139,118.55,23,118.56,14:02:36.727486461
121,118.55,23,118.56,14:02:36.727486461
121,118.55,22,118.56,14:02:36.727486461
121,118.55,115,118.57,14:02:36.727501463
117,118.55,115,118.57,14:02:36.727689473
115,118.55,115,118.57,14:02:36.727737081
128,118.55,115,118.57,14:02:36.727737081
128,118.55,1,118.56,14:02:36.727821449
129,118.55,1,118.56,14:02:36.728225709
129,118.55,115,118.57,14:02:36.728673078
1,118.56,115,118.57,14:02:36.729015401
129,118.55,115,118.57,14:02:36.729103106
147,118.55,115,118.57,14:02:36.729120268
1,118.56,115,118.57,14:02:36.729313548
147,118.55,115,118.57,14:02:36.729614818
147,118.55,97,118.57,14:02:36.729739608
1,118.56,97,118.57,14:02:36.729739608
1,118.56,110,118.57,14:02:36.729739608
134,118.55,110,118.57,14:02:36.732358518
147,118.55,110,118.57,14:02:36.732558761
1,118.56,110,118.57,14:02:36.737140274
2,118.56,110,118.57,14:02:36.737221244
4,118.56,110,118.57,14:02:36.737420021
3,118.56,110,118.57,14:02:36.746220170
2,118.56,110,118.57,14:02:36.746310583
131,118.55,110,118.57,14:02:36.746326855
131,118.55,111,118.57,14:02:36.747568261
131,118.55,114,118.57,14:02:36.747874447
131,118.55,101,118.57,14:02:36.748243625
8,118.56,101,118.57,14:02:36.750248615
11,118.56,101,118.57,14:02:36.750408551
13,118.56,101,118.57,14:02:36.754439482
14,118.56,101,118.57,14:02:36.754749504
6,118.56,101,118.57,14:02:36.757221828
5,118.56,101,118.57,14:02:36.758122483
3,118.56,101,118.57,14:02:36.758122483
3,118.56,100,118.57,14:02:36.758293987
3,118.56,97,118.57,14:02:36.758421641
4,118.56,97,118.57,14:02:36.758898064
5,118.56,97,118.57,14:02:36.758999657
12,118.56,97,118.57,14:02:36.759076793
13,118.56,97,118.57,14:02:36.759445059
12,118.56,97,118.57,14:02:36.764932142
11,118.56,97,118.57,14:02:36.765577975
11,118.56,96,118.57,14:02:36.773342919
24,118.56,96,118.57,14:02:36.781937449
26,118.56,96,118.57,14:02:36.782003404
27,118.56,96,118.57,14:02:36.782225131
28,118.56,96,118.57,14:02:36.782683976
29,118.56,96,118.57,14:02:36.782699922
27,118.56,96,118.57,14:02:36.811389430
27,118.56,97,118.57,14:02:36.823497638
27,118.56,110,118.57,14:02:36.850667305
29,118.56,110,118.57,14:02:36.882544599
32,118.56,110,118.57,14:02:36.882723831
33,118.56,110,118.57,14:02:36.940693529
36,118.56,110,118.57,14:02:36.940851731
37,118.56,110,118.57,14:02:36.953162783
38,118.56,110,118.57,14:02:36.984460075
38,118.56,111,118.57,14:02:36.991195217
38,118.56,110,118.57,14:02:37.043080230
38,118.56,108,118.57,14:02:37.163565962
58,118.56,108,118.57,14:02:37.172310544
59,118.56,108,118.57,14:02:37.190557530
60,118.56,108,118.57,14:02:37.191930854
61,118.56,108,118.57,14:02:37.202983430
62,118.56,108,118.57,14:02:37.206385008
61,118.56,108,118.57,14:02:37.209070743
60,118.56,108,118.57,14:02:37.209138100
59,118.56,108,118.57,14:02:37.209205425
39,118.56,108,118.57,14:02:37.225101488
40,118.56,108,118.57,14:02:37.358903187
42,118.56,108,118.57,14:02:37.359046547
62,118.56,108,118.57,14:02:37.359192738
60,118.56,108,118.57,14:02:37.380830857
59,118.56,108,118.57,14:02:37.381235696
60,118.56,108,118.57,14:02:37.407774627
61,118.56,108,118.57,14:02:37.407899270
62,118.56,108,118.57,14:02:37.428246799
61,118.56,108,118.57,14:02:37.428911355
60,118.56,108,118.57,14:02:37.429044945
59,118.56,108,118.57,14:02:37.429238289
60,118.56,108,118.57,14:02:37.474278382
62,118.56,108,118.57,14:02:37.474483771
60,118.56,108,118.57,14:02:37.781720738
63,118.56,108,118.57,14:02:37.903018677
64,118.56,108,118.57,14:02:37.903235701
64,118.56,95,118.57,14:02:38.000357005
64,118.56,77,118.57,14:02:38.000618534
64,118.56,72,118.57,14:02:38.000689468
74,118.56,72,118.57,14:02:38.000814899
76,118.56,72,118.57,14:02:38.925781158
86,118.56,72,118.57,14:02:41.451806032
94,118.56,72,118.57,14:02:41.454612229
94,118.56,71,118.57,14:02:41.454804612
94,118.56,50,118.57,14:02:41.513595124
95,118.56,50,118.57,14:02:41.513770682
94,118.56,50,118.57,14:02:41.513947424
94,118.56,48,118.57,14:02:42.037333203
95,118.56,48,118.57,14:02:42.037404627
95,118.56,47,118.57,14:02:42.037503213
95,118.56,46,118.57,14:02:42.038393433
95,118.56,44,118.57,14:02:42.038452332
97,118.56,44,118.57,14:02:42.038584850
97,118.56,42,118.57,14:02:42.038747810
109,118.56,42,118.57,14:02:42.038818165
108,118.56,42,118.57,14:02:42.074599697
108,118.56,41,118.57,14:02:42.074599697
108,118.56,40,118.57,14:02:42.074919476
108,118.56,41,118.57,14:02:42.177647321
108,118.56,42,118.57,14:02:42.523118428
108,118.56,56,118.57,14:02:42.523186744
108,118.56,65,118.57,14:02:42.523261621
108,118.56,66,118.57,14:02:42.523331512
108,118.56,67,118.57,14:02:42.523486094
107,118.56,67,118.57,14:02:42.523622936
107,118.56,69,118.57,14:02:42.523776344
107,118.56,68,118.57,14:02:42.624010852
107,118.56,67,118.57,14:02:42.624119972
107,118.56,53,118.57,14:02:42.624526250
107,118.56,44,118.57,14:02:42.624595188
108,118.56,44,118.57,14:02:42.624690106
108,118.56,45,118.57,14:02:42.624973936
107,118.56,45,118.57,14:02:42.625155139
107,118.56,46,118.57,14:02:42.625227392
107,118.56,51,118.57,14:02:42.625290172
113,118.56,51,118.57,14:02:43.882052470
113,118.56,50,118.57,14:02:43.882185315
113,118.56,45,118.57,14:02:44.812545279
113,118.56,41,118.57,14:02:44.812712268
114,118.56,41,118.57,14:02:44.812890949
114,118.56,39,118.57,14:02:44.813072530
114,118.56,38,118.57,14:02:44.813138354
114,118.56,39,118.57,14:02:44.847640245
113,118.56,39,118.57,14:02:44.847815710
113,118.56,40,118.57,14:02:44.847885060
113,118.56,39,118.57,14:02:45.205929513
113,118.56,40,118.57,14:02:45.235449597
113,118.56,39,118.57,14:02:45.238491723
113,118.56,40,118.57,14:02:45.240110361
113,118.56,46,118.57,14:02:45.240297484
113,118.56,45,118.57,14:02:45.246031057
113,118.56,44,118.57,14:02:45.246141713
113,118.56,43,118.57,14:02:45.270726758
113,118.56,42,118.57,14:02:45.270789305
113,118.56,43,118.57,14:02:45.302987451
113,118.56,44,118.57,14:02:45.303088004
113,118.56,46,118.57,14:02:45.303164903
113,118.56,44,118.57,14:02:45.336111554
113,118.56,45,118.57,14:02:45.849531543
113,118.56,39,118.57,14:02:45.926099535
113,118.56,40,118.57,14:02:46.070016086
113,118.56,45,118.57,14:02:46.070196185
113,118.56,44,118.57,14:02:50.630603758
113,118.56,43,118.57,14:02:50.630819086
114,118.56,43,118.57,14:02:50.630882756
114,118.56,42,118.57,14:02:50.630984573
116,118.56,42,118.57,14:02:50.631347364
116,118.56,40,118.57,14:02:50.631427572
116,118.56,39,118.57,14:02:50.631498423
116,118.56,34,118.57,14:02:50.632029421
116,118.56,35,118.57,14:02:50.632183101
116,118.56,34,118.57,14:02:50.634217720
116,118.56,32,118.57,14:02:50.638095240
116,118.56,31,118.57,14:02:50.638207095
116,118.56,24,118.57,14:02:50.639041447
116,118.56,25,118.57,14:02:50.639255920
106,118.56,25,118.57,14:02:50.639438592
106,118.56,23,118.57,14:02:50.639459651
106,118.56,22,118.57,14:02:50.639459651
106,118.56,21,118.57,14:02:50.639459651
106,118.56,15,118.57,14:02:50.639459651
128,118.56,15,118.57,14:02:50.639459651
128,118.56,22,118.57,14:02:50.639678573
128,118.56,14,118.57,14:02:50.639996918
128,118.56,13,118.57,14:02:50.639996918
128,118.56,11,118.57,14:02:50.640016448
128,118.56,10,118.57,14:02:50.640016448
128,118.56,9,118.57,14:02:50.640016448
128,118.56,8,118.57,14:02:50.640148712
128,118.56,9,118.57,14:02:50.640148712
130,118.56,9,118.57,14:02:50.640342130
130,118.56,2,118.57,14:02:50.640474230
130,118.56,1,118.57,14:02:50.641007829
130,118.56,196,118.58,14:02:50.641007829
130,118.56,178,118.58,14:02:50.641206321
148,118.56,178,118.58,14:02:50.641206321
149,118.56,178,118.58,14:02:50.650794269
150,118.56,178,118.58,14:02:50.651492578
151,118.56,178,118.58,14:02:50.667127071
152,118.56,178,118.58,14:02:50.667193916
4,118.57,178,118.58,14:02:50.731154099
5,118.57,178,118.58,14:02:50.735539775
7,118.57,178,118.58,14:02:50.735649215
8,118.57,178,118.58,14:02:50.735736117
7,118.57,178,118.58,14:02:50.735878101
15,118.57,178,118.58,14:02:50.737168417
13,118.57,178,118.58,14:02:50.738838838
12,118.57,178,118.58,14:02:50.739016835
12,118.57,191,118.58,14:02:50.739528007
12,118.57,198,118.58,14:02:50.739772855
14,118.57,198,118.58,14:02:50.761469769
12,118.57,198,118.58,14:02:50.761742150
12,118.57,199,118.58,14:02:50.770622325
12,118.57,206,118.58,14:02:50.770790949
13,118.57,206,118.58,14:02:50.827575093
13,118.57,199,118.58,14:02:50.828636074
14,118.57,199,118.58,14:02:50.828707133
15,118.57,199,118.58,14:02:50.828851501
16,118.57,199,118.58,14:02:50.828911874
18,118.57,199,118.58,14:02:50.829009338
18,118.57,192,118.58,14:02:50.829715619
17,118.57,192,118.58,14:02:50.832158295
16,118.57,192,118.58,14:02:50.832226074
15,118.57,192,118.58,14:02:50.832291940
14,118.57,192,118.58,14:02:50.832395015
12,118.57,192,118.58,14:02:50.832524381
13,118.57,192,118.58,14:02:50.835032893
23,118.57,192,118.58,14:02:50.900175249
26,118.57,192,118.58,14:02:50.905226284
28,118.57,192,118.58,14:02:50.908204531
30,118.57,192,118.58,14:02:50.948980558
32,118.57,192,118.58,14:02:51.161395106
33,118.57,192,118.58,14:02:51.549036576
43,118.57,192,118.58,14:02:51.811730555
33,118.57,192,118.58,14:02:51.857579111
32,118.57,192,118.58,14:02:51.861848221
34,118.57,192,118.58,14:02:53.940371102
35,118.57,192,118.58,14:02:54.097733396
36,118.57,192,118.58,14:02:54.170819040
42,118.57,192,118.58,14:02:54.171355934
42,118.57,185,118.58,14:02:54.171543269
46,118.57,185,118.58,14:02:54.171605826
47,118.57,185,118.58,14:02:54.172040737
48,118.57,185,118.58,14:02:54.172040737
49,118.57,185,118.58,14:02:54.172301330
59,118.57,185,118.58,14:02:54.172751803
60,118.57,185,118.58,14:02:54.175078227
59,118.57,185,118.58,14:02:54.175219010
60,118.57,185,118.58,14:02:54.176503534
64,118.57,185,118.58,14:02:54.176668622
64,118.57,183,118.58,14:02:54.176822887
64,118.57,175,118.58,14:02:54.177353620
65,118.57,175,118.58,14:02:54.181410000
65,118.57,172,118.58,14:02:54.182395694
65,118.57,171,118.58,14:02:54.182475810
64,118.57,171,118.58,14:02:54.182609996
63,118.57,171,118.58,14:02:54.182725522
63,118.57,158,118.58,14:02:54.198950900
65,118.57,158,118.58,14:02:54.199256228
66,118.57,158,118.58,14:02:54.199437486
66,118.57,157,118.58,14:02:54.200187485
64,118.57,157,118.58,14:02:54.200256455
64,118.57,156,118.58,14:02:54.208751199
65,118.57,156,118.58,14:02:54.270255676
70,118.57,156,118.58,14:02:54.270482447
72,118.57,156,118.58,14:02:54.271093723
71,118.57,156,118.58,14:02:54.271166138
69,118.57,156,118.58,14:02:54.271270782
72,118.57,156,118.58,14:02:54.271697543
73,118.57,156,118.58,14:02:54.271759838
72,118.57,156,118.58,14:02:54.272253088
72,118.57,140,118.58,14:02:54.273421350
72,118.57,135,118.58,14:02:54.273489881
72,118.57,125,118.58,14:02:54.273591890
72,118.57,122,118.58,14:02:54.273767512
73,118.57,122,118.58,14:02:54.273913468
73,118.57,116,118.58,14:02:54.275511734
73,118.57,99,118.58,14:02:54.275511734
73,118.57,93,118.58,14:02:54.275511734
72,118.57,93,118.58,14:02:54.275847424
92,118.57,93,118.58,14:02:54.284083795
92,118.57,103,118.58,14:02:54.288876341
89,118.57,103,118.58,14:02:54.289021609
69,118.57,103,118.58,14:02:54.424801395
64,118.57,103,118.58,14:02:54.424984754
63,118.57,103,118.58,14:02:54.431899209
59,118.57,103,118.58,14:02:54.488612848
60,118.57,103,118.58,14:02:54.546439727
67,118.57,103,118.58,14:02:54.546644928
60,118.57,103,118.58,14:02:55.038134455
60,118.57,93,118.58,14:02:56.025869203
61,118.57,93,118.58,14:02:56.025869203
60,118.57,93,118.58,14:02:56.026257212
61,118.57,93,118.58,14:02:56.026257212
67,118.57,93,118.58,14:02:56.026257212
68,118.57,93,118.58,14:02:56.042089904
68,118.57,94,118.58,14:02:56.057262256
67,118.57,94,118.58,14:02:56.057467312
67,118.57,100,118.58,14:02:56.057538684
66,118.57,100,118.58,14:02:56.057538684
66,118.57,110,118.58,14:02:56.057643062
66,118.57,111,118.58,14:02:56.065752575
66,118.57,114,118.58,14:02:56.075864403
60,118.57,114,118.58,14:02:56.082726397
60,118.57,115,118.58,14:02:56.083611423
60,118.57,117,118.58,14:02:56.167979968
60,118.57,119,118.58,14:02:56.169342190
61,118.57,119,118.58,14:02:56.846023648
68,118.57,119,118.58,14:02:56.846227315
61,118.57,119,118.58,14:02:57.007600864
65,118.57,119,118.58,14:02:57.999953224
72,118.57,119,118.58,14:02:58.000130149
74,118.57,119,118.58,14:02:58.000295122
75,118.57,119,118.58,14:02:58.000445669
74,118.57,119,118.58,14:02:58.485259142
72,118.57,119,118.58,14:02:58.485402915
65,118.57,119,118.58,14:02:58.491202043
65,118.57,113,118.58,14:02:58.491269611
63,118.57,113,118.58,14:02:58.986329275
63,118.57,111,118.58,14:02:59.005910434
65,118.57,111,118.58,14:02:59.006138990
65,118.57,114,118.58,14:02:59.006308232
72,118.57,114,118.58,14:02:59.006308232
73,118.57,114,118.58,14:02:59.006376021
71,118.57,114,118.58,14:02:59.006544401
71,118.57,121,118.58,14:02:59.006544401
70,118.57,121,118.58,14:02:59.006621614
63,118.57,121,118.58,14:03:00.006761472
63,118.57,114,118.58,14:03:00.032079925
64,118.57,114,118.58,14:03:00.556560099
69,118.57,114,118.58,14:03:00.556730454
70,118.57,114,118.58,14:03:00.814847326
72,118.57,114,118.58,14:03:00.815010039
74,118.57,114,118.58,14:03:00.815194817
74,118.57,104,118.58,14:03:00.815256497
75,118.57,104,118.58,14:03:00.815447853
74,118.57,104,118.58,14:03:00.815571274
74,118.57,100,118.58,14:03:00.818380660
75,118.57,100,118.58,14:03:00.819492487
74,118.57,100,118.58,14:03:00.884187050
72,118.57,100,118.58,14:03:00.887711546
73,118.57,100,118.58,14:03:00.887939469
74,118.57,100,118.58,14:03:00.888008829
80,118.57,100,118.58,14:03:00.888109001
79,118.57,100,118.58,14:03:00.898148093
78,118.57,100,118.58,14:03:00.898363447
79,118.57,100,118.58,14:03:00.907729910
80,118.57,100,118.58,14:03:00.907873241
74,118.57,100,118.58,14:03:00.919026412
73,118.57,100,118.58,14:03:00.919289980
72,118.57,100,118.58,14:03:00.919289980
71,118.57,100,118.58,14:03:00.919428866
72,118.57,100,118.58,14:03:00.927575906
74,118.57,100,118.58,14:03:00.927744744
75,118.57,100,118.58,14:03:00.927806113
74,118.57,100,118.58,14:03:01.617626722
74,118.57,110,118.58,14:03:01.617793093
72,118.57,110,118.58,14:03:01.617972357
72,118.57,112,118.58,14:03:01.618040072
71,118.57,112,118.58,14:03:01.618180107
69,118.57,112,118.58,14:03:01.700354504
64,118.57,112,118.58,14:03:01.700432542
63,118.57,112,118.58,14:03:01.829058397
63,118.57,110,118.58,14:03:02.516162698
53,118.57,110,118.58,14:03:03.654552910
49,118.57,110,118.58,14:03:04.403465154
59,118.57,110,118.58,14:03:04.620980480
60,118.57,110,118.58,14:03:04.621169619
66,118.57,110,118.58,14:03:04.621232362
67,118.57,110,118.58,14:03:04.621305626
68,118.57,110,118.58,14:03:04.621374963
67,118.57,110,118.58,14:03:04.661755499
66,118.57,110,118.58,14:03:04.661815041
68,118.57,110,118.58,14:03:04.672263964
68,118.57,100,118.58,14:03:04.890959856
62,118.57,100,118.58,14:03:04.914653606
62,118.57,110,118.58,14:03:05.198616842
60,118.57,110,118.58,14:03:05.198818487
59,118.57,110,118.58,14:03:05.198892028
59,118.57,114,118.58,14:03:05.198892028
59,118.57,110,118.58,14:03:05.583334880
61,118.57,110,118.58,14:03:08.591250523
68,118.57,110,118.58,14:03:08.591486843
71,118.57,110,118.58,14:03:08.591648350
64,118.57,110,118.58,14:03:09.069844788
61,118.57,110,118.58,14:03:09.070006851
57,118.57,110,118.58,14:03:09.667318462
49,118.57,110,118.58,14:03:09.667318462
48,118.57,110,118.58,14:03:09.667421586
38,118.57,110,118.58,14:03:09.667421586
37,118.57,110,118.58,14:03:09.667421586
36,118.57,110,118.58,14:03:09.667421586
36,118.57,118,118.58,14:03:09.667747730
36,118.57,138,118.58,14:03:09.667940734
36,118.57,151,118.58,14:03:09.667940734
35,118.57,151,118.58,14:03:09.667940734
35,118.57,171,118.58,14:03:09.668053512
34,118.57,171,118.58,14:03:09.668053512
33,118.57,171,118.58,14:03:09.668053512
23,118.57,171,118.58,14:03:09.668053512
22,118.57,171,118.58,14:03:09.668077995
21,118.57,171,118.58,14:03:09.668077995
21,118.57,178,118.58,14:03:09.668077995
21,118.57,177,118.58,14:03:09.668243989
20,118.57,177,118.58,14:03:09.668381259
20,118.57,174,118.58,14:03:09.668381259
18,118.57,174,118.58,14:03:09.668400008
17,118.57,174,118.58,14:03:09.668400008
17,118.57,171,118.58,14:03:09.668400008
16,118.57,171,118.58,14:03:09.668400008
14,118.57,171,118.58,14:03:09.668400008
14,118.57,168,118.58,14:03:09.668500677
11,118.57,168,118.58,14:03:09.668515806
11,118.57,170,118.58,14:03:09.668818174
12,118.57,170,118.58,14:03:09.678111606
22,118.57,170,118.58,14:03:09.678401870
29,118.57,170,118.58,14:03:09.678485849
30,118.57,170,118.58,14:03:09.679072668
32,118.57,170,118.58,14:03:09.692007188
33,118.57,170,118.58,14:03:09.707696771
34,118.57,170,118.58,14:03:09.746305430
35,118.57,170,118.58,14:03:09.746470342
37,118.57,170,118.58,14:03:09.924465769
37,118.57,168,118.58,14:03:09.924618258
38,118.57,168,118.58,14:03:10.154734534
45,118.57,168,118.58,14:03:10.154907615
45,118.57,161,118.58,14:03:10.261548159
38,118.57,161,118.58,14:03:10.261716133
39,118.57,161,118.58,14:03:12.026058369
45,118.57,161,118.58,14:03:12.026297882
39,118.57,161,118.58,14:03:12.026883677
38,118.57,161,118.58,14:03:12.026943138
37,118.57,161,118.58,14:03:13.199146999
37,118.57,163,118.58,14:03:15.725457291
36,118.57,163,118.58,14:03:15.725644452
36,118.57,167,118.58,14:03:15.725705063
26,118.57,167,118.58,14:03:15.725811690
19,118.57,167,118.58,14:03:15.725976269
21,118.57,167,118.58,14:03:16.661033402
27,118.57,167,118.58,14:03:16.661324116
35,118.57,167,118.58,14:03:16.676797661
36,118.57,167,118.58,14:03:16.676954816
37,118.57,167,118.58,14:03:16.679102229
36,118.57,167,118.58,14:03:16.679298734
39,118.57,167,118.58,14:03:16.683349489
36,118.57,167,118.58,14:03:16.684241297
37,118.57,167,118.58,14:03:16.688089271
39,118.57,167,118.58,14:03:16.688228330
39,118.57,163,118.58,14:03:16.688968800
49,118.57,163,118.58,14:03:16.689131097
47,118.57,163,118.58,14:03:16.694049231
46,118.57,163,118.58,14:03:16.694190953
38,118.57,163,118.58,14:03:16.868481452
28,118.57,163,118.58,14:03:16.870674225
27,118.57,163,118.58,14:03:16.870854273
25,118.57,163,118.58,14:03:16.870854273
22,118.57,163,118.58,14:03:16.870966323
21,118.57,163,118.58,14:03:16.871055527
17,118.57,163,118.58,14:03:16.871055527
16,118.57,163,118.58,14:03:16.871237836
14,118.57,163,118.58,14:03:16.871237836
13,118.57,163,118.58,14:03:16.871237836
12,118.57,163,118.58,14:03:16.871237836
10,118.57,163,118.58,14:03:16.871237836
9,118.57,163,118.58,14:03:16.871237836
7,118.57,163,118.58,14:03:16.871237836
6,118.57,163,118.58,14:03:16.871237836
153,118.56,163,118.58,14:03:16.871237836
153,118.56,6,118.57,14:03:16.871237836
135,118.56,6,118.57,14:03:16.871626501
135,118.56,10,118.57,14:03:16.871775273
135,118.56,11,118.57,14:03:16.871802352
135,118.56,16,118.57,14:03:16.871802352
135,118.56,24,118.57,14:03:16.871802352
136,118.56,24,118.57,14:03:16.871802352
135,118.56,24,118.57,14:03:16.871802352
135,118.56,27,118.57,14:03:16.871802352
135,118.56,21,118.57,14:03:16.871912825
143,118.56,21,118.57,14:03:16.872325638
125,118.56,21,118.57,14:03:16.872325638
124,118.56,21,118.57,14:03:16.872469042
124,118.56,22,118.57,14:03:16.876076930
124,118.56,45,118.57,14:03:16.876189795
124,118.56,48,118.57,14:03:16.876213721
124,118.56,49,118.57,14:03:16.876213721
124,118.56,46,118.57,14:03:16.876526686
102,118.56,46,118.57,14:03:16.885261851
102,118.56,68,118.57,14:03:16.887669433
102,118.56,66,118.57,14:03:16.894994380
102,118.56,43,118.57,14:03:16.895291036
102,118.56,21,118.57,14:03:16.895291036
102,118.56,19,118.57,14:03:16.895571986
102,118.56,11,118.57,14:03:16.895779897
102,118.56,12,118.57,14:03:16.908411794
102,118.56,15,118.57,14:03:16.908573995
102,118.56,14,118.57,14:03:16.908680206
103,118.56,14,118.57,14:03:16.916972622
103,118.56,18,118.57,14:03:16.921435591
103,118.56,19,118.57,14:03:16.921500842
103,118.56,22,118.57,14:03:16.921624672
103,118.56,21,118.57,14:03:16.921770540
103,118.56,29,118.57,14:03:16.934760204
103,118.56,32,118.57,14:03:16.934921189
103,118.56,31,118.57,14:03:16.943459473
103,118.56,30,118.57,14:03:16.943539562
104,118.56,30,118.57,14:03:16.943688776
104,118.56,31,118.57,14:03:16.951088839
118,118.56,31,118.57,14:03:16.973512367
118,118.56,54,118.57,14:03:17.012123122
119,118.56,54,118.57,14:03:17.124542294
118,118.56,54,118.57,14:03:17.308360471
118,118.56,31,118.57,14:03:17.753875935
118,118.56,27,118.57,14:03:17.754135806
118,118.56,24,118.57,14:03:17.754232702
118,118.56,34,118.57,14:03:18.618960872
118,118.56,47,118.57,14:03:18.619732636
118,118.56,57,118.57,14:03:18.619803581
118,118.56,61,118.57,14:03:18.623406068
118,118.56,57,118.57,14:03:18.633311608
119,118.56,57,118.57,14:03:18.653128446
120,118.56,57,118.57,14:03:18.774609200
120,118.56,61,118.57,14:03:19.622323767
122,118.56,61,118.57,14:03:19.658029570
122,118.56,57,118.57,14:03:19.658213765
122,118.56,47,118.57,14:03:21.613983900
122,118.56,37,118.57,14:03:21.614181449
122,118.56,24,118.57,14:03:21.614369625
122,118.56,21,118.57,14:03:21.614531337
122,118.56,18,118.57,14:03:21.729571314
122,118.56,20,118.57,14:03:21.745230168
122,118.56,28,118.57,14:03:21.745300036
122,118.56,43,118.57,14:03:21.745528202
122,118.56,46,118.57,14:03:21.745620506
122,118.56,54,118.57,14:03:21.745620506
122,118.56,51,118.57,14:03:21.746063930
122,118.56,66,118.57,14:03:21.746063930
122,118.56,73,118.57,14:03:21.746063930
112,118.56,73,118.57,14:03:21.746268052
92,118.56,73,118.57,14:03:21.746268052
92,118.56,77,118.57,14:03:21.746449645
90,118.56,77,118.57,14:03:21.750712400
88,118.56,77,118.57,14:03:21.750953600
86,118.56,77,118.57,14:03:21.764875300
86,118.56,73,118.57,14:03:21.765013879
86,118.56,58,118.57,14:03:22.686983760
86,118.56,51,118.57,14:03:22.687050568
88,118.56,51,118.57,14:03:22.687167587
88,118.56,36,118.57,14:03:22.701451244
88,118.56,28,118.57,14:03:22.701519162
90,118.56,28,118.57,14:03:22.701628374
90,118.56,29,118.57,14:03:22.715471492
90,118.56,39,118.57,14:03:22.715680638
90,118.56,38,118.57,14:03:22.715753969
90,118.56,42,118.57,14:03:22.715753969
90,118.56,40,118.57,14:03:22.718217845
90,118.56,32,118.57,14:03:22.822604151
90,118.56,28,118.57,14:03:22.992615009
105,118.56,28,118.57,14:03:22.992867185
113,118.56,28,118.57,14:03:22.993019466
115,118.56,28,118.57,14:03:22.993182688
129,118.56,28,118.57,14:03:23.262204587
137,118.56,28,118.57,14:03:23.262269310
137,118.56,27,118.57,14:03:23.262974996
137,118.56,17,118.57,14:03:23.262974996
137,118.56,21,118.57,14:03:23.265391198
137,118.56,22,118.57,14:03:23.265465912
137,118.56,23,118.57,14:03:23.265465912
137,118.56,22,118.57,14:03:23.265704462
137,118.56,18,118.57,14:03:23.439203747
137,118.56,22,118.57,14:03:24.936407745
137,118.56,30,118.57,14:03:24.936475393
137,118.56,40,118.57,14:03:24.939612529
137,118.56,56,118.57,14:03:24.942969717
137,118.56,63,118.57,14:03:24.943032680
129,118.56,63,118.57,14:03:24.944010106
129,118.56,78,118.57,14:03:24.944116602
129,118.56,85,118.57,14:03:24.944116602
127,118.56,85,118.57,14:03:24.944116602
113,118.56,85,118.57,14:03:24.944116602
112,118.56,85,118.57,14:03:24.973214498
110,118.56,85,118.57,14:03:24.973380408
110,118.56,86,118.57,14:03:27.015723711
110,118.56,90,118.57,14:03:27.015991765
110,118.56,89,118.57,14:03:27.614689664
110,118.56,85,118.57,14:03:27.890312471
110,118.56,70,118.57,14:03:28.132546659
110,118.56,63,118.57,14:03:28.132613930
112,118.56,63,118.57,14:03:28.148655375
97,118.56,63,118.57,14:03:28.157790074
89,118.56,63,118.57,14:03:28.157790074
89,118.56,65,118.57,14:03:28.157908660
89,118.56,63,118.57,14:03:28.158174570
89,118.56,80,118.57,14:03:28.472472365
89,118.56,85,118.57,14:03:28.472538132
93,118.56,85,118.57,14:03:28.660572567
91,118.56,85,118.57,14:03:28.662709628
91,118.56,86,118.57,14:03:28.717422478
91,118.56,87,118.57,14:03:28.717607757
90,118.56,87,118.57,14:03:28.717765901
90,118.56,88,118.57,14:03:28.717921408
91,118.56,88,118.57,14:03:29.785498147
91,118.56,87,118.57,14:03:29.785649434
91,118.56,86,118.57,14:03:29.805517682
91,118.56,85,118.57,14:03:30.046054718
91,118.56,68,118.57,14:03:30.047506227
91,118.56,63,118.57,14:03:30.047802307
93,118.56,63,118.57,14:03:30.048099507
93,118.56,47,118.57,14:03:31.393348175
93,118.56,40,118.57,14:03:31.393348175
93,118.56,30,118.57,14:03:31.393466992
94,118.56,30,118.57,14:03:31.393654598
113,118.56,30,118.57,14:03:31.393723065
113,118.56,31,118.57,14:03:31.395055039
113,118.56,30,118.57,14:03:31.395234987
113,118.56,31,118.57,14:03:31.431743801
113,118.56,32,118.57,14:03:31.431941532
113,118.56,31,118.57,14:03:31.434887092
113,118.56,30,118.57,14:03:31.446075994
131,118.56,30,118.57,14:03:31.476343518
131,118.56,22,118.57,14:03:31.479027724
133,118.56,22,118.57,14:03:31.479173739
134,118.56,22,118.57,14:03:31.492324157
134,118.56,21,118.57,14:03:32.110320494
134,118.56,17,118.57,14:03:32.110394417
134,118.56,16,118.57,14:03:32.111130352
134,118.56,14,118.57,14:03:32.111130352
134,118.56,13,118.57,14:03:32.111237143
134,118.56,12,118.57,14:03:32.111237143
134,118.56,11,118.57,14:03:32.111237143
134,118.56,8,118.57,14:03:32.111582201
134,118.56,7,118.57,14:03:32.111582201
134,118.56,5,118.57,14:03:32.111582201
134,118.56,184,118.58,14:03:32.111582201
134,118.56,166,118.58,14:03:32.112139459
152,118.56,166,118.58,14:03:32.112139459
152,118.56,1,118.57,14:03:32.121595274
152,118.56,166,118.58,14:03:32.121830823
152,118.56,1,118.57,14:03:32.664367554
152,118.56,2,118.57,14:03:32.664540815
152,118.56,4,118.57,14:03:32.664723803
152,118.56,6,118.57,14:03:32.664803359
152,118.56,14,118.57,14:03:32.664964740
152,118.56,15,118.57,14:03:32.665176788
152,118.56,16,118.57,14:03:32.665265799
134,118.56,16,118.57,14:03:32.665265799
134,118.56,20,118.57,14:03:32.665880884
134,118.56,40,118.57,14:03:32.666795324
134,118.56,20,118.57,14:03:32.677175702
134,118.56,16,118.57,14:03:32.677417370
134,118.56,8,118.57,14:03:32.843704896
134,118.56,6,118.57,14:03:32.844504492
134,118.56,7,118.57,14:03:32.846358110
134,118.56,11,118.57,14:03:32.846746644
134,118.56,12,118.57,14:03:32.847629453
134,118.56,15,118.57,14:03:32.847892588
134,118.56,23,118.57,14:03:32.847996323
134,118.56,43,118.57,14:03:32.848278156
134,118.56,40,118.57,14:03:32.848652104
134,118.56,20,118.57,14:03:32.903024100
134,118.56,21,118.57,14:03:33.275105297
134,118.56,25,118.57,14:03:33.275269889
134,118.56,45,118.57,14:03:33.431009838
134,118.56,41,118.57,14:03:33.431428071
134,118.56,21,118.57,14:03:33.574434309
134,118.56,31,118.57,14:03:33.769713349
134,118.56,34,118.57,14:03:33.769896453
134,118.56,31,118.57,14:03:35.034448440
134,118.56,52,118.57,14:03:35.514861741
132,118.56,52,118.57,14:03:35.515744892
114,118.56,52,118.57,14:03:36.013558926
113,118.56,52,118.57,14:03:36.034514963
113,118.56,54,118.57,14:03:36.034668426
113,118.56,74,118.57,14:03:36.034922009
113,118.56,79,118.57,14:03:36.034922009
113,118.56,74,118.57,14:03:36.035069408
119,118.56,74,118.57,14:03:36.736351658
119,118.56,54,118.57,14:03:36.736513571
119,118.56,52,118.57,14:03:36.736660297
120,118.56,52,118.57,14:03:37.137728301
120,118.56,53,118.57,14:03:37.411855259
120,118.56,57,118.57,14:03:37.412136673
123,118.56,57,118.57,14:03:38.457257093
123,118.56,56,118.57,14:03:38.457404137
123,118.56,35,118.57,14:03:38.529439503
123,118.56,31,118.57,14:03:38.529721798
123,118.56,32,118.57,14:03:38.544875641
123,118.56,34,118.57,14:03:38.545043436
123,118.56,35,118.57,14:03:38.779356068
123,118.56,37,118.57,14:03:38.779540049
124,118.56,37,118.57,14:03:39.276849692
124,118.56,36,118.57,14:03:39.277002780
124,118.56,34,118.57,14:03:39.302659034
124,118.56,33,118.57,14:03:39.302976627
124,118.56,31,118.57,14:03:39.635157172
124,118.56,21,118.57,14:03:39.636620013
124,118.56,24,118.57,14:03:39.636891874
124,118.56,23,118.57,14:03:39.636979596
124,118.56,24,118.57,14:03:39.637190501
124,118.56,34,118.57,14:03:39.797044462
124,118.56,31,118.57,14:03:41.271111577
124,118.56,21,118.57,14:03:41.271240408
124,118.56,20,118.57,14:03:41.271387813
124,118.56,22,118.57,14:03:41.277223687
124,118.56,20,118.57,14:03:41.277609190
124,118.56,21,118.57,14:03:41.300528074
124,118.56,20,118.57,14:03:41.313610622
124,118.56,21,118.57,14:03:41.396701550
124,118.56,22,118.57,14:03:41.396880804
124,118.56,32,118.57,14:03:41.396930817
124,118.56,31,118.57,14:03:41.530433253
123,118.56,31,118.57,14:03:43.236916781
123,118.56,33,118.57,14:03:44.036679114
123,118.56,34,118.57,14:03:44.036959302
123,118.56,32,118.57,14:03:44.216922525
123,118.56,31,118.57,14:03:44.648211404
123,118.56,46,118.57,14:03:46.516846874
123,118.56,54,118.57,14:03:46.516950865
123,118.56,39,118.57,14:03:46.618158646
123,118.56,31,118.57,14:03:46.618241001
123,118.56,46,118.57,14:03:49.001055561
123,118.56,54,118.57,14:03:49.001151843
123,118.56,55,118.57,14:03:49.001302233
123,118.56,47,118.57,14:03:49.103422370
123,118.56,32,118.57,14:03:49.103485701
123,118.56,31,118.57,14:03:49.103643282
123,118.56,32,118.57,14:03:49.107739563
123,118.56,33,118.57,14:03:49.107889160
123,118.56,32,118.57,14:03:49.289080464
123,118.56,31,118.57,14:03:49.537083996
123,118.56,30,118.57,14:03:51.500880323
123,118.56,22,118.57,14:03:51.500965308
123,118.56,21,118.57,14:03:51.500965308
123,118.56,20,118.57,14:03:51.501155039
125,118.56,20,118.57,14:03:51.501155039
125,118.56,19,118.57,14:03:51.501155039
125,118.56,17,118.57,14:03:51.501288626
125,118.56,16,118.57,14:03:51.501321871
125,118.56,15,118.57,14:03:51.501321871
125,118.56,11,118.57,14:03:51.501321871
125,118.56,9,118.57,14:03:51.501321871
125,118.56,8,118.57,14:03:51.501321871
126,118.56,8,118.57,14:03:51.501321871
146,118.56,8,118.57,14:03:51.501321871
146,118.56,184,118.58,14:03:51.501336642
3,118.57,184,118.58,14:03:51.501538358
6,118.57,184,118.58,14:03:51.501538358
7,118.57,184,118.58,14:03:51.501731531
7,118.57,166,118.58,14:03:51.501984104
4,118.57,166,118.58,14:03:51.502212616
1,118.57,166,118.58,14:03:51.502332529
164,118.56,166,118.58,14:03:51.502573492
150,118.56,166,118.58,14:03:51.502765546
150,118.56,4,118.57,14:03:51.502885425
150,118.56,5,118.57,14:03:51.503100503
151,118.56,5,118.57,14:03:51.503410442
151,118.56,2,118.57,14:03:51.503439060
151,118.56,1,118.57,14:03:51.503439060
151,118.56,8,118.57,14:03:51.503462241
151,118.56,7,118.57,14:03:51.503462241
151,118.56,173,118.58,14:03:51.503462241
8,118.57,173,118.58,14:03:51.503462241
11,118.57,173,118.58,14:03:51.503462241
13,118.57,173,118.58,14:03:51.503462241
15,118.57,173,118.58,14:03:51.503554502
16,118.57,173,118.58,14:03:51.503733444
18,118.57,173,118.58,14:03:51.504120474
19,118.57,173,118.58,14:03:51.504254874
19,118.57,182,118.58,14:03:51.504357052
16,118.57,182,118.58,14:03:51.504488210
17,118.57,182,118.58,14:03:51.504631183
15,118.57,182,118.58,14:03:51.504745705
7,118.57,182,118.58,14:03:51.504745705
14,118.57,182,118.58,14:03:51.504876703
13,118.57,182,118.58,14:03:51.504876703
13,118.57,186,118.58,14:03:51.505232341
16,118.57,186,118.58,14:03:51.505232341
17,118.57,186,118.58,14:03:51.508094973
18,118.57,186,118.58,14:03:51.508471037
19,118.57,186,118.58,14:03:51.510149077
21,118.57,186,118.58,14:03:51.510615444
35,118.57,186,118.58,14:03:51.520477228
34,118.57,186,118.58,14:03:51.521029820
31,118.57,186,118.58,14:03:51.521127903
32,118.57,186,118.58,14:03:51.527389002
31,118.57,186,118.58,14:03:51.527577785
32,118.57,186,118.58,14:03:51.530958572
33,118.57,186,118.58,14:03:51.531048992
33,118.57,185,118.58,14:03:51.531573865
33,118.57,184,118.58,14:03:51.531587516
34,118.57,184,118.58,14:03:51.531840470
34,118.57,175,118.58,14:03:51.531936277
34,118.57,171,118.58,14:03:51.531936277
44,118.57,171,118.58,14:03:51.531936277
45,118.57,171,118.58,14:03:51.532146278
49,118.57,171,118.58,14:03:51.532240031
50,118.57,171,118.58,14:03:51.545800212
51,118.57,171,118.58,14:03:51.545948916
51,118.57,164,118.58,14:03:51.558661299
50,118.57,164,118.58,14:03:51.561730144
49,118.57,164,118.58,14:03:51.563308492
39,118.57,164,118.58,14:03:51.563459989
40,118.57,164,118.58,14:03:51.564188555
50,118.57,164,118.58,14:03:51.580561540
51,118.57,164,118.58,14:03:51.585535279
53,118.57,164,118.58,14:03:51.585767740
57,118.57,164,118.58,14:03:51.684788854
65,118.57,164,118.58,14:03:51.902611406
65,118.57,158,118.58,14:03:51.919064909
65,118.57,156,118.58,14:03:51.920475714
71,118.57,156,118.58,14:03:52.012646619
72,118.57,156,118.58,14:03:52.084778694
72,118.57,146,118.58,14:03:52.276455686
72,118.57,126,118.58,14:03:52.305523214
75,118.57,126,118.58,14:03:52.459109869
75,118.57,125,118.58,14:03:52.772515453
75,118.57,105,118.58,14:03:52.853414764
75,118.57,96,118.58,14:03:52.853482149
75,118.57,88,118.58,14:03:52.853656082
85,118.57,88,118.58,14:03:52.853806202
88,118.57,88,118.58,14:03:52.853873889
88,118.57,85,118.58,14:03:52.853992510
105,118.57,85,118.58,14:03:53.135393131
111,118.57,85,118.58,14:03:53.135458304
128,118.57,85,118.58,14:03:53.135603921
128,118.57,83,118.58,14:03:53.135603921
133,118.57,83,118.58,14:03:53.135679450
133,118.57,82,118.58,14:03:53.135754426
133,118.57,80,118.58,14:03:53.135822369
133,118.57,79,118.58,14:03:53.136055354
135,118.57,79,118.58,14:03:53.136211053
135,118.57,78,118.58,14:03:53.147953271
135,118.57,79,118.58,14:03:53.251996579
135,118.57,80,118.58,14:03:53.289197771
135,118.57,81,118.58,14:03:53.289336667
135,118.57,80,118.58,14:03:53.406997954
135,118.57,79,118.58,14:03:53.407307183
137,118.57,79,118.58,14:03:53.411695806
137,118.57,78,118.58,14:03:53.411897992
137,118.57,79,118.58,14:03:53.708104178
137,118.57,80,118.58,14:03:53.708266524
137,118.57,79,118.58,14:03:53.806948153
137,118.57,78,118.58,14:03:53.808114539
137,118.57,79,118.58,14:03:53.853254462
137,118.57,80,118.58,14:03:53.853438021
137,118.57,82,118.58,14:03:53.853508475
137,118.57,80,118.58,14:03:54.361081014
135,118.57,80,118.58,14:03:54.906187287
134,118.57,80,118.58,14:03:54.906201885
132,118.57,80,118.58,14:03:54.906301513
131,118.57,80,118.58,14:03:54.906301513
124,118.57,80,118.58,14:03:54.906301513
123,118.57,80,118.58,14:03:54.906315869
122,118.57,80,118.58,14:03:54.906315869
122,118.57,82,118.58,14:03:54.906484567
119,118.57,82,118.58,14:03:54.906572368
111,118.57,82,118.58,14:03:54.906572368
111,118.57,83,118.58,14:03:54.906572368
94,118.57,83,118.58,14:03:54.906679409
88,118.57,83,118.58,14:03:54.906679409
88,118.57,87,118.58,14:03:54.906679409
71,118.57,87,118.58,14:03:54.906692920
66,118.57,87,118.58,14:03:54.906692920
56,118.57,87,118.58,14:03:54.906798336
56,118.57,97,118.58,14:03:54.906798336
56,118.57,107,118.58,14:03:54.906798336
56,118.57,110,118.58,14:03:54.906798336
56,118.57,113,118.58,14:03:54.906798336
56,118.57,115,118.58,14:03:54.906935424
54,118.57,115,118.58,14:03:54.907009891
62,118.57,115,118.58,14:03:54.907129052
62,118.57,116,118.58,14:03:54.907129052
60,118.57,116,118.58,14:03:54.907129052
60,118.57,124,118.58,14:03:54.907228624
60,118.57,127,118.58,14:03:54.907250041
60,118.57,117,118.58,14:03:54.907438789
61,118.57,117,118.58,14:03:56.607294870
61,118.57,114,118.58,14:03:56.607618620
61,118.57,104,118.58,14:03:56.607618620
64,118.57,104,118.58,14:03:56.607698733
64,118.57,96,118.58,14:03:56.607698733
68,118.57,96,118.58,14:03:56.607698733
69,118.57,96,118.58,14:03:56.607909715
69,118.57,93,118.58,14:03:56.608359509
69,118.57,89,118.58,14:03:56.608427884
69,118.57,86,118.58,14:03:56.608910200
88,118.57,86,118.58,14:03:56.609282922
99,118.57,86,118.58,14:03:56.609282922
99,118.57,84,118.58,14:03:56.609460280
101,118.57,84,118.58,14:03:56.609663342
101,118.57,85,118.58,14:03:56.610138817
101,118.57,90,118.58,14:03:56.610302908
101,118.57,94,118.58,14:03:56.610441457
101,118.57,95,118.58,14:03:56.612445615
101,118.57,94,118.58,14:03:56.613850590
101,118.57,95,118.58,14:03:56.614247364
101,118.57,94,118.58,14:03:56.617635134
101,118.57,93,118.58,14:03:56.618199447
101,118.57,92,118.58,14:03:56.619027494
103,118.57,92,118.58,14:03:56.619291078
103,118.57,93,118.58,14:03:56.628376373
103,118.57,94,118.58,14:03:56.628543057
103,118.57,95,118.58,14:03:56.628605700
103,118.57,94,118.58,14:03:56.637216215
103,118.57,96,118.58,14:03:56.696973735
108,118.57,96,118.58,14:03:57.556495988
108,118.57,95,118.58,14:03:57.597800574
105,118.57,95,118.58,14:03:57.641311423
105,118.57,92,118.58,14:03:57.661385057
105,118.57,90,118.58,14:03:57.661666084
105,118.57,91,118.58,14:03:57.667598169
105,118.57,92,118.58,14:03:57.667771163
105,118.57,88,118.58,14:03:58.155486743
106,118.57,88,118.58,14:03:58.361094132
113,118.57,88,118.58,14:04:00.067928155
113,118.57,87,118.58,14:04:00.068084149
113,118.57,86,118.58,14:04:00.068223371
113,118.57,85,118.58,14:04:00.068392587
113,118.57,83,118.58,14:04:00.068464366
113,118.57,78,118.58,14:04:00.082185354
113,118.57,79,118.58,14:04:00.089565286
113,118.57,81,118.58,14:04:00.089749142
113,118.57,83,118.58,14:04:00.089808691
114,118.57,83,118.58,14:04:00.349446031
114,118.57,81,118.58,14:04:00.438751768
115,118.57,81,118.58,14:04:00.608206639
115,118.57,85,118.58,14:04:00.675544647
115,118.57,88,118.58,14:04:00.675715668
115,118.57,84,118.58,14:04:00.746582530
115,118.57,88,118.58,14:04:00.747326664
114,118.57,88,118.58,14:04:00.747393938
114,118.57,89,118.58,14:04:00.747526411
112,118.57,89,118.58,14:04:00.747775966
105,118.57,89,118.58,14:04:00.755990173
105,118.57,85,118.58,14:04:00.757273465
105,118.57,89,118.58,14:04:00.794750183
105,118.57,90,118.58,14:04:00.794937552
105,118.57,86,118.58,14:04:00.800994594
105,118.57,90,118.58,14:04:00.801852551
105,118.57,93,118.58,14:04:00.802024983
105,118.57,95,118.58,14:04:00.802198740
103,118.57,95,118.58,14:04:00.802357636
100,118.57,95,118.58,14:04:00.803092736
100,118.57,91,118.58,14:04:00.824432081
100,118.57,95,118.58,14:04:00.941882438
81,118.57,95,118.58,14:04:01.761283665
81,118.57,105,118.58,14:04:01.761452321
70,118.57,105,118.58,14:04:01.761626737
66,118.57,105,118.58,14:04:02.055719579
66,118.57,108,118.58,14:04:04.466277184
69,118.57,108,118.58,14:04:07.737287941
75,118.57,108,118.58,14:04:09.811833717
75,118.57,105,118.58,14:04:09.975658865
75,118.57,104,118.58,14:04:10.006199142
75,118.57,103,118.58,14:04:10.006335918
75,118.57,93,118.58,14:04:10.006398577
75,118.57,90,118.58,14:04:10.006474337
75,118.57,87,118.58,14:04:10.006646718
77,118.57,87,118.58,14:04:10.007106388
83,118.57,87,118.58,14:04:10.007277825
91,118.57,87,118.58,14:04:10.007478429
96,118.57,87,118.58,14:04:10.007614701
96,118.57,85,118.58,14:04:10.007715005
96,118.57,81,118.58,14:04:10.007862992
96,118.57,85,118.58,14:04:10.008121459
103,118.57,85,118.58,14:04:10.014123204
97,118.57,85,118.58,14:04:10.060939057
97,118.57,81,118.58,14:04:10.283610765
107,118.57,81,118.58,14:04:10.415251034
108,118.57,81,118.58,14:04:10.415604369
108,118.57,85,118.58,14:04:10.497869063
108,118.57,86,118.58,14:04:10.498049837
107,118.57,86,118.58,14:04:10.498918444
100,118.57,86,118.58,14:04:10.506241862
100,118.57,82,118.58,14:04:10.971984161
100,118.57,81,118.58,14:04:11.033152257
101,118.57,81,118.58,14:04:15.091194348
102,118.57,81,118.58,14:04:15.091543455
101,118.57,81,118.58,14:04:15.295954346
101,118.57,89,118.58,14:04:15.698511470
101,118.57,95,118.58,14:04:15.698728711
96,118.57,95,118.58,14:04:18.918162902
86,118.57,95,118.58,14:04:18.918334331
86,118.57,105,118.58,14:04:18.918503292
86,118.57,108,118.58,14:04:18.918683535
88,118.57,108,118.58,14:04:18.947297604
88,118.57,105,118.58,14:04:20.071022656
88,118.57,95,118.58,14:04:20.071175394
88,118.57,89,118.58,14:04:20.072397237
88,118.57,99,118.58,14:04:20.770726014
88,118.57,106,118.58,14:04:20.770904023
88,118.57,96,118.58,14:04:23.197850031
88,118.57,89,118.58,14:04:23.323578598
88,118.57,83,118.58,14:04:23.428666735
89,118.57,83,118.58,14:04:23.652919996
91,118.57,83,118.58,14:04:23.801055106
91,118.57,93,118.58,14:04:26.219343465
91,118.57,99,118.58,14:04:26.219612345
83,118.57,99,118.58,14:04:26.292168477
83,118.57,119,118.58,14:04:26.292317376
83,118.57,121,118.58,14:04:26.292511223
91,118.57,121,118.58,14:04:26.945727990
91,118.57,119,118.58,14:04:26.951053850
83,118.57,119,118.58,14:04:28.001370138
83,118.57,113,118.58,14:04:28.001931450
83,118.57,107,118.58,14:04:29.663785935
83,118.57,97,118.58,14:04:29.664056054
84,118.57,97,118.58,14:04:29.664214991
92,118.57,97,118.58,14:04:29.664214991
92,118.57,77,118.58,14:04:29.664317701
91,118.57,77,118.58,14:04:29.723317380
91,118.57,87,118.58,14:04:29.723486122
91,118.57,92,118.58,14:04:29.723652570
91,118.57,91,118.58,14:04:29.734209998
90,118.57,91,118.58,14:04:29.804588538
91,118.57,91,118.58,14:04:29.819513517
91,118.57,81,118.58,14:04:29.874573436
92,118.57,81,118.58,14:04:30.301393648
92,118.57,80,118.58,14:04:30.357329727
92,118.57,84,118.58,14:04:31.439225039
92,118.57,88,118.58,14:04:31.439403060
82,118.57,88,118.58,14:04:34.520519865
82,118.57,84,118.58,14:04:34.520682092
86,118.57,84,118.58,14:04:35.125922474
82,118.57,84,118.58,14:04:35.198618501
90,118.57,84,118.58,14:04:36.009860794
100,118.57,84,118.58,14:04:36.021546932
108,118.57,84,118.58,14:04:36.026107392
108,118.57,80,118.58,14:04:36.026356294
108,118.57,75,118.58,14:04:36.150164198
129,118.57,75,118.58,14:04:36.221122082
129,118.57,74,118.58,14:04:36.221270040
131,118.57,74,118.58,14:04:36.221342507
131,118.57,72,118.58,14:04:36.221342507
131,118.57,71,118.58,14:04:36.221410971
131,118.57,63,118.58,14:04:36.221609476
132,118.57,63,118.58,14:04:36.232881909
132,118.57,62,118.58,14:04:36.232957915
132,118.57,61,118.58,14:04:36.315854685
132,118.57,59,118.58,14:04:36.315921924
132,118.57,58,118.58,14:04:36.316043783
132,118.57,59,118.58,14:04:37.423643945
132,118.57,64,118.58,14:04:37.423891819
132,118.57,66,118.58,14:04:39.539237278
132,118.57,67,118.58,14:04:39.539442196
132,118.57,68,118.58,14:04:39.539606401
126,118.57,68,118.58,14:04:39.979132739
126,118.57,67,118.58,14:04:40.562708686
131,118.57,67,118.58,14:04:40.562838654
131,118.57,66,118.58,14:04:40.562990366
131,118.57,68,118.58,14:04:41.770519086
131,118.57,69,118.58,14:04:41.770665528
131,118.57,73,118.58,14:04:41.770739966
132,118.57,73,118.58,14:04:41.792576517
132,118.57,74,118.58,14:04:41.803099958
132,118.57,75,118.58,14:04:41.806924508
132,118.57,74,118.58,14:04:42.639072360
132,118.57,70,118.58,14:04:43.100297620
132,118.57,66,118.58,14:04:44.461914828
132,118.57,65,118.58,14:04:44.461981061
140,118.57,65,118.58,14:04:44.461996251
141,118.57,65,118.58,14:04:44.461996251
154,118.57,65,118.58,14:04:44.461996251
154,118.57,63,118.58,14:04:44.461996251
154,118.57,61,118.58,14:04:44.462092456
154,118.57,58,118.58,14:04:44.462092456
154,118.57,51,118.58,14:04:44.462110152
154,118.57,50,118.58,14:04:44.462110152
154,118.57,49,118.58,14:04:44.462110152
154,118.57,48,118.58,14:04:44.462110152
163,118.57,48,118.58,14:04:44.462110152
165,118.57,48,118.58,14:04:44.462461679
165,118.57,47,118.58,14:04:44.462461679
165,118.57,7,118.58,14:04:44.462603963
165,118.57,6,118.58,14:04:44.462603963
165,118.57,5,118.58,14:04:44.462603963
165,118.57,244,118.59,14:04:44.462603963
19,118.58,244,118.59,14:04:44.462603963
20,118.58,244,118.59,14:04:44.462702770
17,118.58,244,118.59,14:04:44.463394996
18,118.58,244,118.59,14:04:44.463394996
26,118.58,244,118.59,14:04:44.463561501
26,118.58,226,118.59,14:04:44.463561501
27,118.58,226,118.59,14:04:44.463561501
26,118.58,226,118.59,14:04:44.463561501
36,118.58,226,118.59,14:04:44.463561501
44,118.58,226,118.59,14:04:44.463561501
28,118.58,226,118.59,14:04:44.463658522
28,118.58,225,118.59,14:04:44.463658522
28,118.58,223,118.59,14:04:44.463658522
27,118.58,223,118.59,14:04:44.463758420
27,118.58,231,118.59,14:04:44.463855693
27,118.58,236,118.59,14:04:44.463870058
26,118.58,236,118.59,14:04:44.464204720
29,118.58,236,118.59,14:04:44.464725098
26,118.58,236,118.59,14:04:44.465173888
27,118.58,236,118.59,14:04:44.465188147
28,118.58,236,118.59,14:04:44.465188147
36,118.58,236,118.59,14:04:44.465283135
37,118.58,236,118.59,14:04:44.465303167
39,118.58,236,118.59,14:04:44.465663269
38,118.58,236,118.59,14:04:44.465751922
46,118.58,236,118.59,14:04:44.465940229
44,118.58,236,118.59,14:04:44.465940229
36,118.58,236,118.59,14:04:44.466392203
28,118.58,236,118.59,14:04:44.466469167
31,118.58,236,118.59,14:04:44.466548875
33,118.58,236,118.59,14:04:44.466908427
33,118.58,234,118.59,14:04:44.471497588
25,118.58,234,118.59,14:04:44.473749947
15,118.58,234,118.59,14:04:44.473749947
7,118.58,234,118.59,14:04:44.473870677
6,118.58,234,118.59,14:04:44.473899807
5,118.58,234,118.59,14:04:44.473899807
2,118.58,234,118.59,14:04:44.473899807
174,118.57,234,118.59,14:04:44.473899807
174,118.57,2,118.58,14:04:44.473899807
175,118.57,2,118.58,14:04:44.473899807
174,118.57,2,118.58,14:04:44.474417016
174,118.57,234,118.59,14:04:44.474437205
174,118.57,226,118.59,14:04:44.474437205
175,118.57,226,118.59,14:04:44.474437205
175,118.57,221,118.59,14:04:44.474536235
175,118.57,1,118.58,14:04:44.474558145
175,118.57,5,118.58,14:04:44.474558145
176,118.57,5,118.58,14:04:44.475286551
176,118.57,4,118.58,14:04:44.475319316
175,118.57,4,118.58,14:04:44.475477118
157,118.57,4,118.58,14:04:44.475498333
157,118.57,2,118.58,14:04:44.475519626
157,118.57,226,118.59,14:04:44.475519626
1,118.58,226,118.59,14:04:44.475674151
157,118.57,226,118.59,14:04:44.475689844
156,118.57,226,118.59,14:04:44.475893942
174,118.57,226,118.59,14:04:44.475893942
176,118.57,226,118.59,14:04:44.475926781
183,118.57,226,118.59,14:04:44.475926781
1,118.58,226,118.59,14:04:44.475942666
183,118.57,226,118.59,14:04:44.476345206
1,118.58,226,118.59,14:04:44.476364038
183,118.57,226,118.59,14:04:44.476364038
183,118.57,22,118.58,14:04:44.476364038
181,118.57,22,118.58,14:04:44.476726814
181,118.57,21,118.58,14:04:44.476746390
181,118.57,226,118.59,14:04:44.477146124
183,118.57,226,118.59,14:04:44.477467103
1,118.58,226,118.59,14:04:44.477485858
3,118.58,226,118.59,14:04:44.477742405
4,118.58,226,118.59,14:04:44.477742405
5,118.58,226,118.59,14:04:44.477742405
6,118.58,226,118.59,14:04:44.478447880
5,118.58,226,118.59,14:04:44.479783229
7,118.58,226,118.59,14:04:44.480408205
5,118.58,226,118.59,14:04:44.481188806
6,118.58,226,118.59,14:04:44.482594993
8,118.58,226,118.59,14:04:44.482996190
16,118.58,226,118.59,14:04:44.484031603
23,118.58,226,118.59,14:04:44.484540137
24,118.58,226,118.59,14:04:44.485152335
22,118.58,226,118.59,14:04:44.488125798
21,118.58,226,118.59,14:04:44.488266576
21,118.58,225,118.59,14:04:44.490677275
22,118.58,225,118.59,14:04:44.490866363
24,118.58,225,118.59,14:04:44.490946929
23,118.58,225,118.59,14:04:44.491068513
24,118.58,225,118.59,14:04:44.533996011
34,118.58,225,118.59,14:04:44.534183908
40,118.58,225,118.59,14:04:44.534253569
49,118.58,225,118.59,14:04:44.644467501
53,118.58,225,118.59,14:04:44.644640221
54,118.58,225,118.59,14:04:44.665030582
60,118.58,225,118.59,14:04:44.686481482
61,118.58,225,118.59,14:04:44.722371345
61,118.58,223,118.59,14:04:44.722529674
64,118.58,223,118.59,14:04:44.778846086
64,118.58,222,118.59,14:04:45.009508165
64,118.58,219,118.59,14:04:45.009578197
65,118.58,219,118.59,14:04:45.009691264
66,118.58,219,118.59,14:04:45.009829881
65,118.58,219,118.59,14:04:45.015804910
64,118.58,219,118.59,14:04:45.015942382
64,118.58,218,118.59,14:04:45.043665405
67,118.58,218,118.59,14:04:45.043839965
75,118.58,218,118.59,14:04:45.043950122
86,118.58,218,118.59,14:04:45.044050602
86,118.58,211,118.59,14:04:45.044050602
87,118.58,211,118.59,14:04:45.044123085
84,118.58,211,118.59,14:04:45.044202631
83,118.58,211,118.59,14:04:45.044274291
83,118.58,210,118.59,14:04:45.069166123
84,118.58,210,118.59,14:04:45.072131574
85,118.58,210,118.59,14:04:45.096990962
86,118.58,210,118.59,14:04:45.167003855
87,118.58,210,118.59,14:04:45.361089947
88,118.58,210,118.59,14:04:45.368473057
87,118.58,210,118.59,14:04:45.368658900
86,118.58,210,118.59,14:04:45.375321375
85,118.58,210,118.59,14:04:45.375562421
86,118.58,210,118.59,14:04:45.375755269
87,118.58,210,118.59,14:04:45.375966037
88,118.58,210,118.59,14:04:45.380043176
87,118.58,210,118.59,14:04:45.380159336
88,118.58,210,118.59,14:04:45.386330681
87,118.58,210,118.59,14:04:45.386474358
87,118.58,189,118.59,14:04:45.387744418
87,118.58,180,118.59,14:04:45.387909713
87,118.58,178,118.59,14:04:45.388057048
88,118.58,178,118.59,14:04:45.391494613
87,118.58,178,118.59,14:04:45.391652974
87,118.58,168,118.59,14:04:45.393215891
88,118.58,168,118.59,14:04:45.393772707
87,118.58,168,118.59,14:04:45.394402127
87,118.58,148,118.59,14:04:45.394531877
87,118.58,146,118.59,14:04:45.394729458
88,118.58,146,118.59,14:04:45.397506048
108,118.58,146,118.59,14:04:45.397846576
107,118.58,146,118.59,14:04:45.397929874
87,118.58,146,118.59,14:04:45.448999491
87,118.58,148,118.59,14:04:45.449157392
79,118.58,148,118.59,14:04:45.451004309
78,118.58,148,118.59,14:04:45.451239236
79,118.58,148,118.59,14:04:45.451744115
79,118.58,150,118.59,14:04:45.451744115
79,118.58,152,118.59,14:04:45.451873255
75,118.58,152,118.59,14:04:45.452380343
74,118.58,152,118.59,14:04:45.455348830
73,118.58,152,118.59,14:04:45.455492750
72,118.58,152,118.59,14:04:45.455568180
75,118.58,152,118.59,14:04:45.456676214
72,118.58,152,118.59,14:04:45.459148477
73,118.58,152,118.59,14:04:45.459386730
75,118.58,152,118.59,14:04:45.459462695
76,118.58,152,118.59,14:04:45.460692707
74,118.58,152,118.59,14:04:45.461633913
76,118.58,152,118.59,14:04:45.461867848
74,118.58,152,118.59,14:04:45.462911329
75,118.58,152,118.59,14:04:45.463404916
74,118.58,152,118.59,14:04:45.464759996
73,118.58,152,118.59,14:04:45.464910409
76,118.58,152,118.59,14:04:45.471556333
73,118.58,152,118.59,14:04:45.475025626
76,118.58,152,118.59,14:04:45.519018738
73,118.58,152,118.59,14:04:45.520669959
75,118.58,152,118.59,14:04:45.523033596
76,118.58,152,118.59,14:04:45.523175093
75,118.58,152,118.59,14:04:45.593876676
73,118.58,152,118.59,14:04:45.594174288
73,118.58,153,118.59,14:04:45.603718214
73,118.58,155,118.59,14:04:45.631906589
73,118.58,160,118.59,14:04:45.635689201
73,118.58,162,118.59,14:04:45.644449530
73,118.58,163,118.59,14:04:45.687780812
67,118.58,163,118.59,14:04:45.897423332
70,118.58,163,118.59,14:04:47.445282856
70,118.58,161,118.59,14:04:47.605698450
73,118.58,161,118.59,14:04:47.750979621
74,118.58,161,118.59,14:04:48.087075434
76,118.58,161,118.59,14:04:48.087203690
75,118.58,161,118.59,14:04:48.087275907
83,118.58,161,118.59,14:04:48.087352707
81,118.58,161,118.59,14:04:48.087423193
82,118.58,161,118.59,14:04:48.087497046
83,118.58,161,118.59,14:04:48.091155530
84,118.58,161,118.59,14:04:48.091299651
83,118.58,161,118.59,14:04:48.091512857
82,118.58,161,118.59,14:04:48.091696508
