price,volume,timestamp
118.57,8,14:00:03.263223700
118.57,3,14:00:03.263248048
118.57,1,14:00:03.263248048
118.58,12,14:00:09.303140542
118.58,2,14:00:09.303221144
118.58,1,14:00:09.303686154
118.58,6,14:00:09.303686154
118.58,1,14:00:09.303916846
118.58,1,14:00:09.303930932
118.58,1,14:00:09.303945252
118.58,15,14:00:09.303945252
118.58,2,14:00:09.303945252
118.58,2,14:00:09.303959355
118.58,1,14:00:09.303959355
118.58,40,14:00:09.303976062
118.58,1,14:00:09.303976062
118.58,2,14:00:09.303976062
118.58,50,14:00:09.303976062
118.58,1,14:00:09.303989418
118.58,8,14:00:09.304462413
118.58,2,14:00:09.305734598
118.58,14,14:00:09.305750639
118.58,2,14:00:09.332249025
118.58,1,14:00:09.819276064
118.58,1,14:00:19.969739102
118.58,2,14:00:21.246157196
118.58,1,14:00:21.246233983
118.58,4,14:00:21.246989609
118.58,1,14:00:21.247132210
118.58,2,14:00:21.247132210
118.58,1,14:00:21.247257445
118.58,1,14:00:27.503472062
118.58,3,14:00:27.503472062
118.58,5,14:00:27.504456307
118.58,4,14:00:27.504557361
118.58,6,14:00:27.504786878
118.58,2,14:00:27.505538176
118.58,4,14:00:27.505866137
118.58,20,14:00:27.506177676
118.58,4,14:00:27.506386889
118.58,4,14:00:27.506411871
118.58,8,14:00:27.506411871
118.58,1,14:00:27.506411871
118.59,2,14:00:27.547472080
118.59,1,14:00:27.547565436
118.58,8,14:00:28.032942647
118.58,10,14:00:28.033135308
118.58,8,14:00:28.033149974
118.58,3,14:00:28.033149974
118.58,2,14:00:28.033149974
118.58,2,14:00:28.033164403
118.58,1,14:00:28.033164403
118.58,1,14:00:28.033178749
118.58,1,14:00:28.033193667
118.58,3,14:00:28.033193667
118.58,3,14:00:28.033208135
118.58,11,14:00:28.033221606
118.58,1,14:00:28.033407283
118.58,2,14:00:28.033421027
118.58,1,14:00:28.033442742
118.58,2,14:00:28.033466857
118.58,4,14:00:28.033482364
118.57,1,14:00:28.033496166
118.57,1,14:00:28.033514150
118.57,2,14:00:28.033527699
118.57,1,14:00:28.033552444
118.57,1,14:00:28.033575734
118.57,1,14:00:28.033598159
118.57,1,14:00:28.033613366
118.57,2,14:00:28.033627887
118.57,1,14:00:28.033644934
118.57,4,14:00:28.033661554
118.57,4,14:00:28.033676598
118.57,1,14:00:28.034012473
118.57,1,14:00:28.034031215
118.57,1,14:00:28.034045263
118.57,1,14:00:28.034059074
118.57,1,14:00:28.034072645
118.57,5,14:00:28.034085999
118.57,1,14:00:28.034101698
118.57,6,14:00:28.034129525
118.58,1,14:00:28.056636052
118.58,1,14:00:28.176252390
118.58,1,14:00:40.179948064
118.58,1,14:00:40.180371743
118.58,2,14:00:40.180682720
118.58,1,14:00:40.180682720
118.58,1,14:00:40.191596710
118.58,1,14:00:40.191684755
118.58,1,14:01:24.694124667
118.58,3,14:01:27.797850098
118.58,2,14:01:35.044792655
118.58,1,14:01:35.044856853
118.58,1,14:01:35.234773697
118.57,2,14:01:35.393134202
118.57,1,14:01:35.393148717
118.57,23,14:01:35.393273987
118.57,1,14:01:35.393293955
118.57,1,14:01:35.393318259
118.57,4,14:01:35.393318259
118.57,12,14:01:35.393318259
118.58,1,14:01:35.612085872
118.58,1,14:01:35.612177341
118.57,1,14:01:35.830066875
118.57,7,14:02:08.644003876
118.57,10,14:02:08.644114452
118.58,3,14:02:08.678815893
118.58,1,14:02:10.089139685
118.57,1,14:02:24.196977313
118.57,2,14:02:24.196977313
118.57,10,14:02:24.197461582
118.57,1,14:02:24.197461582
118.57,1,14:02:24.197671158
118.57,1,14:02:24.197684781
118.57,1,14:02:24.197698739
118.57,1,14:02:24.197714934
118.57,1,14:02:24.197737648
118.57,5,14:02:24.197757638
118.57,10,14:02:24.197780829
118.57,10,14:02:24.197799718
118.57,2,14:02:24.197814106
118.57,1,14:02:24.197814106
118.57,1,14:02:24.197832621
118.57,8,14:02:24.197855005
118.57,1,14:02:24.197911296
118.57,1,14:02:24.197932105
118.57,6,14:02:24.197952384
118.57,2,14:02:24.197969821
118.57,1,14:02:24.197984153
118.57,1,14:02:24.197997868
118.57,1,14:02:24.198011587
118.57,2,14:02:24.198037811
118.57,1,14:02:24.198056716
118.57,1,14:02:24.198070473
118.57,1,14:02:24.198106179
118.57,1,14:02:24.208899491
118.57,1,14:02:24.208995300
118.57,4,14:02:24.242027109
118.57,27,14:02:24.242027109
118.57,4,14:02:24.242153045
118.57,2,14:02:24.242177039
118.57,1,14:02:24.242177039
118.57,8,14:02:24.242177039
118.57,1,14:02:24.242387538
118.57,2,14:02:24.242429294
118.57,6,14:02:24.242573182
118.57,5,14:02:24.242573182
118.57,1,14:02:24.243106494
118.57,1,14:02:24.253349932
118.57,2,14:02:24.253575314
118.57,2,14:02:24.261442559
118.57,1,14:02:24.261657164
118.57,1,14:02:24.289033464
118.56,1,14:02:36.725201215
118.56,1,14:02:36.725230963
118.56,8,14:02:36.725230963
118.56,1,14:02:36.725474533
118.56,3,14:02:36.725784809
118.56,1,14:02:36.726105777
118.56,1,14:02:36.726142526
118.56,7,14:02:36.726142526
118.56,2,14:02:36.726142526
118.56,9,14:02:36.726142526
118.56,3,14:02:36.726733550
118.56,1,14:02:36.726733550
118.56,4,14:02:36.726761316
118.56,1,14:02:36.726761316
118.56,2,14:02:36.726761316
118.56,1,14:02:36.727486461
118.56,2,14:02:36.727486461
118.56,1,14:02:36.728673078
118.56,1,14:02:36.729103106
118.56,1,14:02:36.746220170
118.56,1,14:02:36.746310583
118.56,2,14:02:36.746326855
118.56,8,14:02:36.757221828
118.56,2,14:02:36.811389430
118.57,1,14:02:42.074599697
118.57,6,14:02:50.639459651
118.57,1,14:02:50.639459651
118.57,2,14:02:50.639459651
118.57,2,14:02:50.640016448
118.57,1,14:02:50.640016448
118.57,1,14:02:50.640148712
118.57,1,14:02:50.641007829
118.58,2,14:02:59.005910434
118.57,4,14:03:09.667318462
118.57,8,14:03:09.667318462
118.57,10,14:03:09.667421586
118.57,1,14:03:09.667421586
118.57,1,14:03:09.668381259
118.57,2,14:03:09.668400008
118.57,1,14:03:09.668400008
118.57,3,14:03:09.668515806
118.57,3,14:03:16.870966323
118.57,1,14:03:16.871055527
118.57,4,14:03:16.871055527
118.57,6,14:03:16.871237836
118.57,1,14:03:16.871237836
118.57,2,14:03:16.871237836
118.57,2,14:03:16.894994380
118.57,2,14:03:16.895571986
118.57,1,14:03:16.943459473
118.57,1,14:03:16.943539562
118.57,2,14:03:32.111130352
118.57,1,14:03:32.111130352
118.57,1,14:03:32.111237143
118.57,2,14:03:32.111582201
118.57,1,14:03:32.111582201
118.57,1,14:03:32.121830823
118.57,2,14:03:51.501288626
118.57,1,14:03:51.501321871
118.57,4,14:03:51.501321871
118.57,2,14:03:51.501321871
118.57,3,14:03:51.502332529
118.57,1,14:03:51.502573492
118.57,1,14:03:51.503439060
118.57,3,14:03:51.503439060
118.57,1,14:03:51.503462241
118.57,7,14:03:51.503462241
118.58,1,14:03:51.531573865
118.58,1,14:03:51.531587516
118.57,2,14:03:54.906187287
118.57,1,14:03:54.906201885
118.57,7,14:03:54.906301513
118.57,1,14:03:54.906301513
118.57,2,14:03:54.906301513
118.57,1,14:03:54.906315869
118.58,3,14:03:57.661385057
118.58,6,14:04:23.428666735
118.58,6,14:04:29.663785935
118.58,1,14:04:29.734209998
118.58,1,14:04:30.357329727
118.58,7,14:04:44.462110152
118.58,1,14:04:44.462603963
118.58,5,14:04:44.462603963
118.58,40,14:04:44.462603963
118.58,3,14:04:44.463394996
118.58,10,14:04:44.473749947
118.58,8,14:04:44.473749947
118.58,8,14:04:44.473870677
118.58,3,14:04:44.473899807
118.58,1,14:04:44.473899807
118.58,2,14:04:44.473899807
118.58,2,14:04:44.474437205
118.58,2,14:04:44.475519626
118.58,1,14:04:44.475689844
118.58,1,14:04:44.476364038
118.58,1,14:04:44.476746390
118.58,21,14:04:44.477146124
118.59,1,14:04:44.490677275
118.59,1,14:04:45.043665405
118.59,1,14:04:59.672848840
118.59,1,14:05:11.792325768
118.59,1,14:05:20.565303725
118.59,6,14:05:22.524623242
118.59,1,14:05:25.538450944
118.58,2,14:05:38.139894098
118.58,1,14:05:38.139894098
118.58,6,14:05:38.139908370
118.58,3,14:05:38.140035532
118.58,2,14:05:38.140035532
118.58,3,14:05:38.140780289
118.58,1,14:05:38.141540283
118.58,2,14:05:38.141554218
118.58,9,14:05:38.141568827
118.58,1,14:05:38.141568827
118.58,1,14:05:38.141583959
118.58,6,14:05:38.142063648
118.58,3,14:05:38.142063648
118.58,1,14:05:38.142228509
118.58,1,14:05:38.142241891
118.58,3,14:05:38.142256435
118.58,2,14:05:38.142256435
118.58,5,14:05:38.142270128
118.58,5,14:05:38.142285824
118.58,1,14:05:38.142285824
118.58,2,14:05:38.142316784
118.58,5,14:05:38.142331565
118.58,1,14:05:38.142449491
118.58,1,14:05:38.142471987
118.58,1,14:05:38.142491347
118.58,1,14:05:38.142512617
118.58,8,14:05:38.142531216
118.58,1,14:05:38.142840339
118.58,16,14:05:38.143042470
118.58,1,14:05:38.143475945
118.58,3,14:05:38.143504240
118.58,1,14:05:38.143729014
118.58,5,14:05:38.143750515
118.58,2,14:05:38.143750515
118.58,2,14:05:38.143765298
118.58,1,14:05:38.144070761
118.58,1,14:05:38.144088831
118.58,4,14:05:38.144088831
118.59,1,14:06:00.176535757
118.59,1,14:06:01.168051425
118.59,10,14:06:01.168159988
118.59,1,14:06:01.168159988
118.59,1,14:06:10.279894949
118.59,10,14:06:18.160932089
118.59,1,14:06:18.563734391
118.59,1,14:06:19.188675828
118.59,1,14:06:19.441979563
118.59,1,14:06:21.264322812
118.59,1,14:06:35.181379156
118.58,7,14:06:35.771258326
118.58,1,14:06:35.771258326
118.58,2,14:06:35.771412553
118.58,1,14:06:35.771429961
118.58,3,14:06:35.771429961
118.58,26,14:06:35.771429961
118.58,1,14:06:35.771455990
118.58,5,14:06:35.771455990
118.59,1,14:06:35.819011814
118.59,1,14:06:36.819722069
118.59,1,14:06:41.124967839
118.59,1,14:06:45.045277287
118.59,2,14:06:46.803078249
118.59,1,14:06:46.803159308
118.59,7,14:06:46.846578633
118.59,2,14:06:55.179142588
118.59,1,14:07:07.913238873
118.59,4,14:07:08.168827827
118.59,7,14:07:08.168827827
118.59,1,14:07:10.363729007
118.59,1,14:07:13.872776422
118.59,8,14:07:25.896913792
118.59,1,14:07:31.797665141
118.58,1,14:07:53.738522581
118.58,1,14:07:53.738636464
118.58,2,14:07:53.739001075
118.58,1,14:07:53.739130997
118.58,1,14:07:53.740106276
118.58,1,14:07:53.740129803
118.58,1,14:07:53.740150919
118.58,8,14:07:53.740150919
118.58,3,14:07:53.740150919
118.58,1,14:07:53.740163383
118.58,1,14:07:53.740321214
118.58,2,14:07:53.740337031
118.58,1,14:07:53.740356817
118.58,1,14:07:53.740373793
118.58,1,14:07:53.740391124
118.58,10,14:07:53.740416954
118.58,1,14:07:53.740544472
118.58,1,14:07:53.740559293
118.58,1,14:07:53.740573594
118.58,2,14:07:53.740587732
118.58,5,14:07:53.740618599
118.58,4,14:07:53.740635764
118.58,2,14:07:53.740649818
118.58,1,14:07:53.740664046
118.58,3,14:07:53.740682557
118.58,3,14:07:53.740704465
118.58,2,14:07:53.740717943
118.58,5,14:07:53.740732413
118.58,2,14:07:53.740903825
118.58,1,14:07:53.740922877
118.58,1,14:07:53.740989230
118.58,2,14:07:53.741846425
118.58,12,14:07:53.742780844
118.58,1,14:07:53.742780844
118.58,3,14:07:53.743540513
118.58,1,14:07:53.743540513
118.58,2,14:07:53.744587386
118.58,5,14:07:53.744587386
118.58,1,14:07:53.744674093
118.58,1,14:07:53.754522802
118.58,1,14:07:53.754612210
118.58,2,14:07:53.754628050
118.58,3,14:07:53.763605502
118.58,4,14:07:53.764259844
118.58,2,14:07:53.765021444
118.58,6,14:07:53.768135870
118.58,1,14:07:53.768429757
118.58,1,14:07:53.778090370
118.58,3,14:07:53.786629521
118.58,1,14:07:53.788829004
118.58,3,14:07:53.820651074
118.58,1,14:07:53.820728613
118.58,1,14:07:53.873667264
118.58,1,14:08:01.652793229
118.58,1,14:08:01.652855743
118.58,2,14:08:01.653090034
118.58,4,14:08:01.653090034
118.58,1,14:08:01.653190227
118.58,11,14:08:01.654108910
118.58,8,14:08:01.654461266
118.58,2,14:08:01.654461266
118.58,1,14:08:01.654461266
118.58,3,14:08:01.673719320
118.58,1,14:08:01.673821809
118.58,8,14:08:01.673843473
118.58,1,14:08:01.673843473
118.58,2,14:08:01.673843473
118.58,1,14:08:01.674106251
118.58,3,14:08:01.674244794
118.58,2,14:08:01.674776819
118.58,2,14:08:01.678764455
118.58,1,14:08:01.776073956
118.58,2,14:08:02.014372105
118.58,1,14:08:12.014232902
118.58,1,14:08:12.014495362
118.58,1,14:08:12.014566709
118.58,1,14:08:22.013725902
118.58,1,14:08:30.199273439
118.58,4,14:08:30.199378809
118.58,1,14:08:30.199378809
118.58,24,14:08:30.200685195
118.58,4,14:08:30.212522148
118.58,1,14:08:30.213012009
118.58,5,14:08:30.213012009
118.58,2,14:08:30.213012009
118.58,1,14:08:30.213870322
118.58,2,14:08:30.217126080
118.58,3,14:08:30.225704844
118.58,2,14:08:30.249829085
118.58,4,14:08:30.249923864
118.58,2,14:08:30.249923864
118.59,1,14:08:32.014151730
118.59,1,14:08:40.689224893
118.59,1,14:08:49.842523879
118.59,1,14:08:52.013999773
118.59,1,14:08:54.016557616
118.59,1,14:08:55.872149424
118.59,1,14:09:00.937172536
118.58,1,14:09:01.071029276
118.59,2,14:09:36.785677256
118.59,6,14:09:38.102200005
118.59,1,14:09:45.917376780
118.59,1,14:09:56.571818647
118.58,8,14:10:15.159916096
118.58,1,14:10:15.159916096
118.58,1,14:10:15.159998359
118.59,7,14:10:30.991241385
118.58,1,14:10:46.601476847
118.58,8,14:10:46.601563560
118.58,1,14:10:46.601563560
118.58,4,14:10:46.601985121
118.58,1,14:10:46.601985121
118.58,1,14:10:46.602112529
118.58,2,14:10:46.602138421
118.58,1,14:10:46.602138421
118.58,4,14:10:46.602138421
118.58,7,14:10:46.602138421
118.58,4,14:10:46.602383076
118.58,4,14:10:46.602502308
118.58,1,14:10:46.602502308
118.58,2,14:10:46.602578648
118.58,4,14:10:46.603124918
118.58,2,14:10:46.603124918
118.58,8,14:10:46.603285808
118.58,1,14:10:46.603307517
118.58,11,14:10:46.603307517
118.58,2,14:10:46.603307517
118.58,1,14:10:46.613028469
118.58,2,14:10:46.628952823
118.58,2,14:10:46.629386644
118.58,8,14:10:46.629386644
118.58,2,14:10:46.629830717
118.58,1,14:10:46.632110033
118.58,1,14:10:46.640510058
118.58,1,14:10:46.643617025
118.58,2,14:10:46.645689366
118.58,2,14:10:46.646648252
118.58,3,14:10:53.694603131
118.58,1,14:10:53.694881225
118.58,8,14:10:53.695316318
118.58,1,14:10:53.695316318
118.58,2,14:10:53.695316318
118.58,7,14:10:53.695316318
118.58,4,14:10:53.695316318
118.58,3,14:10:53.695640721
118.58,1,14:10:53.696041339
118.58,8,14:10:53.696420423
118.58,2,14:10:53.696740522
118.58,1,14:10:53.696740522
118.58,11,14:10:53.697140624
118.58,1,14:10:53.697140624
118.58,2,14:10:53.697537440
118.58,2,14:10:53.748163263
118.58,3,14:10:57.555885645
118.58,1,14:10:57.555982057
118.58,4,14:10:57.555999161
118.58,1,14:10:57.555999161
118.58,1,14:10:58.306104913
118.58,6,14:10:58.306238707
118.58,1,14:10:58.306270404
118.58,2,14:10:58.306270404
118.58,6,14:10:58.306270404
118.58,4,14:10:58.306270404
118.58,1,14:10:58.306766368
118.58,1,14:10:58.348530070
118.58,2,14:11:00.705247545
118.58,1,14:11:00.705419183
118.58,1,14:11:00.705441961
118.58,29,14:11:00.705441961
118.58,1,14:11:00.705466336
118.58,3,14:11:00.705466336
118.58,2,14:11:00.705466336
118.58,26,14:11:00.705466336
118.58,2,14:11:00.705983350
118.58,13,14:11:00.706123439
118.58,2,14:11:00.706684315
118.59,9,14:11:15.898427418
118.59,2,14:11:15.898444250
118.59,1,14:11:15.898444250
118.59,1,14:11:15.898773036
118.59,4,14:11:15.898872404
118.59,1,14:11:15.898872404
118.59,30,14:11:15.898979031
118.59,2,14:11:15.898979031
118.59,50,14:11:15.899436409
118.59,13,14:11:15.899436409
118.59,1,14:11:15.899451120
118.59,2,14:11:15.899467027
118.59,1,14:11:15.899467027
118.59,1,14:11:15.899486432
118.59,1,14:11:15.899603858
118.59,1,14:11:15.899674112
118.59,2,14:11:15.899924287
118.59,8,14:11:15.900145456
118.59,7,14:11:15.900145456
118.59,1,14:11:15.900783711
118.59,3,14:11:15.900783711
118.59,2,14:11:15.900801916
118.59,1,14:11:15.900801916
118.59,12,14:11:15.900814255
118.59,1,14:11:15.900814255
118.59,3,14:11:15.901004165
118.59,6,14:11:15.901019935
118.59,1,14:11:15.901059032
118.59,4,14:11:15.901059032
118.59,4,14:11:15.902105688
118.59,3,14:11:15.902105688
118.59,1,14:11:15.910493626
118.59,1,14:11:15.910514324
118.59,2,14:11:15.910528851
118.59,1,14:11:15.910528851
118.59,8,14:11:15.910528851
118.59,2,14:11:15.910685472
118.59,9,14:11:15.910699046
118.59,4,14:11:15.910712704
118.59,4,14:11:15.910732284
118.59,3,14:11:15.911519241
118.59,4,14:11:15.911519241
118.59,8,14:11:15.911519241
118.59,8,14:11:15.911929736
118.59,2,14:11:15.912543832
118.59,2,14:11:15.913157597
118.59,1,14:11:15.913157597
118.59,10,14:11:15.913157597
118.59,8,14:11:15.913157597
118.59,4,14:11:15.913689268
118.59,9,14:11:15.915104531
118.59,4,14:11:15.916732571
118.59,1,14:11:15.920123855
118.59,1,14:11:15.926083917
118.59,11,14:11:15.927002901
118.59,11,14:11:15.927472194
118.59,1,14:11:15.928528875
118.59,1,14:11:15.928983377
118.59,4,14:11:15.928983377
118.59,1,14:11:15.929366439
118.59,1,14:11:15.931012726
118.59,1,14:11:15.933794493
118.59,1,14:11:15.933905264
118.59,4,14:11:15.933921155
118.59,2,14:11:15.933921155
118.59,7,14:11:15.933921155
118.59,3,14:11:15.934474464
118.59,1,14:11:15.943808152
118.59,1,14:11:15.943911729
118.59,1,14:11:15.943931511
118.59,9,14:11:15.943931511
118.59,1,14:11:15.944325560
118.59,11,14:11:15.946372006
118.59,1,14:11:15.946465016
118.59,1,14:11:15.946481068
118.59,4,14:11:15.948020545
118.59,1,14:11:15.949009495
118.59,1,14:11:15.954148278
118.59,2,14:11:16.002847309
118.59,1,14:11:16.017945715
118.59,2,14:11:19.369354028
118.6,1,14:11:24.990243415
118.6,5,14:11:29.074178615
118.6,1,14:11:30.149263443
118.6,9,14:11:32.330001967
118.59,1,14:11:36.577560063
118.6,26,14:11:40.199264005
118.6,8,14:11:40.199277982
118.6,27,14:11:40.199584818
118.6,2,14:11:40.199819278
118.6,3,14:11:40.199819278
118.6,8,14:11:40.199919925
118.6,8,14:11:40.201068602
118.6,4,14:11:40.202189807
118.6,15,14:11:40.202189807
118.6,1,14:11:40.203091896
118.6,1,14:11:40.203120847
118.6,4,14:11:40.203149733
118.6,1,14:11:40.203149733
118.6,1,14:11:40.206296511
118.6,2,14:11:40.222988178
118.6,16,14:11:40.222988178
118.6,16,14:11:40.223415374
118.6,1,14:11:40.228397504
118.6,3,14:11:40.228969949
118.6,15,14:11:40.241588572
118.6,1,14:11:40.242039954
118.6,1,14:11:40.242053499
118.6,1,14:11:40.242150427
118.6,1,14:11:40.259079153
118.6,2,14:11:40.281515601
118.6,1,14:11:40.281515601
118.6,2,14:11:40.281608088
118.6,1,14:11:40.281623041
118.6,13,14:11:40.281623041
118.6,7,14:11:40.281623041
118.6,1,14:11:40.447227114
118.6,3,14:11:41.642093085
118.6,6,14:11:41.642093085
118.59,1,14:11:45.383365756
118.6,2,14:11:49.093127869
118.59,2,14:11:49.953212246
118.59,2,14:11:49.953392768
118.59,1,14:11:49.953392768
118.59,1,14:11:49.954339803
118.59,4,14:11:49.954353689
118.59,1,14:11:49.954368107
118.59,1,14:11:49.954381929
118.59,4,14:11:49.954381929
118.59,1,14:11:49.954398891
118.59,1,14:11:49.954415432
118.59,4,14:11:49.954437119
118.59,7,14:11:49.954456731
118.59,2,14:11:49.954481176
118.59,10,14:11:49.954501653
118.59,1,14:11:49.954521733
118.59,1,14:11:49.954538815
118.59,1,14:11:49.954557711
118.59,5,14:11:49.954572056
118.59,1,14:11:49.954593876
118.59,3,14:11:49.954892757
118.59,9,14:11:49.954935419
118.59,3,14:11:49.955014501
118.59,3,14:11:49.955622566
118.59,1,14:11:49.955637520
118.59,1,14:11:49.955651424
118.59,1,14:11:49.955679796
118.59,1,14:11:49.955695879
118.59,2,14:11:49.955723256
118.59,1,14:11:49.955737918
118.59,1,14:11:49.956162612
118.59,1,14:11:49.956426798
118.59,3,14:11:49.956531375
118.59,1,14:11:49.956531375
118.59,1,14:11:49.956566729
118.59,4,14:11:49.956765008
118.59,22,14:11:49.957375670
118.59,4,14:11:51.429582369
118.59,1,14:11:51.429582369
118.59,2,14:11:51.429663864
118.59,1,14:11:51.429663864
118.59,2,14:11:51.430414853
118.59,1,14:11:51.431124756
118.59,4,14:11:51.431584332
118.59,1,14:11:51.431896551
118.59,1,14:11:51.431949229
118.59,1,14:11:51.432387174
118.59,1,14:11:51.433076127
118.59,4,14:11:51.434176849
118.59,1,14:11:51.434743659
118.59,1,14:11:51.434761565
118.59,1,14:11:51.435365536
118.59,3,14:11:52.478142808
118.59,1,14:11:52.478142808
118.59,1,14:11:52.478428251
118.59,1,14:11:52.478460066
118.59,2,14:11:52.478460066
118.59,8,14:11:52.478460066
118.59,9,14:11:52.478460066
118.59,1,14:11:52.478616757
118.59,1,14:11:52.479510477
118.59,1,14:11:52.479854506
118.59,4,14:11:52.479964631
118.59,1,14:11:52.479981408
118.59,8,14:11:52.480373133
118.59,7,14:11:52.539239808
118.59,1,14:11:52.621634374
118.59,1,14:11:52.784366188
118.59,3,14:11:52.784366188
118.59,6,14:11:52.784428800
118.59,1,14:11:52.785424783
118.59,7,14:11:52.785492334
118.59,1,14:11:54.965883024
118.59,7,14:11:54.965959997
118.59,1,14:11:54.966192781
118.59,1,14:11:54.966300582
118.59,2,14:11:54.967481356
118.59,1,14:11:54.968137681
118.59,1,14:12:01.659305142
118.59,8,14:12:01.659305142
118.59,1,14:12:01.660340022
118.59,1,14:12:01.733768106
118.59,1,14:12:01.735366924
118.59,1,14:12:01.735494111
118.59,1,14:12:01.934886738
118.59,4,14:12:01.935579447
118.59,1,14:12:01.936021887
118.59,3,14:12:01.936049974
118.6,1,14:12:02.013905390
118.6,3,14:12:02.013905390
118.59,1,14:12:02.901463246
118.59,1,14:12:02.901567774
118.59,2,14:12:02.901585649
118.59,1,14:12:02.901818775
118.59,3,14:12:02.901818775
118.59,1,14:12:02.901932413
118.59,8,14:12:02.901951188
118.59,1,14:12:02.901951188
118.59,4,14:12:02.902765408
118.59,2,14:12:02.902765408
118.59,1,14:12:02.903301971
118.59,1,14:12:02.904105563
118.59,1,14:12:02.912787720
118.59,2,14:12:02.913199041
118.59,4,14:12:02.913320401
118.59,1,14:12:02.913340785
118.59,1,14:12:02.913629166
118.59,2,14:12:02.914447511
118.59,1,14:12:02.914447511
118.6,9,14:12:08.379501602
118.6,2,14:12:12.014196571
118.6,1,14:12:12.099959391
118.6,3,14:12:21.961378682
118.6,17,14:12:21.975444466
118.6,1,14:12:22.014518256
118.6,1,14:12:22.054543273
118.6,1,14:12:22.218365909
118.6,1,14:12:22.275722023
118.6,2,14:12:32.014134458
118.59,4,14:12:37.611502099
118.59,1,14:12:37.612289368
118.59,3,14:12:37.612303330
118.59,8,14:12:37.612303330
118.59,1,14:12:37.612317282
118.59,1,14:12:37.612330984
118.59,1,14:12:37.612346037
118.59,4,14:12:37.612346037
118.59,2,14:12:37.612346037
118.59,4,14:12:37.612359477
118.59,8,14:12:37.612374380
118.59,1,14:12:37.612374380
118.59,1,14:12:37.612388327
118.59,1,14:12:37.612502478
118.59,1,14:12:37.612516763
118.59,2,14:12:37.612516763
118.59,1,14:12:37.612532651
118.59,1,14:12:37.612546001
118.59,1,14:12:37.612561109
118.59,10,14:12:37.612561109
118.59,1,14:12:37.612574625
118.59,7,14:12:37.612588913
118.59,1,14:12:37.612608625
118.59,4,14:12:37.613997796
118.59,3,14:12:37.613997796
118.59,1,14:12:37.614965961
118.59,9,14:12:37.624851160
118.59,4,14:12:37.624957089
118.59,1,14:12:37.624981211
118.6,1,14:12:42.012760022
118.6,1,14:12:42.172474531
118.6,1,14:12:45.021389082
118.6,1,14:12:45.043735407
118.6,1,14:12:52.013965816
118.59,1,14:12:52.790261373
118.59,5,14:12:52.790467049
118.59,1,14:12:52.790481405
118.59,3,14:12:52.790496313
118.59,1,14:12:52.790496313
118.59,1,14:12:52.790509750
118.59,8,14:12:52.790524134
118.59,4,14:12:52.790524134
118.59,1,14:12:52.790524134
118.59,2,14:12:52.790539042
118.59,1,14:12:52.790539042
118.59,1,14:12:52.790556406
118.59,4,14:12:52.792007704
118.59,1,14:12:52.792007704
118.59,19,14:12:52.792027423
118.59,1,14:12:53.190945292
118.59,6,14:12:53.190945292
118.59,1,14:12:53.346496124
118.59,1,14:12:54.676183469
118.59,2,14:12:54.676600361
118.59,1,14:12:54.677340367
118.59,4,14:12:54.678215512
118.59,1,14:12:54.678215512
118.59,9,14:12:54.678215512
118.59,2,14:12:54.678440568
118.59,2,14:12:54.678975652
118.6,7,14:13:01.644773495
118.6,2,14:13:01.644773495
118.6,1,14:13:01.645275191
118.6,1,14:13:01.645290618
118.6,12,14:13:01.645290618
118.6,25,14:13:01.645430461
118.6,12,14:13:01.645430461
118.6,1,14:13:01.645430461
118.6,40,14:13:01.646453203
118.6,3,14:13:01.646692860
118.6,2,14:13:01.646966121
118.6,1,14:13:01.646966121
118.6,14,14:13:01.648416187
118.6,4,14:13:01.648416187
118.6,15,14:13:01.648416187
118.6,3,14:13:01.648416187
118.6,3,14:13:01.648435956
118.6,1,14:13:01.648435956
118.6,2,14:13:01.648681214
118.6,2,14:13:01.648762957
118.6,1,14:13:01.655328594
118.61,1,14:13:03.014071141
118.61,1,14:13:12.266457726
118.61,1,14:13:19.292871525
118.61,1,14:13:19.292886588
118.61,18,14:13:19.292886588
118.61,2,14:13:19.292886588
118.61,1,14:13:19.292901302
118.61,1,14:13:19.292919477
118.61,4,14:13:19.292938133
118.61,96,14:13:19.293100754
118.61,1,14:13:19.293114594
118.61,1,14:13:19.293129560
118.61,1,14:13:19.293143938
118.61,2,14:13:19.294200226
118.61,4,14:13:19.294301704
118.61,1,14:13:19.294315278
118.61,2,14:13:19.294329303
118.61,2,14:13:19.294343332
118.61,10,14:13:19.294357415
118.61,1,14:13:19.294371591
118.61,8,14:13:19.294386967
118.61,1,14:13:19.294399569
118.61,2,14:13:19.294415653
118.61,3,14:13:19.294415653
118.61,1,14:13:19.295115642
118.61,4,14:13:19.295349639
118.61,1,14:13:19.295378932
118.61,3,14:13:19.295668291
118.61,1,14:13:19.295759760
118.61,2,14:13:19.296235222
118.61,2,14:13:19.297237615
118.61,1,14:13:19.334164203
118.61,7,14:13:19.334164203
118.61,3,14:13:19.334164203
118.61,7,14:13:19.334279047
118.61,1,14:13:19.334321492
118.61,1,14:13:19.335378615
118.61,1,14:13:19.464206011
118.61,3,14:13:19.572280954
118.61,1,14:13:41.259293944
118.61,1,14:13:45.324737987
118.61,1,14:13:45.714663969
118.61,1,14:13:52.295880939
118.61,1,14:13:58.584040520
118.6,1,14:14:09.364800496
118.6,1,14:14:09.364875228
118.6,1,14:14:09.364889414
118.6,2,14:14:09.364889414
118.6,1,14:14:09.365074965
118.6,2,14:14:09.365074965
118.6,3,14:14:09.365089355
118.6,1,14:14:09.365089355
118.6,2,14:14:09.365281354
118.6,1,14:14:09.365281354
118.6,1,14:14:09.365392511
118.6,2,14:14:09.365408463
118.6,5,14:14:09.365534956
118.6,8,14:14:09.365666891
118.6,5,14:14:09.365666891
118.6,1,14:14:09.365997016
118.6,1,14:14:09.366010709
118.6,1,14:14:09.366024533
118.6,1,14:14:09.366038635
118.6,1,14:14:09.366054107
118.6,2,14:14:09.366068785
118.6,2,14:14:09.366083563
118.6,5,14:14:09.366100897
118.6,2,14:14:09.366122805
118.6,5,14:14:09.366122805
118.6,2,14:14:09.366680746
118.6,1,14:14:09.366694961
118.6,1,14:14:09.366710401
118.6,21,14:14:09.367255706
118.6,3,14:14:09.367255706
118.6,2,14:14:09.367272397
118.6,2,14:14:09.367527985
118.6,1,14:14:09.367527985
118.6,4,14:14:09.367610109
118.6,4,14:14:09.368649283
118.6,2,14:14:09.375652154
118.6,3,14:14:09.375766272
118.6,1,14:14:09.375794788
118.6,1,14:14:09.376076825
118.6,1,14:14:09.376420559
118.6,2,14:14:09.376889932
118.6,4,14:14:09.378151186
118.6,1,14:14:09.378324114
118.6,2,14:14:09.379233060
118.6,1,14:14:09.379404177
118.6,2,14:14:09.379404177
118.6,1,14:14:09.409057174
118.6,2,14:14:32.023265640
118.6,1,14:14:32.023743581
118.6,1,14:14:32.071365674
118.6,1,14:14:35.604085448
118.6,1,14:14:35.604163217
118.6,1,14:14:35.718677941
118.6,1,14:14:42.452621563
118.6,1,14:14:43.819898893
118.6,1,14:14:43.820364665
118.6,1,14:14:43.820773980
118.6,1,14:14:43.820789701
118.6,1,14:14:55.072725964
118.6,1,14:14:55.073102754
118.6,1,14:14:58.236885684
118.6,2,14:14:58.443064776
118.6,2,14:14:58.443677329
118.6,1,14:14:58.444164579
118.6,1,14:14:58.476600313
118.6,1,14:14:58.502478693
118.6,1,14:15:00.252359639
118.61,1,14:15:03.035267421
118.61,1,14:15:12.668472477
118.61,2,14:15:21.174816278
118.61,1,14:15:29.564751323
118.61,1,14:15:32.013834538
118.61,1,14:15:42.013548354
118.61,7,14:15:48.272263831
118.61,1,14:15:52.014372373
118.61,10,14:15:58.157188532
118.61,1,14:15:58.157202433
118.61,1,14:15:58.157292388
118.61,3,14:15:58.157292388
118.61,2,14:15:58.157768756
118.61,1,14:16:12.013449087
118.61,1,14:16:12.674268841
118.61,1,14:16:30.484354312
118.61,1,14:16:30.484635697
118.61,2,14:16:44.393273705
118.61,7,14:16:49.945137082
118.61,1,14:17:01.181792452
118.61,1,14:17:01.181806878
118.61,1,14:17:03.014434343
118.61,1,14:17:12.795866575
118.61,1,14:17:26.331269870
118.61,1,14:17:26.331283729
118.61,1,14:17:26.331297931
118.61,7,14:17:26.331297931
118.61,2,14:17:26.331835012
118.61,1,14:17:26.331835012
118.61,2,14:17:26.332415434
118.61,5,14:17:26.332415434
118.61,1,14:17:26.332433018
118.61,1,14:17:26.332555197
118.61,13,14:17:26.332574611
118.61,4,14:17:26.332615082
118.61,1,14:17:26.332913412
118.61,2,14:17:26.333294058
118.61,1,14:17:27.981082458
118.61,1,14:17:32.014606264
118.61,1,14:17:39.658542996
118.61,6,14:17:51.636061487
118.6,1,14:17:57.614017401
118.6,5,14:17:57.614033977
118.6,8,14:17:57.614033977
118.6,2,14:17:57.614051413
118.6,1,14:17:57.614065163
118.6,7,14:17:57.614079118
118.6,1,14:17:57.614092678
118.6,2,14:17:57.614106198
118.6,1,14:17:57.614123840
118.6,3,14:17:57.614137430
118.6,1,14:17:57.614153203
118.6,1,14:17:57.614356476
118.6,1,14:17:57.614370524
118.6,1,14:17:57.614386214
118.6,1,14:17:57.614403142
118.6,2,14:17:57.614416489
118.6,1,14:17:57.614435759
118.6,3,14:17:57.614448946
118.6,12,14:17:57.614463298
118.6,1,14:17:57.614476633
118.6,1,14:17:57.614491206
118.6,1,14:17:57.614508466
118.6,4,14:17:57.614521561
118.6,1,14:17:57.614535439
118.6,1,14:17:57.614550342
118.6,2,14:17:57.614550342
118.6,1,14:17:57.614563682
118.6,1,14:17:57.614582931
118.6,1,14:17:57.614597116
118.6,1,14:17:57.614611122
118.6,1,14:17:57.614624911
118.6,1,14:17:57.614886040
118.6,10,14:17:57.614914901
118.6,1,14:17:57.615060047
118.6,15,14:17:57.615348792
118.6,7,14:17:57.615365631
118.6,1,14:17:57.615365631
118.6,10,14:17:57.615379899
118.6,2,14:17:57.615393384
118.6,1,14:17:57.615407109
118.6,2,14:17:57.615421170
118.6,2,14:17:57.615438283
118.6,1,14:17:57.615451630
118.6,1,14:17:57.615465932
118.6,2,14:17:57.615465932
118.6,1,14:17:57.615480818
118.6,4,14:17:57.615585848
118.6,1,14:17:57.615607851
118.6,2,14:17:57.615626731
118.6,1,14:17:57.615648577
118.6,1,14:17:57.615667371
118.6,2,14:17:57.615689688
118.6,4,14:17:57.615703025
118.6,1,14:17:57.615732094
118.6,4,14:17:57.615826753
118.6,1,14:17:57.615902578
118.6,3,14:17:57.615953098
118.6,1,14:17:57.616018229
118.6,7,14:17:57.616051093
118.6,1,14:17:57.616320433
118.6,15,14:17:57.616640629
118.6,4,14:17:57.628702030
118.6,1,14:17:57.628702030
118.6,1,14:17:57.628787640
118.6,7,14:17:57.628804024
118.6,2,14:17:57.638098433
118.6,1,14:17:57.638474448
118.6,1,14:17:57.641319339
118.6,1,14:17:57.641559586
118.6,1,14:17:57.659830206
118.6,1,14:17:57.674741046
118.6,2,14:18:01.547993184
118.6,1,14:18:01.548072582
118.6,1,14:18:01.548087695
118.6,1,14:18:01.604945164
118.6,1,14:18:01.663550307
118.6,1,14:18:01.663660892
118.6,1,14:18:01.663685330
118.6,2,14:18:01.663685330
118.61,2,14:18:03.014011805
118.6,1,14:18:05.029431622
118.6,1,14:18:05.029514828
118.6,3,14:18:05.029938463
118.6,1,14:18:05.029938463
118.6,3,14:18:05.030271631
118.6,1,14:18:05.031937626
118.6,3,14:18:05.031937626
118.6,3,14:18:05.032329956
118.6,1,14:18:05.032344221
118.6,1,14:18:05.032459556
118.6,1,14:18:05.032569722
118.6,1,14:18:05.032829732
118.6,3,14:18:05.034992024
118.6,1,14:18:05.040931588
118.6,8,14:18:11.651345240
118.61,2,14:18:12.014184778
118.61,1,14:18:12.969299827
118.6,4,14:18:21.344070565
118.6,1,14:18:21.344070565
118.6,8,14:18:21.346451866
118.6,1,14:18:21.346451866
118.6,1,14:18:21.360407219
118.6,2,14:18:21.361025984
118.6,4,14:18:21.361445250
118.6,1,14:18:21.361905515
118.6,1,14:18:21.362210923
118.6,2,14:18:21.362410360
118.6,1,14:18:32.014288589
118.6,1,14:18:32.014303702
118.6,2,14:18:42.013942993
118.6,1,14:18:42.014388228
118.6,1,14:18:52.014163515
118.6,1,14:18:52.014246023
118.6,1,14:18:53.293147479
118.6,2,14:18:55.411397042
118.6,1,14:19:00.075769367
118.6,5,14:19:01.650462764
118.6,2,14:19:01.650553708
118.6,1,14:19:01.650553708
118.6,1,14:19:03.014701415
118.6,1,14:19:11.669215776
118.6,1,14:19:12.013416608
118.6,1,14:19:12.106916356
118.6,1,14:19:21.652801344
118.6,2,14:19:21.652859401
118.6,4,14:19:21.652859401
118.6,1,14:19:21.652859401
118.6,1,14:19:21.653710633
118.6,1,14:19:22.013954771
118.6,3,14:19:31.652621069
118.6,1,14:19:42.013811638
118.6,2,14:19:45.661774242
118.6,1,14:19:45.661787672
118.6,1,14:19:45.661858178
118.6,4,14:19:45.661878831
118.6,1,14:19:45.662450264
118.6,1,14:19:45.662759003
118.6,1,14:19:45.663180414
118.6,3,14:19:45.663705684
118.6,1,14:19:45.687119173
118.6,1,14:19:49.017749389
118.6,7,14:19:49.017749389
118.6,8,14:19:49.017831287
118.6,1,14:19:49.018324429
118.61,1,14:19:54.399525905
118.6,8,14:19:54.400308006
118.6,3,14:19:54.400427905
118.6,1,14:19:54.400444602
118.6,3,14:19:54.400444602
118.6,7,14:19:54.400464042
118.6,1,14:19:54.400464042
118.6,8,14:19:54.400649991
118.6,3,14:19:54.400665114
118.6,26,14:19:54.400678976
118.6,1,14:19:54.400697357
118.6,10,14:19:54.400718215
118.6,2,14:19:54.400732314
118.6,2,14:19:54.400749450
118.6,1,14:19:54.400763434
118.6,1,14:19:54.400779706
118.6,2,14:19:54.400795357
118.6,2,14:19:54.400819332
118.6,4,14:19:54.401387830
118.6,4,14:19:54.401800381
118.6,3,14:19:54.401800381
118.6,1,14:19:54.401969426
118.6,4,14:19:54.401990725
118.6,1,14:19:54.402134966
118.6,1,14:19:54.402525113
118.6,2,14:19:54.402525113
118.6,1,14:19:54.456043957
118.6,5,14:19:54.456043957
118.6,7,14:19:54.456143461
118.6,1,14:19:54.456163810
118.6,2,14:19:54.456163810
118.6,3,14:19:54.456163810
118.6,1,14:20:01.207225181
118.6,3,14:20:09.946827159
118.6,1,14:20:09.947513188
118.6,26,14:20:09.947513188
118.6,8,14:20:09.947513188
118.61,1,14:20:12.222358960
118.61,8,14:20:22.493765772
118.61,3,14:20:22.493904757
118.61,1,14:20:22.493904757
118.61,8,14:20:22.493904757
118.61,1,14:20:22.493999611
118.61,1,14:20:22.494013253
118.61,1,14:20:22.494198120
118.61,2,14:20:22.494198120
118.61,1,14:20:22.494212516
118.61,1,14:20:22.494519729
118.61,3,14:20:22.494754356
118.61,2,14:20:22.495109018
118.61,1,14:20:22.495215495
118.61,4,14:20:22.496021824
118.61,3,14:20:22.496171430
118.61,7,14:20:22.496171430
118.61,1,14:20:22.496260336
118.61,5,14:20:22.496378477
118.61,4,14:20:22.496378477
118.61,3,14:20:22.496378477
118.61,4,14:20:22.496673538
118.61,2,14:20:22.496889180
118.61,3,14:20:22.497039884
118.61,2,14:20:22.497039884
118.61,2,14:20:22.497168108
118.61,2,14:20:22.497412124
118.61,1,14:20:22.497412124
118.61,1,14:20:22.497785804
118.61,1,14:20:22.497800924
118.61,1,14:20:22.497815845
118.61,7,14:20:22.497833698
118.61,2,14:20:22.497833698
118.61,1,14:20:22.497847346
118.61,3,14:20:22.497862309
118.61,2,14:20:22.498151093
118.61,11,14:20:22.498478113
118.61,8,14:20:22.498478113
118.61,9,14:20:22.498491531
118.61,7,14:20:22.498505022
118.61,4,14:20:22.498520087
118.61,4,14:20:22.498654420
118.61,1,14:20:22.498671863
118.61,3,14:20:22.498901253
118.61,1,14:20:22.498901253
118.61,1,14:20:22.499370116
118.61,1,14:20:22.499896956
118.61,1,14:20:22.500727125
118.61,1,14:20:22.500849010
118.61,4,14:20:22.500849010
118.61,3,14:20:22.502025634
118.61,4,14:20:22.502039358
118.61,1,14:20:22.502280383
118.61,1,14:20:22.505226975
118.61,3,14:20:22.505332508
118.61,7,14:20:22.505351276
118.61,4,14:20:22.505351276
118.61,20,14:20:22.508136762
118.61,4,14:20:22.511340228
118.61,4,14:20:22.511767069
118.61,1,14:20:22.511939860
118.61,1,14:20:22.512232701
118.61,1,14:20:22.512606109
118.61,4,14:20:23.418713506
118.61,5,14:20:23.418728699
118.61,7,14:20:23.418742837
118.61,1,14:20:23.418762111
118.61,15,14:20:23.418780722
118.61,1,14:20:23.418798130
118.61,7,14:20:23.418798130
118.61,4,14:20:23.418816722
118.61,1,14:20:23.418833864
118.61,8,14:20:23.418855368
118.61,7,14:20:23.418954440
118.61,2,14:20:23.418980709
118.61,1,14:20:23.418994600
118.61,1,14:20:23.419008536
118.61,24,14:20:23.419023333
118.61,22,14:20:23.419038328
118.61,7,14:20:23.419052203
118.61,1,14:20:23.419066783
118.61,1,14:20:23.419081250
118.61,5,14:20:23.419094917
118.61,5,14:20:23.419108062
118.61,1,14:20:23.419126632
118.61,2,14:20:23.419232827
118.61,2,14:20:23.419248651
118.61,10,14:20:23.419262366
118.61,2,14:20:23.419278175
118.61,1,14:20:23.421743615
118.61,3,14:20:23.421743615
118.61,4,14:20:23.421743615
118.61,7,14:20:23.421743615
118.61,2,14:20:23.422507173
118.61,1,14:20:23.422507173
118.61,5,14:20:23.422982946
118.61,2,14:20:23.423005081
118.61,1,14:20:23.423222292
118.61,1,14:20:23.423358236
118.61,3,14:20:23.423358236
118.61,1,14:20:23.423772379
118.61,3,14:20:23.424189968
118.61,1,14:20:23.424189968
118.61,1,14:20:23.424208619
118.61,2,14:20:23.424459735
118.61,1,14:20:23.424702260
118.61,4,14:20:23.426346265
118.61,1,14:20:23.437129114
118.61,7,14:20:23.437129114
118.61,1,14:20:23.437214055
118.61,3,14:20:23.438734655
118.61,2,14:20:23.444085922
118.61,2,14:20:26.449485521
118.61,4,14:20:26.450411178
118.61,8,14:20:26.450734883
118.61,1,14:20:26.537207269
118.61,1,14:20:26.852922012
118.61,1,14:20:26.852993660
118.61,4,14:20:26.892975689
118.61,4,14:20:27.029963146
118.61,1,14:20:27.053102244
118.6,1,14:20:27.736438035
118.6,2,14:20:27.736438035
118.6,4,14:20:27.736438035
118.6,1,14:20:27.737771634
118.6,1,14:20:27.737788264
118.6,10,14:20:27.737788264
118.6,3,14:20:27.738180312
118.6,1,14:20:27.738194930
118.6,5,14:20:27.738194930
118.6,1,14:20:27.738209115
118.6,2,14:20:27.738209115
118.6,5,14:20:27.738224920
118.6,3,14:20:27.738224920
118.6,4,14:20:27.738238964
118.6,3,14:20:27.738289768
118.6,1,14:20:27.738303419
118.6,1,14:20:27.738317086
118.6,1,14:20:27.738330948
118.6,3,14:20:27.738344699
118.6,1,14:20:27.738358498
118.6,3,14:20:27.738585470
118.6,1,14:20:27.738585470
118.6,1,14:20:27.738815355
118.6,1,14:20:27.738881453
118.6,1,14:20:27.738897297
118.6,1,14:20:27.738912766
118.6,1,14:20:27.738931687
118.6,1,14:20:27.738946071
118.6,6,14:20:27.738964833
118.6,4,14:20:27.739008589
118.6,7,14:20:27.739029972
118.6,3,14:20:27.739052426
118.6,1,14:20:27.739226621
118.6,4,14:20:27.739309914
118.6,1,14:20:27.739309914
118.6,1,14:20:27.739879799
118.6,1,14:20:27.739931318
118.6,3,14:20:27.740744912
118.6,2,14:20:27.740758751
118.6,3,14:20:27.740777023
118.59,4,14:20:27.740894751
118.59,3,14:20:27.740908802
118.59,1,14:20:27.740928355
118.59,2,14:20:27.740942309
118.59,1,14:20:27.740956258
118.59,2,14:20:27.740969996
118.59,1,14:20:27.740983247
118.6,8,14:20:27.741301026
118.59,1,14:20:27.741767368
118.59,2,14:20:27.741781234
118.59,1,14:20:27.741799023
118.59,11,14:20:27.741816178
118.59,7,14:20:27.741974680
118.59,6,14:20:27.742051953
118.6,2,14:20:27.742136157
118.6,1,14:20:27.742157306
118.6,4,14:20:27.742179115
118.6,1,14:20:27.742197342
118.59,3,14:20:27.742350590
118.59,11,14:20:27.742371992
118.59,15,14:20:27.742387694
118.6,29,14:20:27.743163812
118.6,1,14:20:27.743163812
118.6,4,14:20:27.743252916
118.6,1,14:20:27.743252916
118.6,1,14:20:27.743269460
118.6,3,14:20:27.743283319
118.6,1,14:20:27.743297924
118.6,1,14:20:27.743315483
118.6,1,14:20:27.743605379
118.6,1,14:20:27.743748602
118.6,2,14:20:27.743785594
118.6,14,14:20:27.743799902
118.59,2,14:20:27.754795250
118.59,4,14:20:27.755773114
118.6,1,14:20:27.756136387
118.59,1,14:20:27.763903607
118.59,2,14:20:27.764275209
118.59,1,14:20:27.764445053
118.6,1,14:20:27.766511339
118.6,4,14:20:27.766656319
118.59,4,14:20:27.789149353
118.59,1,14:20:27.789149353
118.59,3,14:20:27.789588540
118.59,1,14:20:27.789687343
118.59,2,14:20:27.789709356
118.59,1,14:20:27.789709356
118.59,6,14:20:27.797258527
118.59,1,14:20:27.797258527
118.59,3,14:20:27.798624124
118.59,1,14:20:27.799375038
118.59,1,14:20:27.799458071
118.59,1,14:20:27.799862433
118.59,2,14:20:27.799862433
118.59,1,14:20:27.799951604
118.59,6,14:20:27.800107831
118.59,1,14:20:27.800650516
118.59,1,14:20:27.801076403
118.59,2,14:20:27.801076403
118.59,1,14:20:27.801091328
118.59,1,14:20:27.802160326
118.59,3,14:20:27.802185241
118.59,1,14:20:27.802185241
118.59,1,14:20:27.803196453
118.59,1,14:20:27.807212293
118.59,2,14:20:27.807212293
118.59,1,14:20:27.807312187
118.59,5,14:20:27.807600366
118.59,1,14:20:27.807620084
118.59,4,14:20:27.814172812
118.59,1,14:20:27.814188623
118.59,4,14:20:27.814188623
118.59,7,14:20:27.814294940
118.59,1,14:20:27.822765519
118.59,1,14:20:27.823017029
118.59,3,14:20:27.823471291
118.59,1,14:20:27.823831537
118.59,1,14:20:27.824133802
118.59,1,14:20:27.824408244
118.59,3,14:20:27.827816802
118.59,2,14:20:27.837346262
118.59,3,14:20:27.872206504
118.59,7,14:20:27.872206504
118.58,1,14:20:36.810628274
118.58,2,14:20:36.810628274
118.58,1,14:20:36.810850146
118.58,1,14:20:36.810866242
118.58,8,14:20:36.810866242
118.58,1,14:20:36.810881320
118.58,8,14:20:36.810881320
118.58,2,14:20:36.811000619
118.58,1,14:20:36.811014142
118.58,1,14:20:36.811027893
118.58,1,14:20:36.811042101
118.58,1,14:20:36.811055890
118.58,1,14:20:36.811073886
118.58,1,14:20:36.811238888
118.58,1,14:20:36.811979863
118.58,1,14:20:36.857506060
118.58,2,14:20:37.275485137
118.58,1,14:20:37.275507041
118.58,8,14:20:37.275507041
118.58,1,14:20:39.753520276
118.59,1,14:20:42.333645936
118.59,6,14:20:44.924108890
118.59,1,14:20:44.924122995
118.59,7,14:20:44.924137626
118.59,1,14:20:44.924137626
118.59,2,14:20:44.924152538
118.59,7,14:20:44.924152538
118.59,7,14:20:44.924167401
118.59,1,14:20:44.924181187
118.59,1,14:20:44.924196620
118.59,19,14:20:44.924214336
118.59,11,14:20:44.924308211
118.59,1,14:20:44.924325152
118.59,2,14:20:44.924338784
118.59,2,14:20:44.924354220
118.59,8,14:20:44.924371139
118.59,8,14:20:44.924384534
118.59,1,14:20:44.924398476
118.59,1,14:20:44.924415318
118.59,2,14:20:44.924429273
118.59,1,14:20:44.924445030
118.59,11,14:20:44.924445030
118.59,1,14:20:44.924458016
118.59,1,14:20:44.924471340
118.59,13,14:20:44.924491926
118.59,8,14:20:44.925262655
118.59,8,14:20:44.925533249
118.59,1,14:20:44.925555944
118.59,1,14:20:44.925576053
118.59,8,14:20:44.926297938
118.59,1,14:20:44.926335896
118.59,6,14:20:44.926360725
118.59,1,14:20:44.926386686
118.59,8,14:20:44.927845780
118.59,9,14:20:44.929505948
118.59,8,14:20:44.929520898
118.59,1,14:20:44.935846791
118.59,2,14:20:44.972186677
118.59,1,14:20:47.256224939
118.59,8,14:20:47.256327924
118.59,1,14:20:47.256363178
118.59,2,14:20:47.256363178
118.59,4,14:20:47.256363178
118.59,5,14:20:47.256363178
118.59,1,14:20:47.256896954
118.59,5,14:20:47.256927056
118.59,4,14:20:47.256927056
118.59,13,14:20:47.256940413
118.59,1,14:20:47.256954477
118.59,1,14:20:47.262030112
118.59,1,14:20:47.264260296
118.59,1,14:20:47.475632340
118.59,4,14:20:48.072704959
118.59,5,14:20:48.072704959
118.59,1,14:20:48.072792115
118.59,3,14:20:48.072935442
118.59,2,14:20:48.073123391
118.59,1,14:20:48.073142095
118.59,5,14:20:48.351101380
118.59,1,14:20:48.351101380
118.58,1,14:20:49.544365731
118.58,1,14:20:49.544380943
118.58,7,14:20:49.544380943
118.58,1,14:20:49.544395992
118.58,5,14:20:54.447089140
118.58,4,14:20:54.447089140
118.58,1,14:20:54.447089140
118.59,1,14:20:54.475064443
118.59,8,14:20:54.475064443
118.59,1,14:20:54.475217502
118.59,1,14:20:54.475241342
118.59,20,14:20:54.475241342
118.59,18,14:20:54.475241342
118.59,8,14:20:54.475241342
118.59,4,14:20:54.475241342
118.59,9,14:20:54.475241342
118.59,1,14:20:54.475254347
118.59,1,14:20:54.476147780
118.59,2,14:20:55.618274177
118.59,1,14:20:55.618367895
118.59,1,14:20:55.618383694
118.59,8,14:20:55.618383694
118.59,3,14:20:55.619575193
118.59,8,14:20:55.619575193
118.59,1,14:20:55.619575193
118.6,1,14:20:58.863360854
118.6,3,14:20:58.863360854
118.6,4,14:20:58.864090726
118.6,1,14:20:58.865010504
118.6,1,14:20:58.865024047
118.6,1,14:20:58.865038255
118.6,1,14:20:58.865052766
118.6,1,14:20:58.865070802
118.6,3,14:20:58.865115432
118.6,1,14:20:58.866912451
118.6,1,14:20:58.883652835
118.6,1,14:21:02.761794661
118.6,1,14:21:11.035299581
118.6,1,14:21:11.190977327
118.6,1,14:21:15.104763192
118.6,1,14:21:42.590675417
118.6,2,14:21:42.591123326
118.6,8,14:21:44.570252260
118.6,1,14:21:44.570332805
118.6,1,14:21:44.570440504
118.6,1,14:21:44.570790386
118.6,1,14:21:49.675214215
118.59,8,14:21:51.673746536
118.59,1,14:21:51.673746536
118.59,8,14:21:51.674034817
118.59,1,14:21:51.674050228
118.59,1,14:21:51.674066261
118.59,3,14:21:51.674081593
118.59,1,14:21:51.674081593
118.59,2,14:21:51.674081593
118.59,13,14:21:51.674081593
118.59,1,14:21:51.674096105
118.59,2,14:21:51.674096105
118.59,1,14:21:51.674113001
118.59,1,14:21:51.674129266
118.59,8,14:21:51.674129266
118.59,2,14:21:51.674129266
118.59,1,14:21:51.674142751
118.59,3,14:21:51.674158188
118.59,1,14:21:51.674158188
118.59,1,14:21:51.674172591
118.59,1,14:21:51.674187855
118.59,8,14:21:51.674200498
118.59,1,14:21:51.674214584
118.59,13,14:21:51.674234546
118.59,7,14:21:51.674234546
118.59,40,14:21:51.675144068
118.59,1,14:21:51.675574852
118.59,1,14:21:51.684600656
118.59,12,14:21:51.693659029
118.59,1,14:21:51.693659029
118.59,7,14:21:51.693780771
118.59,1,14:21:51.693780771
118.59,1,14:21:51.696698442
118.6,1,14:22:16.539788966
118.59,1,14:22:31.868223918
118.59,1,14:22:31.868413166
118.59,7,14:22:31.868413166
118.59,1,14:22:31.868446752
118.59,3,14:22:31.868446752
118.59,2,14:22:31.868446752
118.59,8,14:22:31.868446752
118.59,7,14:22:31.868461206
118.59,1,14:22:31.868461206
118.59,8,14:22:31.868461206
118.6,1,14:22:53.032826480
118.59,17,14:22:55.853660743
118.59,1,14:22:55.853660743
118.59,2,14:22:55.853660743
118.59,2,14:22:55.864518908
118.59,1,14:22:55.864696859
118.59,1,14:22:55.864710321
118.59,1,14:22:55.864724616
118.59,3,14:22:55.864724616
118.59,1,14:22:55.864743586
118.59,3,14:22:55.864743586
118.59,2,14:22:55.864743586
118.59,2,14:22:55.864757678
118.59,1,14:22:55.864757678
118.59,1,14:22:55.864988597
118.59,1,14:22:55.865004632
118.59,4,14:22:55.865019973
118.59,2,14:22:55.865119518
118.59,2,14:22:55.865137336
118.59,7,14:22:55.866458525
118.59,1,14:22:55.867654582
118.59,1,14:22:55.868394421
118.59,2,14:22:55.876405603
118.59,2,14:22:55.878193771
118.59,1,14:22:55.892448944
118.59,2,14:22:57.110349246
118.59,1,14:22:57.110579352
118.59,2,14:22:57.151819227
118.59,1,14:22:57.151948859
118.59,1,14:22:57.151974427
118.59,6,14:22:57.151974427
118.59,8,14:22:57.151974427
118.59,1,14:23:00.083277001
118.6,1,14:23:00.142921758
118.59,8,14:23:01.350008187
118.59,1,14:23:01.350112827
118.59,1,14:23:02.938216105
118.59,1,14:23:02.985616974
118.59,2,14:23:07.604910831
118.59,1,14:23:07.605208598
118.59,1,14:23:10.165860460
118.58,4,14:23:16.302125888
118.58,1,14:23:16.304923576
118.58,1,14:23:16.304939533
118.58,1,14:23:16.305629370
118.58,2,14:23:16.307099397
118.58,1,14:23:16.307099397
118.58,1,14:23:16.307218904
118.58,2,14:23:16.307218904
118.58,1,14:23:16.467379155
118.58,1,14:23:16.467568829
118.58,2,14:23:16.467582906
118.58,1,14:23:16.467582906
118.58,24,14:23:16.467596979
118.58,1,14:23:16.467596979
118.58,1,14:23:16.467612865
118.58,13,14:23:16.467612865
118.58,2,14:23:16.467612865
118.58,2,14:23:16.467627773
118.58,6,14:23:16.467627773
118.58,1,14:23:16.467641485
118.58,4,14:23:16.467660641
118.58,1,14:23:16.564805077
118.58,2,14:23:16.587515926
118.58,1,14:23:16.587615984
118.58,1,14:23:16.587710989
118.58,8,14:23:18.163531586
118.58,24,14:23:18.163921778
118.58,1,14:23:18.163942722
118.59,1,14:23:20.148542245
118.59,1,14:23:42.583816256
118.58,1,14:23:55.875008439
118.58,2,14:23:55.877792905
118.58,2,14:23:55.877883861
118.58,6,14:23:55.877901557
118.58,5,14:23:55.877901557
118.58,4,14:23:55.878237983
118.58,1,14:23:55.878362728
118.58,1,14:23:55.878387054
118.58,4,14:23:55.878387054
118.58,1,14:23:55.901678292
118.58,1,14:23:55.901944448
118.58,3,14:23:55.925526682
118.58,8,14:23:55.925540368
118.58,1,14:23:55.925611800
118.58,3,14:23:55.925626833
118.58,1,14:23:56.303977037
118.58,1,14:24:00.089584440
118.59,1,14:24:03.014588019
118.58,1,14:24:07.909062958
118.58,1,14:24:07.909142435
118.58,1,14:24:07.909160714
118.58,1,14:24:07.920235074
118.58,1,14:24:07.920594367
118.58,1,14:24:09.072583224
118.58,1,14:24:09.083224106
118.57,4,14:24:12.913904955
118.57,2,14:24:12.913904955
118.57,1,14:24:12.914089878
118.57,10,14:24:12.914103056
118.57,8,14:24:12.914118012
118.57,2,14:24:12.914118012
118.57,1,14:24:12.914118012
118.57,21,14:24:12.914132451
118.57,2,14:24:12.914147136
118.57,8,14:24:12.914147136
118.57,1,14:24:12.914161344
118.57,13,14:24:12.914161344
118.57,9,14:24:12.914174601
118.57,1,14:24:12.914188979
118.57,9,14:24:12.914327724
118.57,2,14:24:12.914344419
118.57,1,14:24:12.914363004
118.57,1,14:24:12.914381759
118.57,50,14:24:12.914400143
118.57,9,14:24:12.914417007
118.57,10,14:24:12.914435529
118.57,1,14:24:12.914454809
118.57,2,14:24:12.914468374
118.57,2,14:24:12.914482924
118.57,1,14:24:12.914482924
118.57,1,14:24:12.914499331
118.57,11,14:24:12.914516419
118.57,6,14:24:12.914530348
118.57,1,14:24:12.914690214
118.57,7,14:24:12.914703442
118.57,2,14:24:12.914717471
118.57,1,14:24:12.914733650
118.57,1,14:24:12.915349650
118.57,1,14:24:12.915363416
118.57,1,14:24:12.915448239
118.57,1,14:24:12.962907038
118.58,1,14:24:22.454601695
118.58,1,14:24:22.524689689
118.57,2,14:24:29.795449389
118.58,1,14:24:30.238964521
118.58,1,14:24:32.240253784
118.58,1,14:24:42.786277510
118.58,2,14:24:42.786686626
118.58,1,14:24:42.786686626
118.58,6,14:24:42.786686626
118.58,1,14:24:43.093524099
118.58,3,14:24:43.093524099
118.58,2,14:24:48.589218328
118.58,1,14:24:52.013601243
118.58,23,14:24:55.313902076
118.58,1,14:24:55.313902076
118.58,2,14:24:55.313902076
118.58,20,14:24:55.314018348
118.58,2,14:24:55.314041817
118.58,1,14:24:55.314041817
118.58,1,14:24:55.314063122
118.58,6,14:24:55.314063122
118.58,1,14:25:03.612132971
118.58,2,14:25:03.612132971
118.58,2,14:25:03.612512298
118.58,1,14:25:03.612533566
118.58,2,14:25:03.612617069
118.58,4,14:25:03.612770743
118.58,6,14:25:03.613023101
118.58,2,14:25:03.613044387
118.58,1,14:25:03.613044387
118.58,6,14:25:03.623815224
118.58,1,14:25:03.624348750
118.58,1,14:25:04.846395997
118.58,6,14:25:04.846395997
118.58,2,14:25:04.846986045
118.58,1,14:25:04.847238711
118.58,6,14:25:04.847238711
118.58,1,14:25:18.229332230
118.58,1,14:25:18.229683294
118.58,1,14:25:18.229769068
118.58,4,14:25:18.230109851
118.58,5,14:25:18.230109851
118.58,1,14:25:18.230241493
118.58,2,14:25:18.230274335
118.58,1,14:25:18.230274335
118.58,7,14:25:18.230274335
118.58,3,14:25:18.230274335
118.58,5,14:25:18.230566546
118.58,1,14:25:18.231127553
118.58,4,14:25:18.231127553
118.58,2,14:25:18.231268241
118.58,2,14:25:18.231754952
118.58,5,14:25:18.262592114
118.59,1,14:25:32.101101471
118.59,1,14:25:41.871688997
118.59,3,14:25:58.831000184
118.59,1,14:25:58.831121867
118.59,1,14:25:58.831149954
118.59,3,14:25:58.831149954
118.59,2,14:25:58.831149954
118.59,1,14:26:10.670764625
118.59,1,14:26:11.997728368
118.59,1,14:26:15.951087769
118.58,6,14:26:16.116652120
118.58,8,14:26:16.116683905
118.58,1,14:26:16.116683905
118.58,5,14:26:16.116683905
118.58,2,14:26:16.116697093
118.58,3,14:26:16.116870516
118.58,2,14:26:16.116885972
118.58,2,14:26:16.116901159
118.58,1,14:26:16.116919511
118.58,4,14:26:16.116934580
118.58,29,14:26:16.116960961
118.58,4,14:26:16.116976375
118.58,1,14:26:16.116991806
118.58,13,14:26:16.117006126
118.58,1,14:26:16.117020481
118.58,10,14:26:16.117036314
118.58,2,14:26:16.117599070
118.58,1,14:26:16.117613358
118.58,1,14:26:16.117628346
118.58,3,14:26:16.117628346
118.58,1,14:26:16.117641408
118.58,1,14:26:16.117655063
118.58,8,14:26:16.117670832
118.59,1,14:26:27.792768231
118.58,1,14:26:32.329472212
118.58,1,14:26:32.330035110
118.58,5,14:26:32.330035110
118.58,3,14:26:32.330035110
118.58,4,14:26:32.330050086
118.58,6,14:26:32.330050086
118.58,1,14:26:32.330050086
118.58,8,14:26:32.331035474
118.58,4,14:26:32.331035474
118.58,1,14:26:32.331494174
118.59,1,14:26:32.408854919
118.58,4,14:26:37.289508043
118.58,1,14:26:37.289508043
118.58,5,14:26:37.289579925
118.59,2,14:27:10.052944144
118.59,1,14:27:10.052944144
118.59,4,14:27:10.052944144
118.59,1,14:27:10.053032060
118.59,1,14:27:10.053046522
118.59,5,14:27:11.911475749
118.59,1,14:27:12.106250294
118.58,1,14:27:26.317606189
118.58,8,14:27:26.317623523
118.58,4,14:27:26.317623523
118.58,1,14:27:26.317623523
118.58,1,14:27:26.317648339
118.58,8,14:27:26.317648339
118.58,2,14:27:26.317648339
118.58,13,14:27:26.317648339
118.58,4,14:27:26.317852979
118.58,2,14:27:26.317870361
118.58,1,14:27:26.317889654
118.58,1,14:27:26.317906611
118.58,2,14:27:26.317929004
118.58,1,14:27:26.317944566
118.58,20,14:27:26.317966470
118.58,9,14:27:26.317987116
118.58,1,14:27:26.318010111
118.58,1,14:27:26.318030822
118.58,1,14:27:26.318054601
118.58,7,14:27:26.318069097
118.58,27,14:27:26.318083049
118.58,13,14:27:26.318104962
118.58,1,14:27:26.318127132
118.58,1,14:27:26.318141394
118.58,1,14:27:26.318155366
118.58,5,14:27:26.318169934
118.58,2,14:27:26.318184200
118.58,1,14:27:26.318199432
118.58,7,14:27:26.318233286
118.58,7,14:27:26.331147080
118.58,2,14:27:26.343060882
118.58,1,14:27:26.346549859
118.58,15,14:27:26.346549859
118.58,1,14:27:26.346662559
118.58,4,14:27:26.346685484
118.58,7,14:27:26.346685484
118.58,8,14:27:26.346685484
118.58,3,14:27:26.346685484
118.58,1,14:27:26.347738961
118.58,2,14:27:26.347757261
118.58,1,14:27:26.347757261
118.58,8,14:27:26.347757261
118.58,1,14:27:26.347909924
118.58,1,14:27:26.348151592
118.58,1,14:27:26.348253159
118.58,5,14:27:26.348314612
118.58,3,14:27:26.366147451
118.58,2,14:27:26.503988941
118.58,1,14:27:26.559152484
118.58,1,14:27:26.559173456
118.58,7,14:27:26.559275088
118.58,1,14:27:26.559275088
118.58,3,14:27:26.563351853
118.58,1,14:27:26.563431690
118.58,1,14:27:26.600325215
118.58,2,14:27:26.605534534
118.57,1,14:27:57.790982205
118.57,4,14:27:57.791283868
118.57,1,14:27:57.791307894
118.57,13,14:27:57.791307894
118.57,21,14:27:57.791307894
118.57,1,14:27:57.791330394
118.57,2,14:27:57.791330394
118.57,6,14:27:57.791330394
118.57,3,14:27:57.791330394
118.57,2,14:27:57.792311887
118.57,2,14:27:57.792328373
118.57,3,14:27:57.792345925
118.57,1,14:27:57.792363129
118.57,1,14:27:57.792381736
118.57,1,14:27:57.792395816
118.57,2,14:27:57.792409618
118.57,1,14:27:57.792423528
118.57,1,14:27:57.792437477
118.57,1,14:27:57.792452812
118.57,1,14:27:57.792660127
118.57,1,14:27:57.793175756
118.57,1,14:27:57.794020651
118.57,2,14:27:57.794020651
118.57,1,14:27:57.794036372
118.57,2,14:27:57.829099493
118.57,8,14:27:57.829178596
118.57,16,14:27:57.829403467
118.57,1,14:27:57.840306553
118.57,1,14:28:01.135555040
118.57,4,14:28:01.135934192
118.57,1,14:28:01.135934192
118.57,1,14:28:01.136489264
118.57,8,14:28:01.136489264
118.57,3,14:28:01.136606498
118.57,1,14:28:01.136628758
118.57,1,14:28:01.137030021
118.57,1,14:28:01.147073412
118.57,1,14:28:01.147273066
118.57,1,14:28:02.208295539
118.57,1,14:28:02.298723798
118.57,1,14:28:02.298984921
118.57,2,14:28:11.674725852
118.57,1,14:28:11.674725852
118.57,6,14:28:11.674789196
118.57,1,14:28:12.256329467
118.57,1,14:28:21.674054962
118.57,5,14:28:21.674136440
118.57,1,14:28:46.795806123
118.57,1,14:28:46.795820782
118.57,1,14:28:46.795834955
118.57,1,14:28:46.795848283
118.57,1,14:28:46.795862321
118.57,3,14:28:46.795876411
118.57,2,14:28:46.795876411
118.57,2,14:28:46.795985297
118.57,3,14:28:46.796169880
118.57,8,14:28:46.796183694
118.57,1,14:28:46.796198491
118.57,4,14:28:46.796198491
118.57,2,14:28:46.796216866
118.58,3,14:28:51.030048827
118.58,1,14:28:51.030066497
118.58,1,14:28:51.030083387
118.58,7,14:28:51.030102433
118.58,7,14:28:51.030117281
118.58,8,14:28:51.030137169
118.58,3,14:28:51.030154574
118.58,1,14:28:51.030171886
118.58,1,14:28:51.030185928
118.58,1,14:28:51.030199815
118.58,8,14:28:51.030213604
118.58,1,14:28:51.030232523
118.58,8,14:28:51.030254280
118.58,2,14:28:51.030765592
118.58,2,14:28:51.030891047
118.58,3,14:28:51.031017178
118.58,1,14:28:51.031584362
118.58,1,14:28:51.031711379
118.58,1,14:28:51.188286502
118.58,7,14:28:53.790294090
118.58,2,14:28:53.790547898
118.58,9,14:29:04.583375840
118.58,1,14:29:12.403124030
118.58,1,14:29:19.202111741
118.58,1,14:29:19.202230225
118.58,1,14:29:19.202261771
118.58,3,14:29:19.202261771
118.58,1,14:29:19.202829784
118.58,1,14:29:19.203389812
118.58,1,14:29:19.203793882
118.58,8,14:29:19.773383437
118.58,11,14:29:19.773383437
118.58,3,14:29:19.773511562
118.58,6,14:29:19.773542452
118.58,1,14:29:19.773542452
118.58,2,14:29:19.773542452
118.58,1,14:29:19.773824491
118.58,11,14:29:19.774433095
118.58,1,14:29:20.413856008
118.58,1,14:29:20.414208968
118.58,1,14:29:24.276689139
118.59,1,14:29:25.313141298
118.59,6,14:29:36.722647323
118.58,8,14:29:38.309677780
118.58,1,14:29:38.309857085
118.58,2,14:29:38.309873987
118.58,1,14:29:38.309873987
118.58,2,14:29:38.309895885
118.58,7,14:29:38.309895885
118.58,8,14:29:38.309895885
118.58,1,14:29:38.309895885
118.58,2,14:29:38.309914464
118.58,1,14:29:38.309914464
118.58,3,14:29:38.309914464
118.58,4,14:29:38.366650114
118.58,1,14:29:38.366731579
118.58,4,14:29:38.366747675
118.58,1,14:29:38.366747675
118.58,1,14:29:38.367207211
118.58,1,14:29:38.367226808
118.58,1,14:29:38.391917458
118.58,2,14:29:38.392237195
118.58,1,14:29:38.392880465
118.58,1,14:29:38.393253991
118.58,1,14:29:38.406414237
118.58,1,14:30:12.549384650
118.57,1,14:30:32.171204152
118.57,8,14:30:32.171858932
118.57,1,14:30:32.171875844
118.57,1,14:30:32.171890532
118.57,1,14:30:32.171903965
118.57,9,14:30:32.171918033
118.57,1,14:30:32.171918033
118.57,1,14:30:32.171932679
118.57,1,14:30:32.171946093
118.57,1,14:30:32.171965434
118.57,1,14:30:32.171981325
118.57,1,14:30:32.172031629
118.57,2,14:30:32.172047626
118.57,3,14:30:32.172061015
118.57,6,14:30:32.172084983
118.57,1,14:30:32.172100026
118.57,1,14:30:32.172112781
118.57,1,14:30:32.172128653
118.57,1,14:30:32.195433365
118.57,2,14:30:32.195822793
118.57,1,14:30:32.196901715
118.57,1,14:30:32.199044885
118.57,1,14:30:32.199134939
118.57,1,14:30:32.199497268
118.57,1,14:30:32.199699950
118.57,1,14:30:32.202273400
118.57,2,14:30:32.202273400
118.57,2,14:30:32.202372831
118.57,7,14:30:32.202391250
118.57,1,14:30:32.202391250
118.57,1,14:30:32.202484437
118.57,1,14:30:32.202602296
118.57,1,14:30:32.202872907
118.57,2,14:30:32.206906328
118.57,1,14:30:32.228072465
118.57,1,14:30:39.104614678
118.57,2,14:30:39.104726291
118.57,8,14:30:39.104752618
118.57,7,14:30:39.104752618
118.57,1,14:30:39.104752618
118.57,3,14:30:39.104752618
118.57,2,14:30:39.600739034
118.57,1,14:30:39.600871126
118.57,1,14:30:39.600888253
118.57,6,14:30:39.600888253
118.57,1,14:30:39.600905612
118.57,5,14:30:39.600905612
118.57,3,14:30:39.600905612
118.57,1,14:30:40.104743999
118.57,2,14:30:40.104770501
118.57,1,14:30:40.104770501
118.57,8,14:30:40.104770501
118.57,5,14:30:40.104770501
118.57,3,14:30:40.104770501
118.57,1,14:30:40.356428763
118.57,5,14:30:40.644850901
118.57,1,14:30:40.644934772
118.57,5,14:30:40.644953458
118.58,6,14:30:41.252095655
118.58,1,14:30:41.252209851
118.58,3,14:30:41.252230872
118.58,1,14:30:41.252230872
118.58,4,14:30:41.252230872
118.58,5,14:30:41.252244948
118.58,1,14:30:55.309206735
118.58,1,14:30:55.328710509
118.58,1,14:31:30.206298597
118.58,1,14:31:30.297347866
118.58,2,14:31:30.488783654
118.58,1,14:31:30.663798749
118.58,1,14:31:42.754145360
118.58,1,14:31:42.807901942
118.57,1,14:31:46.364858199
118.57,4,14:31:46.364945497
118.57,2,14:31:46.364960207
118.57,1,14:31:46.364960207
118.57,7,14:31:47.039443721
118.57,1,14:31:47.039518956
118.57,2,14:31:47.039518956
118.57,2,14:32:01.523383106
118.58,1,14:32:07.050254164
118.58,7,14:32:07.050254164
118.58,17,14:32:07.050328059
118.58,1,14:32:12.827600100
118.57,1,14:32:16.555697340
118.58,1,14:32:22.591349862
118.58,1,14:32:22.658785437
118.58,8,14:32:41.766614206
118.58,1,14:33:09.321242899
118.58,1,14:33:14.730056057
118.57,1,14:33:15.175352757
118.57,1,14:33:15.175735764
118.57,1,14:33:15.176178244
118.58,2,14:33:30.313420613
118.58,1,14:33:41.806336399
118.58,1,14:33:42.063408843
118.58,7,14:33:52.288042157
118.57,2,14:33:58.172934038
118.57,1,14:33:58.173027494
118.58,3,14:34:04.473882659
118.57,1,14:34:04.570769260
118.57,1,14:34:04.571005586
118.57,1,14:34:04.572020231
118.57,3,14:34:04.572033860
118.57,1,14:34:04.572049569
118.57,2,14:34:04.572063434
118.57,1,14:34:04.572078465
118.57,5,14:34:04.572078465
118.57,1,14:34:04.572095588
118.57,10,14:34:04.572109758
118.57,5,14:34:04.572109758
118.57,3,14:34:04.572137232
118.57,1,14:34:04.572192215
118.57,2,14:34:04.572214138
118.57,1,14:34:04.572233559
118.57,1,14:34:04.572247690
118.57,1,14:34:04.572261520
118.57,1,14:34:04.572281722
118.57,1,14:34:04.572305191
118.57,1,14:34:04.572328762
118.57,2,14:34:04.572347805
118.57,1,14:34:04.572347805
118.57,1,14:34:04.572367299
118.57,1,14:34:04.572383210
118.57,1,14:34:04.572435059
118.57,2,14:34:04.572456982
118.57,1,14:34:04.572477587
118.57,4,14:34:04.572496294
118.57,15,14:34:04.572510381
118.57,1,14:34:04.572528935
118.57,1,14:34:04.572547494
118.57,1,14:34:04.572579478
118.57,1,14:34:04.624490776
118.56,1,14:34:07.203112074
118.56,50,14:34:07.203235847
118.56,1,14:34:07.203269581
118.56,12,14:34:07.203269581
118.56,8,14:34:07.203269581
118.56,2,14:34:07.203269581
118.56,1,14:34:07.231402247
118.56,1,14:34:07.232136041
118.56,8,14:34:07.232136041
118.56,8,14:34:07.232224364
118.56,1,14:34:07.232243983
118.56,2,14:34:07.232243983
118.56,30,14:34:07.232243983
118.56,1,14:34:07.232715487
118.56,4,14:34:07.232715487
118.56,1,14:34:07.234562705
118.56,1,14:34:07.242035233
118.56,2,14:34:07.252373890
118.56,2,14:34:07.554577955
118.56,4,14:34:07.554688899
118.56,1,14:34:07.554719983
118.56,3,14:34:07.554719983
118.56,7,14:34:07.554719983
118.56,1,14:34:07.554936950
118.56,1,14:34:12.141915187
118.55,1,14:34:27.073342668
118.55,1,14:34:27.073564885
118.55,1,14:34:27.073579823
118.55,8,14:34:27.073600722
118.55,1,14:34:27.073600722
118.55,4,14:34:27.073600722
118.55,13,14:34:27.073630072
118.55,1,14:34:27.073630072
118.55,2,14:34:27.073630072
118.55,10,14:34:27.073630072
118.55,5,14:34:27.073630072
118.55,25,14:34:27.074585828
118.55,13,14:34:27.075489648
118.55,1,14:34:27.075489648
118.55,1,14:34:27.076950403
118.55,5,14:34:31.336146128
118.55,1,14:34:31.336146128
118.55,1,14:34:31.336234317
118.55,1,14:34:31.336255427
118.55,8,14:34:31.336255427
118.55,2,14:34:31.336255427
118.55,4,14:34:31.337562575
118.55,12,14:34:31.337562575
118.55,1,14:34:31.337877355
118.55,1,14:34:31.337989986
118.55,7,14:34:31.337989986
118.55,1,14:34:31.389686152
118.55,1,14:34:32.068396219
118.55,1,14:34:32.132076535
118.55,2,14:34:32.132076535
118.55,1,14:34:55.984680223
118.55,3,14:34:55.984680223
118.55,1,14:34:55.985523783
118.55,3,14:34:55.985523783
118.55,1,14:34:55.988930193
118.55,4,14:34:55.988930193
118.55,12,14:34:55.988930193
118.55,4,14:34:55.989328322
118.55,2,14:34:55.989341387
118.55,2,14:34:55.989358440
118.55,1,14:34:56.038193373
118.55,1,14:34:56.136133012
118.55,1,14:34:56.243700535
118.55,1,14:34:57.023005531
118.55,1,14:34:58.436216265
118.55,1,14:34:58.436329314
118.55,1,14:34:58.436345093
118.55,1,14:34:58.574543035
118.55,1,14:35:06.673673110
118.56,1,14:35:12.292694242
118.56,1,14:35:12.362151446
118.56,1,14:35:12.428844119
118.55,1,14:35:16.139462085
118.55,7,14:35:16.139462085
118.55,1,14:35:16.139482338
118.55,4,14:35:16.139482338
118.55,1,14:35:20.153673566
118.55,1,14:35:28.211068839
118.55,1,14:35:28.211735011
118.55,1,14:35:28.253459750
118.55,1,14:35:30.537402117
118.55,1,14:35:42.422739196
118.55,1,14:35:42.490994829
118.55,1,14:35:49.040270657
118.54,1,14:35:58.937821674
118.55,1,14:36:10.958604306
118.55,1,14:36:10.958713667
118.55,3,14:36:10.958734799
118.55,1,14:36:10.958734799
118.55,6,14:36:10.958734799
118.55,2,14:36:10.959411664
118.55,1,14:36:10.959426045
118.55,2,14:36:10.959426045
118.55,2,14:36:10.959441517
118.55,1,14:36:10.959441517
118.55,1,14:36:10.959457357
118.55,1,14:36:10.959470026
118.55,1,14:36:10.959571338
118.55,1,14:36:10.959631886
118.55,1,14:36:10.959720737
118.55,1,14:36:10.959738410
118.55,2,14:36:10.959962804
118.55,2,14:36:10.959976145
118.55,1,14:36:10.960086462
118.55,2,14:36:10.982726054
118.55,1,14:36:11.018247565
118.55,8,14:36:11.021008450
118.55,1,14:36:11.031281900
118.55,4,14:36:11.031281900
118.55,7,14:36:11.031281900
118.55,5,14:36:11.031281900
118.55,2,14:36:11.031281900
118.55,1,14:36:11.031938288
118.55,3,14:36:11.032659477
118.55,4,14:36:11.033482136
118.55,7,14:36:11.033499605
118.55,1,14:36:11.033499605
118.55,3,14:36:11.033499605
118.55,5,14:36:11.034113911
118.55,1,14:36:11.034286833
118.55,2,14:36:11.034628715
118.55,1,14:36:11.035072157
118.55,1,14:36:11.226183146
118.56,2,14:36:14.320153236
118.56,1,14:36:15.109510176
118.56,1,14:36:15.109956511
118.56,7,14:36:15.109956511
118.56,1,14:36:15.110082722
118.56,1,14:36:15.110117151
118.56,4,14:36:15.110117151
118.56,8,14:36:15.110388818
118.56,8,14:36:16.331032246
118.56,1,14:36:16.331045590
118.56,3,14:36:16.331060822
118.56,1,14:36:16.331076377
118.56,5,14:36:16.331094096
118.56,1,14:36:16.331094096
118.56,4,14:36:16.331108002
118.56,3,14:36:16.331125382
118.56,1,14:36:16.331741814
118.56,2,14:36:16.332738241
118.56,1,14:36:16.332738241
118.56,1,14:36:16.333287079
118.56,1,14:36:16.333473464
118.56,1,14:36:16.333507795
118.56,1,14:36:16.334001034
118.56,3,14:36:16.358906794
118.56,1,14:36:16.358906794
118.56,1,14:36:16.359257818
118.56,1,14:36:16.360166396
118.56,2,14:36:16.360598412
118.56,3,14:36:16.409334483
118.56,1,14:36:16.409334483
118.56,4,14:36:16.504191591
118.56,7,14:36:16.504581053
118.56,21,14:36:18.407816974
118.56,4,14:36:18.408381258
118.56,8,14:36:18.408409575
118.56,3,14:36:18.408409575
118.56,1,14:36:18.408409575
118.56,1,14:36:20.718761541
118.56,3,14:36:20.718761541
118.56,6,14:36:20.718831270
118.56,1,14:36:25.198809535
118.56,1,14:36:42.525340839
118.56,1,14:36:45.652092617
118.56,7,14:36:45.652092617
118.56,1,14:36:45.652273786
118.56,1,14:36:45.652288692
118.56,13,14:36:45.652327005
118.56,1,14:36:45.652327005
118.56,8,14:36:45.652327005
118.56,3,14:36:45.652327005
118.56,8,14:36:45.653226860
118.57,1,14:36:49.619904255
118.57,1,14:37:06.237017454
118.57,7,14:37:06.237017454
118.57,1,14:37:12.600124774
118.57,5,14:37:13.956329886
118.57,2,14:37:20.227641022
118.57,1,14:37:29.241966957
118.57,2,14:37:29.242005156
118.57,1,14:37:29.242005156
118.57,100,14:37:29.242005156
118.57,13,14:37:29.242005156
118.57,1,14:37:29.253332578
118.57,1,14:37:29.253423534
118.58,6,14:37:33.682386973
118.58,1,14:37:33.683067488
118.57,1,14:37:46.471024312
118.57,3,14:37:46.471123845
118.57,7,14:37:46.471144981
118.57,3,14:37:46.471144981
118.57,1,14:37:46.471746612
118.57,7,14:37:46.471746612
118.57,10,14:37:46.471746612
118.57,2,14:37:46.471746612
118.57,1,14:37:46.471911006
118.57,13,14:37:46.471924395
118.57,1,14:37:46.471938631
118.57,1,14:37:46.471952724
118.57,2,14:37:46.471970183
118.57,1,14:37:46.471984327
118.57,1,14:37:46.472006017
118.57,1,14:37:46.487486414
118.57,1,14:37:46.517588822
118.57,1,14:37:46.518738428
118.57,1,14:37:46.518993439
118.57,1,14:37:46.519200443
118.57,1,14:37:46.535311228
118.57,1,14:37:46.725432663
118.57,4,14:37:47.074438764
118.57,2,14:37:47.074438764
118.57,1,14:37:47.074540849
118.57,2,14:37:47.074566806
118.57,1,14:37:47.074566806
118.57,1,14:37:47.074847712
118.57,1,14:37:47.075404866
118.57,1,14:37:47.075545324
118.57,1,14:37:47.075772408
118.57,1,14:37:54.833521828
118.57,1,14:37:54.833780487
118.56,25,14:37:57.952725941
118.56,4,14:37:57.952725941
118.56,8,14:37:57.952909041
118.56,6,14:37:57.952922995
118.56,1,14:37:57.952936717
118.56,1,14:37:57.952952778
118.56,1,14:37:57.952968525
118.56,2,14:37:57.952968525
118.56,1,14:37:57.952982320
118.56,8,14:37:57.952996551
118.56,2,14:37:57.952996551
118.56,4,14:37:57.953010586
118.56,1,14:37:57.953024761
118.56,16,14:37:57.953038942
118.56,6,14:37:57.953052465
118.57,1,14:38:00.950285656
118.57,1,14:38:07.531389388
118.57,1,14:38:07.531488869
118.57,1,14:38:42.828168956
118.57,1,14:38:42.828634412
118.57,1,14:38:42.847520873
118.57,1,14:38:47.951318676
118.57,1,14:38:47.951333082
118.57,1,14:38:47.951346759
118.57,2,14:38:47.951360740
118.57,1,14:38:47.951376247
118.57,1,14:38:47.951393716
118.57,2,14:38:47.951408868
118.57,1,14:38:47.951430599
118.57,8,14:38:47.951443831
118.57,2,14:38:47.951464784
118.57,7,14:38:47.951478292
118.57,1,14:38:47.951492903
118.57,7,14:38:47.951507408
118.57,3,14:38:47.951522602
118.57,1,14:38:47.952204122
118.57,2,14:38:47.952204122
118.57,6,14:38:47.952419635
118.57,3,14:38:47.952455853
118.57,1,14:38:47.952455853
118.57,1,14:38:47.953238296
118.57,6,14:38:47.953256310
118.57,1,14:38:47.953724488
118.57,1,14:38:47.953742651
118.57,1,14:38:47.973356238
118.57,4,14:38:47.973356238
118.57,2,14:38:47.973424494
118.57,7,14:38:47.973849374
118.57,1,14:38:47.973869335
118.57,4,14:38:47.975979356
118.57,4,14:38:47.976260409
118.57,4,14:38:47.976276379
118.57,1,14:38:48.185300299
118.57,2,14:38:52.225839242
118.57,1,14:38:52.226176016
118.57,4,14:38:54.541996250
118.57,26,14:38:54.542279325
118.57,21,14:38:54.543340914
118.57,1,14:38:54.543619102
118.57,4,14:39:00.465280900
118.58,8,14:39:27.193762233
118.58,14,14:39:41.083836747
118.58,14,14:39:41.319843350
118.58,13,14:39:41.556896573
118.58,1,14:39:41.556974115
118.58,1,14:39:41.557417245
118.58,1,14:39:41.794856200
118.58,1,14:39:41.794950696
118.58,6,14:39:41.794971134
118.58,2,14:39:41.794971134
118.58,1,14:39:41.794971134
118.58,7,14:39:42.041427392
118.58,1,14:39:42.213402109
118.58,1,14:39:42.213415936
118.58,1,14:39:42.213496022
118.58,1,14:39:42.213514346
118.58,1,14:39:42.386235920
118.58,7,14:39:42.386315078
118.58,1,14:39:42.386315078
118.58,6,14:39:42.558447981
118.58,3,14:39:42.597852470
118.58,4,14:39:42.598284035
118.58,1,14:39:42.598405631
118.58,1,14:39:42.598428166
118.58,4,14:39:42.598428166
118.58,2,14:39:42.598428166
118.58,7,14:39:42.598428166
118.58,20,14:39:42.599380693
118.58,1,14:39:42.640251547
118.58,1,14:39:42.765784115
118.58,1,14:39:42.770959016
118.58,1,14:39:42.968388845
118.58,14,14:39:43.150828075
118.58,1,14:39:43.386890743
118.58,1,14:39:43.387197686
118.58,13,14:39:43.387530774
118.58,11,14:39:43.387530774
118.58,1,14:39:43.387530774
118.58,1,14:39:43.388025180
118.58,1,14:40:06.723712703
118.58,5,14:40:06.723790891
118.58,3,14:40:06.724067275
118.58,1,14:40:06.724067275
118.58,2,14:40:06.724067275
118.58,3,14:40:06.724178452
118.58,2,14:40:06.724178452
118.58,1,14:40:06.724193662
118.58,25,14:40:06.724193662
118.58,2,14:40:06.724362030
118.58,7,14:40:06.724530874
118.58,4,14:40:06.724545226
118.58,3,14:40:06.724558740
118.58,1,14:40:06.724575556
118.58,2,14:40:06.724575556
118.58,1,14:40:06.724590052
118.58,3,14:40:06.724603623
118.58,1,14:40:06.724617687
118.58,2,14:40:06.724637258
118.58,14,14:40:06.880289103
118.58,1,14:40:12.040929918
118.57,13,14:40:37.400280549
118.57,4,14:40:37.400395515
118.57,1,14:40:37.400419291
118.57,2,14:40:37.400419291
118.57,1,14:40:37.400433476
118.57,1,14:40:37.401315758
118.57,1,14:40:37.401333994
118.57,2,14:40:37.401333994
118.57,1,14:40:37.432570237
118.57,2,14:40:37.432665405
118.57,1,14:40:37.433061079
118.57,1,14:40:37.433145731
118.57,1,14:40:37.444319755
118.57,1,14:40:37.465174036
118.57,1,14:40:37.489544141
118.57,2,14:40:37.587611342
118.57,1,14:40:37.587685687
118.57,6,14:40:37.587685687
118.57,1,14:40:37.589180851
118.57,1,14:40:37.589291487
118.57,1,14:40:37.589308774
118.57,2,14:40:37.589308774
118.57,1,14:40:37.589874809
118.57,4,14:40:37.591335361
118.57,1,14:40:37.663883658
118.57,2,14:40:37.663901601
118.57,1,14:40:37.663901601
118.57,1,14:40:37.664220272
118.57,1,14:40:37.665494738
118.57,1,14:40:37.665588373
118.57,2,14:40:37.665605465
118.57,1,14:41:12.186725311
118.57,1,14:41:28.071959102
118.56,1,14:41:31.729565886
118.57,1,14:41:33.569211710
118.57,1,14:41:33.569301335
118.57,1,14:41:33.569318055
118.57,2,14:41:33.569622816
118.57,1,14:41:33.569622816
118.57,1,14:41:33.569721850
118.57,1,14:41:33.569740538
118.57,1,14:41:33.570102276
118.57,1,14:41:38.765481115
118.56,1,14:41:38.835979407
118.56,1,14:41:38.836385317
118.56,2,14:41:38.837083973
118.57,1,14:42:02.045213335
118.57,1,14:42:02.045659561
118.57,1,14:42:02.102968314
118.57,1,14:42:10.545689363
118.57,1,14:42:10.545815328
118.57,1,14:42:10.545850573
118.57,3,14:42:10.545850573
118.57,8,14:42:10.545850573
118.57,2,14:42:10.545850573
118.57,7,14:42:10.545850573
118.58,1,14:42:12.335360450
118.58,1,14:42:19.547576015
118.58,5,14:42:19.588610519
118.58,3,14:42:19.710174899
118.58,1,14:42:19.710174899
118.58,2,14:42:19.712444222
118.58,8,14:42:19.712444222
118.57,11,14:42:34.598262689
118.57,29,14:42:34.598819743
118.57,1,14:42:34.598819743
118.57,1,14:42:34.598975033
118.57,1,14:42:34.598997625
118.57,12,14:42:34.598997625
118.57,8,14:42:34.598997625
118.57,1,14:42:34.599015852
118.57,2,14:42:34.599015852
118.57,1,14:42:34.614496292
118.57,8,14:42:37.237720077
118.57,1,14:42:37.237834518
118.57,2,14:42:37.237834518
118.57,2,14:42:37.238746511
118.57,8,14:42:37.239111112
118.57,4,14:42:37.239111112
118.57,2,14:42:39.549386135
118.57,1,14:42:39.549732599
118.57,1,14:42:39.549845274
118.57,7,14:43:06.645636448
118.57,1,14:43:06.645636448
118.57,2,14:43:06.646745161
118.57,8,14:43:06.647889413
118.57,1,14:43:06.674464887
118.56,3,14:43:48.289677940
118.56,2,14:43:48.289677940
118.57,3,14:43:51.580600403
118.57,1,14:43:51.580689610
118.57,2,14:43:51.580689610
118.56,7,14:43:52.715575944
118.56,1,14:43:52.715575944
118.56,18,14:43:52.718374671
118.56,1,14:43:52.718512389
118.56,1,14:43:52.718531151
118.56,2,14:43:52.718531151
118.56,5,14:43:52.718531151
118.56,2,14:43:52.718703045
118.56,8,14:43:52.718703045
118.56,1,14:43:52.718717730
118.56,1,14:43:52.718731816
118.56,7,14:43:52.718747954
118.56,1,14:43:52.718747954
118.56,1,14:43:52.718761790
118.56,1,14:43:52.718779058
118.56,1,14:43:52.763064781
118.56,1,14:43:52.763344003
118.56,2,14:43:52.787002429
118.56,8,14:43:52.958871916
118.56,1,14:43:52.958886037
118.56,1,14:43:52.958965010
118.56,1,14:43:52.958985256
118.56,4,14:43:53.671364331
118.56,1,14:43:53.708234958
118.56,1,14:43:53.796905224
118.56,8,14:43:53.796905224
118.56,1,14:43:53.796981093
118.56,3,14:43:53.847145898
118.56,1,14:43:54.967990358
118.56,3,14:43:54.967990358
118.56,7,14:44:34.046439871
118.56,8,14:44:34.046659535
118.56,1,14:44:34.046659535
118.56,1,14:44:34.046673928
118.56,8,14:44:34.046673928
118.56,4,14:44:34.046688405
118.56,1,14:44:34.046688405
118.56,1,14:44:34.046702750
118.56,2,14:44:34.046717528
118.56,24,14:44:34.046717528
118.56,13,14:44:34.046717528
118.56,1,14:44:34.046733490
118.56,6,14:44:34.046733490
118.56,1,14:44:34.046747704
118.56,18,14:44:34.046762218
118.56,7,14:44:34.047051822
118.56,1,14:44:34.047169400
118.56,1,14:44:34.047347982
118.56,3,14:44:37.351977810
118.57,1,14:45:00.223652928
118.57,7,14:45:37.319632202
118.57,1,14:45:37.319693034
118.57,2,14:45:37.320627613
118.57,1,14:45:45.572309681
118.56,1,14:45:57.826116930
118.57,2,14:46:02.887877293
118.57,1,14:46:11.206176917
118.57,1,14:46:11.206336758
118.57,7,14:46:11.206364959
118.57,1,14:46:11.206378911
118.57,1,14:46:11.206393944
118.57,1,14:46:11.206408120
118.57,1,14:46:11.206422562
118.57,1,14:46:11.206436175
118.57,3,14:46:11.206450232
118.57,1,14:46:11.206473307
118.57,1,14:46:11.206512005
118.57,1,14:46:11.206525275
118.57,1,14:46:11.206538783
118.57,1,14:46:11.206555294
118.57,1,14:46:11.206572168
118.57,1,14:46:11.206589951
118.57,2,14:46:11.206610693
118.57,1,14:46:11.206633678
118.57,1,14:46:11.206648664
118.57,1,14:46:11.206662274
118.57,1,14:46:11.206677848
118.57,8,14:46:11.206695160
118.57,1,14:46:11.206845374
118.57,1,14:46:11.206867749
118.57,2,14:46:11.206883422
118.57,1,14:46:11.206900286
118.57,1,14:46:11.206917576
118.57,7,14:46:11.206943016
118.57,8,14:46:12.616582634
118.57,2,14:46:12.616605034
118.57,1,14:46:12.616605034
118.57,7,14:46:12.616605034
118.57,6,14:46:12.616625869
118.57,7,14:46:12.616625869
118.57,2,14:46:12.616625869
118.57,2,14:46:12.643211119
118.57,1,14:46:12.643534248
118.57,1,14:46:12.691334108
118.57,1,14:46:49.062081012
118.57,1,14:46:49.062381203
118.57,1,14:47:14.033188442
118.56,4,14:47:45.221775201
118.56,16,14:47:45.221963147
118.56,1,14:47:45.221963147
118.56,1,14:47:45.222177652
118.56,1,14:47:45.222192977
118.56,1,14:47:45.222206791
118.56,13,14:47:45.222206791
118.56,2,14:47:45.222206791
118.56,1,14:47:45.222221470
118.56,1,14:47:45.222234587
118.56,2,14:47:45.222428537
118.56,8,14:47:45.222446756
118.56,1,14:47:45.222461098
118.56,1,14:47:45.222479850
118.56,1,14:47:45.222497245
118.56,1,14:47:45.222514554
118.56,2,14:47:45.222533326
118.56,1,14:47:45.222556164
118.56,6,14:47:45.222571825
118.56,1,14:47:45.222571825
118.56,25,14:47:45.222597511
118.56,4,14:47:45.222634215
118.56,14,14:47:45.222704666
118.56,2,14:47:45.222799662
118.56,5,14:47:45.222831457
118.56,3,14:47:45.222927713
118.56,1,14:47:45.222941770
118.56,2,14:47:45.223596144
118.56,1,14:47:45.223840857
118.56,3,14:47:45.224134878
118.56,1,14:47:45.224909231
118.56,2,14:47:45.224909231
118.56,1,14:47:45.224929811
118.56,3,14:47:45.225406994
118.56,1,14:47:45.225406994
118.56,1,14:47:45.225556357
118.56,4,14:47:45.225980574
118.56,1,14:47:45.231377408
118.56,4,14:47:45.231377408
118.56,1,14:47:45.261431655
118.56,7,14:47:45.279947794
118.56,1,14:47:45.279963507
118.56,8,14:47:45.279963507
118.56,2,14:47:45.413282145
118.56,4,14:47:58.139710154
118.56,6,14:47:58.139710154
118.56,2,14:47:58.139832151
118.56,1,14:47:58.139854833
118.56,2,14:47:58.139854833
118.57,7,14:47:59.355739797
118.57,3,14:47:59.355754299
118.57,1,14:47:59.355887333
118.57,1,14:47:59.355901663
118.57,8,14:47:59.355915893
118.57,1,14:47:59.355915893
118.57,2,14:47:59.355915893
118.57,1,14:47:59.355930187
118.57,1,14:47:59.355945765
118.57,2,14:47:59.356174690
118.57,1,14:47:59.356188098
118.57,1,14:47:59.356202332
118.57,5,14:47:59.356219665
118.57,1,14:47:59.356219665
118.57,13,14:47:59.356233516
118.57,2,14:47:59.356233516
118.57,2,14:47:59.356247922
118.57,3,14:47:59.356247922
118.57,1,14:47:59.356262620
118.57,1,14:47:59.356279170
118.57,4,14:47:59.356644696
118.57,8,14:48:14.038377035
118.57,3,14:48:14.038377035
118.57,1,14:48:14.038477704
118.57,1,14:48:14.038506769
118.57,4,14:48:14.038506769
118.57,2,14:48:14.038506769
118.57,1,14:48:14.042417157
118.57,1,14:48:14.042432347
118.57,1,14:48:14.059425698
118.57,1,14:48:15.104982433
118.57,1,14:48:19.079685872
118.57,2,14:48:19.079832515
118.57,1,14:48:19.079846794
118.57,8,14:48:19.079846794
118.57,2,14:48:19.079862240
118.57,1,14:48:19.079862240
118.57,1,14:48:19.079875552
118.57,8,14:48:19.079891136
118.57,5,14:48:19.079891136
118.57,2,14:48:19.079891136
118.57,1,14:48:19.079984630
118.57,4,14:48:19.079998380
118.57,4,14:48:19.080012841
118.57,8,14:48:19.080031117
118.57,1,14:48:19.080376566
118.57,1,14:48:20.038845542
118.57,8,14:48:20.076943974
118.57,1,14:48:20.077013861
118.57,1,14:48:20.077029359
118.57,15,14:48:23.438787528
118.57,8,14:48:26.645401810
118.57,1,14:48:26.645490632
118.57,6,14:48:26.645505208
118.57,1,14:48:26.704502786
118.57,5,14:48:28.233789647
118.57,1,14:48:28.233789647
118.57,1,14:48:28.373990706
118.57,1,14:49:27.045385290
118.57,2,14:49:27.045639402
118.57,2,14:49:30.460985604
118.57,1,14:49:31.960022024
118.56,6,14:50:00.508048792
118.56,5,14:50:00.508070561
118.56,1,14:50:04.308991919
118.56,2,14:50:04.309224943
118.56,4,14:50:04.309265921
118.57,1,14:50:04.387358506
118.56,1,14:50:06.831938308
118.56,1,14:50:07.770985666
118.56,1,14:50:07.771090165
118.56,5,14:50:07.771106741
118.56,2,14:50:08.184247706
118.56,1,14:50:12.609163720
118.56,1,14:50:12.609249067
118.56,1,14:50:12.609274555
118.56,1,14:50:12.641251882
118.56,1,14:50:12.641276049
118.56,5,14:50:12.641276049
118.57,1,14:50:28.029193994
118.56,1,14:50:28.207671379
118.56,3,14:50:37.880880820
118.56,1,14:50:43.421940456
118.56,1,14:50:44.197448617
118.56,1,14:50:44.197469302
118.56,1,14:50:44.197488175
118.56,1,14:50:44.198082611
118.56,1,14:50:44.229770387
118.56,1,14:50:44.231050411
118.56,2,14:50:44.231072949
118.56,1,14:50:44.231072949
118.56,3,14:50:44.231072949
118.56,2,14:50:44.231620817
118.56,1,14:50:44.237962994
118.57,1,14:50:52.324831518
118.57,1,14:50:52.324847051
118.57,5,14:50:52.324847051
118.57,5,14:50:52.324860389
118.57,1,14:50:52.324875076
118.57,1,14:50:52.324889935
118.57,3,14:50:52.324910153
118.57,1,14:50:52.324924268
118.57,1,14:50:52.324937788
118.57,1,14:50:52.324951733
118.57,7,14:50:52.324965471
118.57,1,14:50:52.324979810
118.57,1,14:50:52.324993461
118.57,1,14:50:52.325007087
118.57,1,14:50:52.325020268
118.57,1,14:50:52.325035020
118.57,5,14:50:52.325249551
118.57,1,14:50:52.325264831
118.57,6,14:50:52.325278552
118.57,4,14:50:52.325299055
118.57,1,14:50:52.325890993
118.57,1,14:50:52.326181816
118.57,2,14:50:52.337796376
118.57,8,14:50:52.337957941
118.57,1,14:50:52.337976223
118.57,2,14:50:52.337976223
118.57,8,14:50:52.337976223
118.57,1,14:50:52.337998149
118.57,2,14:50:52.337998149
118.57,4,14:50:52.337998149
118.57,1,14:50:52.338327896
118.57,1,14:50:52.338672437
118.57,1,14:50:52.338817124
118.57,2,14:50:52.338817124
118.57,1,14:50:52.338953153
118.57,4,14:50:52.339332061
118.57,1,14:50:52.367338071
118.57,1,14:50:52.367753828
118.57,1,14:50:52.381732499
118.57,2,14:50:52.381795372
118.57,2,14:50:52.390205231
118.57,1,14:50:52.390438021
118.57,2,14:50:52.390438021
118.57,2,14:50:52.390613583
118.57,1,14:50:52.390842306
118.57,1,14:50:52.390938988
118.57,2,14:50:52.395078799
118.57,1,14:50:52.395164993
118.57,3,14:50:52.431505791
118.57,1,14:50:52.520933941
118.58,1,14:50:53.100960035
118.58,4,14:50:53.100960035
118.58,8,14:50:53.101036118
118.58,1,14:50:53.101036118
118.58,4,14:50:53.488147523
118.58,1,14:50:53.488147523
118.58,1,14:50:53.488229491
118.58,1,14:50:53.488244407
118.58,7,14:50:53.488244407
118.57,6,14:50:53.647975644
118.57,7,14:50:53.648117371
118.57,5,14:50:53.648140781
118.57,1,14:50:53.648140781
118.57,2,14:50:53.648140781
118.57,8,14:50:53.648140781
118.57,1,14:50:53.691014781
118.58,1,14:50:53.733759479
118.58,3,14:50:53.733836676
118.58,8,14:50:53.733851243
118.58,1,14:50:53.733851243
118.58,6,14:50:53.953640044
118.58,8,14:50:53.953640044
118.58,7,14:50:54.242783918
118.58,1,14:50:54.461987392
118.58,6,14:50:54.462059696
118.58,7,14:50:54.680090430
118.58,7,14:50:54.896183530
118.58,5,14:50:55.112611907
118.58,2,14:50:55.112689587
118.58,2,14:50:55.331761959
118.58,1,14:50:55.331837363
118.58,4,14:50:55.331837363
118.58,1,14:50:55.501978282
118.58,3,14:50:55.501978282
118.58,6,14:50:55.502047770
118.58,1,14:50:55.503150362
118.58,1,14:50:55.606124983
118.58,1,14:50:55.792604171
118.58,1,14:50:55.792700026
118.58,2,14:50:55.792700026
118.58,3,14:50:55.792715709
118.58,1,14:50:55.793091428
118.58,2,14:50:55.966026604
118.58,1,14:50:55.966113695
118.58,1,14:50:55.966132700
118.58,1,14:50:55.966561477
118.58,2,14:50:55.967204622
118.58,1,14:50:55.967204622
118.58,2,14:50:55.967349889
118.58,1,14:50:55.967349889
118.58,1,14:50:57.276270325
118.58,1,14:50:57.431277446
118.58,1,14:50:57.431300922
118.58,2,14:50:57.431300922
118.58,1,14:50:57.431472726
118.58,1,14:50:57.431568105
118.58,4,14:50:57.431568105
118.58,3,14:50:57.432053048
118.58,2,14:50:57.432602485
118.58,2,14:50:57.666759148
118.58,8,14:50:57.666759148
118.58,8,14:50:57.760767188
118.58,3,14:50:59.498393880
118.58,8,14:50:59.498474024
118.58,1,14:50:59.498490779
118.58,12,14:50:59.733896620
118.58,2,14:50:59.733966053
118.58,2,14:50:59.904518419
118.58,2,14:51:00.034893651
118.58,4,14:51:00.034965696
118.58,8,14:51:00.035254982
118.58,1,14:51:00.085837619
118.58,1,14:51:00.086183549
118.58,2,14:51:00.912724979
118.58,3,14:51:01.036208744
118.58,8,14:51:02.890498593
118.58,1,14:51:02.890616436
118.58,1,14:51:02.890644129
118.58,5,14:51:02.890644129
118.58,4,14:51:02.890644129
118.58,2,14:51:02.890644129
118.58,1,14:51:03.020490503
118.58,3,14:51:03.020587259
118.58,8,14:51:03.020587259
118.58,1,14:51:03.020604497
118.58,1,14:51:03.020809191
118.59,6,14:51:03.406828907
118.58,14,14:51:06.460443757
118.58,2,14:51:06.636233056
118.58,1,14:51:06.636260787
118.58,5,14:51:06.636260787
118.58,3,14:51:06.636260787
118.58,4,14:51:09.549928442
118.58,1,14:51:09.550014877
118.58,6,14:51:09.693397830
118.58,3,14:51:09.819408457
118.58,1,14:51:09.819408457
118.58,1,14:51:09.819842024
118.58,9,14:51:09.822100240
118.58,1,14:51:09.850504831
118.58,1,14:51:09.893264688
118.58,1,14:51:10.122074431
118.58,3,14:51:10.122074431
118.58,1,14:51:10.122318872
118.58,3,14:51:10.122658242
118.58,6,14:51:10.122758692
118.58,1,14:51:17.150533629
118.58,1,14:51:22.030777102
118.58,1,14:51:22.409566487
118.58,1,14:51:22.409657584
118.58,1,14:51:22.409679933
118.58,7,14:51:22.410350921
118.58,1,14:51:22.410350921
118.58,1,14:51:22.411334963
118.58,1,14:51:22.648767332
118.58,1,14:51:22.648781581
118.58,3,14:51:22.648859546
118.58,1,14:51:28.611605298
118.58,3,14:51:34.494036997
118.58,1,14:51:34.494378267
118.58,2,14:51:34.494393595
118.58,1,14:51:34.494480696
118.58,1,14:52:04.177796953
118.58,8,14:52:04.177833971
118.58,2,14:52:04.177833971
118.58,1,14:52:04.177833971
118.58,3,14:52:04.177833971
118.58,7,14:52:04.177858982
118.58,1,14:52:04.177858982
118.58,1,14:52:04.222095497
118.58,2,14:52:04.234938031
118.58,1,14:52:04.235001774
118.58,1,14:52:04.266516892
118.58,3,14:52:10.544229245
118.58,2,14:52:10.544229245
118.58,8,14:52:10.544321498
118.58,1,14:52:10.544321498
118.58,5,14:52:10.835428815
118.58,3,14:52:11.051637665
118.58,1,14:52:11.051637665
118.58,3,14:52:11.051718821
118.58,1,14:52:11.051718821
118.58,5,14:52:11.224133855
118.58,1,14:52:11.224133855
118.58,2,14:52:11.224212565
118.58,1,14:52:11.224491874
118.58,1,14:52:16.037307815
118.58,8,14:52:16.037307815
118.58,1,14:52:16.037821616
118.58,1,14:52:16.038297741
118.58,4,14:52:16.038674736
118.58,1,14:52:16.038674736
118.58,2,14:52:16.039151494
118.58,1,14:52:16.626665000
118.58,1,14:52:18.400694492
118.58,2,14:52:18.400694492
118.58,1,14:52:18.552619684
118.58,21,14:52:20.619182297
118.58,1,14:52:20.619182297
118.58,8,14:52:20.619281023
118.58,1,14:52:20.619281023
118.58,1,14:52:20.619297544
118.58,2,14:52:20.619297544
118.58,1,14:52:20.619718523
118.59,25,14:52:28.501811137
118.59,1,14:53:04.035456813
118.59,1,14:53:09.029145112
118.58,2,14:53:15.182916643
118.58,4,14:53:31.160501810
118.58,25,14:53:31.160774389
118.58,1,14:53:31.160797474
118.58,4,14:53:31.160797474
118.58,8,14:53:31.160797474
118.58,2,14:53:31.160797474
118.58,1,14:53:31.160811474
118.58,1,14:53:31.161033482
118.58,2,14:53:31.161033482
118.58,2,14:53:32.311879457
118.58,1,14:53:32.311879457
118.58,4,14:53:32.312019787
118.58,1,14:53:32.312042616
118.58,2,14:53:32.312042616
118.58,8,14:53:32.312042616
118.58,7,14:53:32.312042616
118.58,1,14:53:32.312060791
118.58,19,14:53:32.312060791
118.58,4,14:53:32.312230120
118.58,2,14:53:32.312349364
118.58,1,14:53:32.312349364
118.58,1,14:53:32.356740239
118.57,1,14:53:37.448882931
118.58,1,14:54:17.036395882
118.57,1,14:54:29.629099624
118.57,1,14:54:41.207811172
118.57,1,14:54:49.182478995
118.57,1,14:54:55.337434708
118.58,1,14:55:01.400275363
118.58,1,14:55:01.400374140
118.58,2,14:55:01.400389197
118.58,3,14:55:01.400389197
118.58,1,14:55:12.201270691
118.58,1,14:55:13.020351476
118.58,7,14:55:16.709556221
118.58,1,14:55:16.709785126
118.58,7,14:55:16.709800165
118.58,2,14:55:16.709800165
118.58,1,14:55:16.709800165
118.58,1,14:55:16.709814761
118.58,6,14:55:16.709814761
118.58,1,14:55:16.709830310
118.58,1,14:55:16.709844531
118.58,1,14:55:16.709871842
118.58,1,14:55:16.710058527
118.58,1,14:55:16.710120920
118.58,2,14:55:16.755578233
118.58,2,14:55:16.768537029
118.58,1,14:55:16.768537029
118.58,1,14:55:16.768998811
118.58,4,14:55:16.768998811
118.58,7,14:55:16.768998811
118.58,3,14:55:16.768998811
118.58,8,14:55:16.769225941
118.58,1,14:55:16.803768150
118.59,1,14:55:26.218566607
118.59,1,14:55:33.538877361
118.59,8,14:55:33.538877361
118.59,2,14:55:33.538877361
118.59,8,14:55:33.539054165
118.59,1,14:55:33.539068747
118.59,1,14:55:33.539200526
118.59,1,14:55:33.539214903
118.59,2,14:55:33.539214903
118.59,100,14:55:33.539214903
118.59,1,14:55:33.539229713
118.59,2,14:55:33.539229713
118.59,3,14:55:33.539229713
118.59,4,14:55:33.540391911
118.59,15,14:55:33.540405645
118.59,4,14:55:33.540447776
118.59,1,14:55:33.540461955
118.59,8,14:55:33.540477446
118.59,2,14:55:33.540477446
118.59,9,14:55:33.540477446
118.59,1,14:55:33.540585942
118.59,13,14:55:33.540599616
118.59,1,14:55:33.540613635
118.59,3,14:55:33.540691798
118.59,1,14:55:33.541191158
118.59,2,14:55:33.541765388
118.59,3,14:55:33.541824745
118.59,1,14:55:33.542020165
118.59,2,14:55:33.542042587
118.59,3,14:55:33.542042587
118.59,1,14:55:33.542042587
118.59,4,14:55:33.542216808
118.59,8,14:55:33.542288767
118.59,8,14:55:33.542396283
118.59,1,14:55:33.542517160
118.59,1,14:55:33.542622760
118.59,7,14:55:33.542650546
118.59,1,14:55:33.542666341
118.59,2,14:55:33.542891515
118.59,1,14:55:33.542970072
118.59,2,14:55:33.543012964
118.59,1,14:55:33.543047422
118.59,3,14:55:33.543062263
118.59,1,14:55:33.543183144
118.59,7,14:55:33.543230529
118.59,8,14:55:33.543674756
118.59,4,14:55:33.543829421
118.59,1,14:55:33.543829421
118.59,1,14:55:33.543925338
118.59,9,14:55:33.544058778
118.59,3,14:55:33.544076205
118.59,1,14:55:33.544092583
118.59,1,14:55:33.544119815
118.59,1,14:55:33.544155165
118.59,1,14:55:33.544206371
118.59,1,14:55:33.544582829
118.59,1,14:55:33.544672442
118.59,1,14:55:33.544687411
118.59,2,14:55:33.544804566
118.59,1,14:55:33.545357718
118.59,1,14:55:33.545443120
118.59,1,14:55:33.546075029
118.59,1,14:55:33.546094172
118.59,1,14:55:33.546281509
118.59,1,14:55:33.546627503
118.59,1,14:55:33.546778347
118.59,2,14:55:33.546778347
118.59,1,14:55:33.547111723
118.59,1,14:55:33.547230910
118.59,2,14:55:33.547273278
118.59,1,14:55:33.559407009
118.59,1,14:55:33.653587918
118.59,1,14:55:33.762039308
118.59,6,14:55:50.187025487
118.59,8,14:55:50.187175307
118.59,1,14:55:50.187204220
118.59,6,14:55:50.187204220
118.59,2,14:55:50.187204220
118.59,1,14:55:50.187220959
118.59,2,14:55:50.187220959
118.59,3,14:55:50.188852320
118.59,1,14:55:50.188852320
118.59,1,14:55:50.189553101
118.59,3,14:55:50.189553101
118.59,1,14:55:50.189656233
118.59,1,14:55:50.215026495
118.59,1,14:55:50.215672565
118.59,1,14:55:58.576564550
118.59,1,14:56:00.147192388
118.59,3,14:56:00.147334023
118.59,1,14:56:00.147360609
118.59,7,14:56:00.147360609
118.59,2,14:56:00.147360609
118.59,1,14:56:00.147379428
118.59,2,14:56:00.147379428
118.59,8,14:56:00.147379428
118.59,1,14:56:00.148829068
118.59,1,14:56:00.149037107
118.59,1,14:56:00.149523103
118.59,2,14:56:00.149554152
118.59,1,14:56:00.149554152
118.59,1,14:56:03.025627803
118.59,2,14:56:05.680757598
118.59,1,14:56:05.680871469
118.59,1,14:56:05.680902481
118.59,6,14:56:05.680902481
118.59,2,14:56:05.680902481
118.59,3,14:56:05.680902481
118.59,8,14:56:05.680902481
118.59,1,14:56:05.681255697
118.59,1,14:56:05.681347533
118.59,1,14:56:05.923103082
118.59,1,14:56:05.965886546
118.59,1,14:56:06.008062935
118.59,1,14:56:06.008262753
118.59,2,14:56:06.008464513
118.59,1,14:56:06.131340673
118.59,8,14:56:06.131600733
118.59,1,14:56:06.131716291
118.59,3,14:56:06.131734660
118.59,3,14:56:06.186325327
118.59,1,14:56:06.527000420
118.59,1,14:56:06.527318224
118.59,8,14:56:07.946504800
118.59,3,14:56:07.946504800
118.59,1,14:56:09.027288440
118.59,8,14:56:09.027399806
118.59,1,14:56:09.027422392
118.59,8,14:56:09.027422392
118.59,1,14:56:09.027819316
118.59,3,14:56:09.027979117
118.59,4,14:56:09.027979117
118.59,8,14:56:35.285437682
118.59,4,14:56:35.285437682
118.59,1,14:56:35.285437682
118.59,1,14:56:35.285560920
118.59,2,14:56:35.285578690
118.59,3,14:56:35.285578690
118.59,1,14:56:35.285578690
118.59,1,14:56:35.285594084
118.59,1,14:56:35.339405911
118.59,3,14:56:35.339511581
118.59,1,14:56:35.339531930
118.59,3,14:56:35.339531930
118.59,8,14:56:35.339531930
118.59,1,14:56:36.061852827
118.59,1,14:56:36.062329591
118.6,4,14:56:38.116992023
118.6,1,14:56:38.117078343
118.6,2,14:56:38.117092769
118.6,1,14:56:38.117092769
118.6,1,14:56:40.026593744
118.6,1,14:56:58.180456179
118.6,25,14:57:07.018499926
118.59,2,14:57:11.845080135
118.59,1,14:57:14.379989564
118.59,1,14:57:14.411344200
118.59,1,14:57:14.442610367
118.59,1,14:57:14.473885816
118.59,1,14:57:14.505143477
118.59,1,14:57:14.536422316
118.59,1,14:57:14.567807538
118.59,1,14:57:14.599132117
118.59,1,14:57:14.630420498
118.59,1,14:57:14.661813903
118.59,1,14:57:14.665450582
118.59,1,14:57:14.693198095
118.59,1,14:57:14.724575807
118.59,1,14:57:14.755819340
118.59,1,14:57:14.787096223
118.59,1,14:57:14.818364153
118.59,1,14:57:14.849684195
118.59,1,14:57:14.905002025
118.59,1,14:57:14.936291558
118.59,1,14:57:14.967580035
118.59,1,14:57:14.998811164
118.59,1,14:57:15.030047167
118.59,1,14:57:15.061294086
118.59,1,14:57:15.092543721
118.59,1,14:57:15.123885913
118.59,1,14:57:15.155453033
118.59,1,14:57:15.186704355
118.59,1,14:57:15.218561836
118.59,1,14:57:15.249995922
118.59,1,14:57:15.281220668
118.59,1,14:57:15.312690601
118.59,1,14:57:15.343926844
118.59,1,14:57:15.375174079
118.59,1,14:57:15.406409443
118.59,1,14:57:15.437637055
118.59,1,14:57:15.468860441
118.59,1,14:57:15.500111917
118.59,1,14:57:15.531316704
118.59,1,14:57:15.562624516
118.59,1,14:57:15.593804308
118.59,1,14:57:15.625050898
118.59,1,14:57:15.656298238
118.59,1,14:57:15.687539779
118.59,5,14:57:15.688308287
118.59,1,14:57:15.688414933
118.59,1,14:57:15.688430722
118.59,2,14:57:15.688881007
118.59,1,14:57:15.689077640
118.59,1,14:57:15.689097701
118.59,8,14:57:15.689097701
118.59,3,14:57:15.689097701
118.59,7,14:57:15.689097701
118.59,1,14:57:15.689145435
118.59,25,14:57:15.689145435
118.59,2,14:57:15.689167855
118.59,17,14:57:15.689260136
118.59,6,14:57:15.689669076
118.59,19,14:57:15.689711159
118.58,1,14:57:21.019244088
118.59,1,14:57:29.037122444
118.59,2,14:57:35.447646254
118.58,2,14:57:43.226956563
118.58,3,14:57:43.227049641
118.58,1,14:57:43.227065894
118.59,5,14:57:45.261986490
118.59,1,14:57:46.047828835
118.59,1,14:57:46.822774577
118.59,2,14:57:47.572645237
118.59,1,14:57:48.322870586
118.59,1,14:57:49.074219407
118.59,1,14:57:49.074311541
118.59,1,14:57:49.074326412
118.59,2,14:57:49.074973678
118.59,1,14:57:49.074973678
118.59,2,14:57:49.823930103
118.59,3,14:57:49.824038393
118.59,4,14:57:49.824502137
118.59,1,14:57:49.824708121
118.59,1,14:57:49.824723052
118.59,3,14:57:49.824737235
118.59,25,14:57:49.824737235
118.59,1,14:57:49.824752579
118.59,6,14:57:49.824752579
118.59,2,14:57:49.824752579
118.59,1,14:57:49.824767238
118.59,3,14:57:49.824767238
118.59,8,14:57:49.824767238
118.59,3,14:57:49.824789103
118.59,1,14:57:49.825042998
118.59,21,14:57:49.826129080
118.59,1,14:57:49.826333968
118.59,2,14:57:49.826333968
118.59,13,14:57:49.826679262
118.59,1,14:57:49.855100766
118.59,1,14:57:49.856110867
118.59,1,14:57:49.856224665
118.59,1,14:57:49.864380717
118.59,1,14:57:49.872297299
118.59,4,14:57:50.446529403
118.59,1,14:57:50.446529403
118.59,1,14:57:50.446624731
118.59,3,14:57:50.446641561
118.59,1,14:57:50.446641561
118.59,1,14:57:50.564136339
118.59,1,14:57:50.638544897
118.59,1,14:57:51.725706518
118.59,8,14:57:51.725706518
118.59,2,14:57:51.725783017
118.59,3,14:57:51.938741864
118.6,1,14:58:05.422381069
118.6,1,14:58:06.348317231
118.6,1,14:58:07.898466398
118.6,1,14:58:09.029916094
118.6,2,14:58:09.423465743
118.6,2,14:58:10.923544983
118.6,1,14:58:19.945812006
118.59,8,14:58:23.443684772
118.59,4,14:58:23.443781188
118.59,1,14:58:23.443796679
118.59,3,14:58:23.443796679
118.59,1,14:58:23.444223069
118.59,1,14:58:23.444421967
118.59,2,14:58:23.444437414
118.59,7,14:58:23.444437414
118.59,9,14:58:23.444451064
118.59,7,14:58:23.444466395
118.59,12,14:58:23.444466395
118.59,9,14:58:23.444466395
118.59,9,14:58:23.444479784
118.59,1,14:58:23.444495017
118.59,2,14:58:23.444508611
118.59,1,14:58:23.444523997
118.59,1,14:58:23.444542675
118.59,1,14:58:27.403735697
118.59,1,14:58:28.453946626
118.59,2,14:58:29.204154314
118.59,2,14:58:39.418579445
118.59,1,14:58:46.023283209
118.59,2,14:58:47.675935633
118.59,1,14:58:48.453203213
118.59,3,14:58:48.453203213
118.59,2,14:58:49.203327568
118.59,1,14:58:49.203427120
118.59,1,14:58:51.953938396
118.59,1,14:58:52.425975741
118.59,1,14:59:00.177698953
118.59,1,14:59:00.177787708
118.59,1,14:59:00.178526641
118.59,1,14:59:00.547578565
118.59,2,14:59:00.547643714
118.59,1,14:59:01.016718083
118.58,1,14:59:01.386468961
118.59,1,14:59:01.400699670
118.59,1,14:59:01.465943666
118.59,1,14:59:01.562741913
118.59,1,14:59:02.108850985
118.59,1,14:59:02.654810068
118.59,1,14:59:03.200896731
118.58,1,14:59:03.387368485
118.59,1,14:59:03.401321281
118.59,1,14:59:03.445820440
118.59,1,14:59:03.746978160
118.59,1,14:59:04.029705796
118.59,1,14:59:04.293100959
118.59,1,14:59:04.839292039
118.59,1,14:59:05.385411505
118.59,1,14:59:05.400696783
118.58,2,14:59:05.411704019
118.59,1,14:59:05.931469847
118.59,2,14:59:06.204055962
118.59,1,14:59:06.477485534
118.59,1,14:59:06.510274158
118.59,1,14:59:07.023568925
118.58,1,14:59:07.386797117
118.59,2,14:59:07.425956959
118.59,1,14:59:07.445333865
118.59,1,14:59:07.569682002
118.59,5,14:59:07.675372115
118.59,1,14:59:08.115869711
118.59,1,14:59:08.661823168
118.59,1,14:59:09.208383290
118.58,1,14:59:09.386935586
118.59,1,14:59:09.401221476
118.59,1,14:59:09.754112135
118.59,1,14:59:10.300091266
118.59,1,14:59:10.846223142
118.58,1,14:59:11.387189724
118.59,1,14:59:11.392270498
118.59,1,14:59:11.401334859
118.59,1,14:59:11.445977479
118.59,1,14:59:11.815129702
118.59,1,14:59:11.938689265
118.59,1,14:59:12.484505452
118.59,1,14:59:13.030555041
118.58,1,14:59:13.387400530
118.59,1,14:59:13.400830363
118.59,1,14:59:13.576669834
118.59,1,14:59:14.122776799
118.59,1,14:59:14.668876644
118.59,1,14:59:15.215035705
118.58,1,14:59:15.386815805
118.59,1,14:59:15.400863736
118.59,1,14:59:15.446118118
118.59,1,14:59:15.761028845
118.59,1,14:59:16.307233699
118.59,1,14:59:16.853201895
118.59,6,14:59:16.967639535
118.59,1,14:59:17.399281818
118.59,1,14:59:17.401076319
118.58,2,14:59:17.412216592
118.59,1,14:59:17.945382126
118.59,1,14:59:18.020468343
118.58,5,14:59:18.296643574
118.59,1,14:59:18.491486678
118.59,1,14:59:19.037561443
118.58,1,14:59:19.387203050
118.59,1,14:59:19.401314479
118.59,1,14:59:19.445553447
118.59,1,14:59:19.451079900
118.59,1,14:59:19.489943335
118.59,1,14:59:19.583717099
118.59,1,14:59:20.129761474
118.59,1,14:59:20.675806423
118.59,1,14:59:21.221891609
118.58,1,14:59:21.387349556
118.59,1,14:59:21.400943101
118.59,1,14:59:21.767991575
118.59,1,14:59:22.314088104
118.59,1,14:59:22.602980095
118.59,1,14:59:22.860083454
118.58,1,14:59:22.898522051
118.58,1,14:59:23.387598293
118.59,1,14:59:23.406248842
118.59,1,14:59:23.512421879
118.59,1,14:59:23.952398664
118.59,1,14:59:24.498532608
118.59,1,14:59:24.904134411
118.59,1,14:59:25.044477582
118.58,1,14:59:25.386991945
118.59,1,14:59:25.420609886
118.59,2,14:59:25.420855038
118.59,1,14:59:25.590545065
118.59,1,14:59:26.136692677
118.59,1,14:59:26.682693219
118.59,1,14:59:26.911743660
118.59,5,14:59:27.063465596
118.59,1,14:59:27.228771346
118.58,1,14:59:27.387304114
118.59,1,14:59:27.775001311
118.59,1,14:59:28.321005190
118.58,1,14:59:28.615715378
118.59,1,14:59:28.867068964
118.59,1,14:59:29.024910443
118.59,1,14:59:29.313272961
118.59,1,14:59:29.313348023
118.58,1,14:59:29.386589040
118.59,1,14:59:29.396966562
118.59,1,14:59:29.400627288
118.59,1,14:59:29.413098719
118.59,1,14:59:29.959205109
118.59,1,14:59:30.505398791
118.59,1,14:59:31.051412011
118.58,1,14:59:31.386859176
118.59,1,14:59:31.400913434
118.59,1,14:59:31.445580004
118.59,1,14:59:31.597566139
118.59,1,14:59:32.143640635
118.59,1,14:59:32.689717910
118.59,1,14:59:33.024433693
118.59,1,14:59:33.235699605
118.58,1,14:59:33.386907141
118.59,1,14:59:33.401252544
118.59,1,14:59:33.781793585
118.59,1,14:59:34.327835693
118.59,1,14:59:34.535292484
118.59,1,14:59:34.873919695
118.59,1,14:59:35.026923551
118.58,1,14:59:35.387133952
118.59,1,14:59:35.401597486
118.59,1,14:59:35.420158406
118.59,1,14:59:35.445590763
118.59,1,14:59:35.966098937
118.58,5,14:59:36.008244188
118.59,1,14:59:36.512143539
118.59,1,14:59:37.058234240
118.58,1,14:59:37.387410443
118.59,1,14:59:37.425973084
118.59,1,14:59:37.425989298
118.59,1,14:59:37.604362294
118.59,1,14:59:38.150371458
118.59,1,14:59:38.696459475
118.59,1,14:59:39.026344342
118.59,1,14:59:39.242504227
118.58,1,14:59:39.386645054
118.59,1,14:59:39.401007379
118.59,1,14:59:39.445910186
118.59,1,14:59:39.450663373
118.59,1,14:59:39.489831502
118.59,1,14:59:39.788571987
118.59,1,14:59:40.334801852
118.59,1,14:59:40.880764062
118.59,1,14:59:41.144571129
118.58,1,14:59:41.264107266
118.58,1,14:59:41.264293541
118.59,1,14:59:41.401137402
118.58,2,14:59:41.412127493
118.59,1,14:59:41.426799331
118.59,1,14:59:41.972945843
118.59,1,14:59:42.519025475
118.59,1,14:59:43.065070581
118.59,1,14:59:43.401389953
118.59,1,14:59:43.611167538
118.59,1,14:59:44.157258914
118.59,1,14:59:44.703292701
118.58,10,14:59:45.060325888
118.59,1,14:59:45.249499584
118.58,1,14:59:45.387268397
118.58,1,14:59:45.416691261
118.58,1,14:59:45.417034797
118.59,1,14:59:45.430909506
118.59,1,14:59:45.559944827
118.59,1,14:59:45.795542317
118.59,1,14:59:46.341663322
118.59,1,14:59:46.887824778
118.59,1,14:59:47.025973660
118.59,1,14:59:47.033459971
118.58,1,14:59:47.387519840
118.59,1,14:59:47.431120015
118.59,1,14:59:47.433784103
118.59,1,14:59:47.475795235
118.59,1,14:59:47.979895353
118.59,1,14:59:48.525960666
118.58,1,14:59:48.922274362
118.58,1,14:59:48.922419415
118.59,1,14:59:49.072068526
118.59,1,14:59:49.263691154
118.58,1,14:59:49.386987702
118.59,1,14:59:49.618122008
118.59,1,14:59:50.015453745
118.59,1,14:59:50.164214537
118.59,1,14:59:50.710266568
118.59,1,14:59:51.256385277
118.58,1,14:59:51.387371346
118.59,1,14:59:51.400863899
