bidVolume,bidPrice,askVolume,askPrice,timestamp
3,110.69,100,110.7,08:00:00.009679823
4,110.69,100,110.7,08:00:00.009807851
5,110.69,100,110.7,08:00:00.009829250
15,110.69,100,110.7,08:00:00.009829250
50,110.69,100,110.7,08:00:00.010090779
49,110.69,100,110.7,08:00:00.394506064
48,110.69,100,110.7,08:00:00.394596502
46,110.69,100,110.7,08:00:00.394857267
11,110.69,100,110.7,08:00:00.396080040
1,110.69,100,110.7,08:00:00.397473879
2,110.69,100,110.7,08:00:00.415770524
3,110.69,100,110.7,08:00:00.415923885
2,110.69,100,110.7,08:00:00.419212045
1,110.69,100,110.7,08:00:00.424822298
2,110.69,100,110.7,08:00:00.860533065
1,110.69,100,110.7,08:00:00.929978510
2,110.69,100,110.7,08:00:01.025230474
3,110.69,100,110.7,08:00:01.025464378
2,110.69,100,110.7,08:00:01.025615136
1,110.69,100,110.7,08:00:01.037175510
2,110.69,100,110.7,08:00:01.085030734
1,110.69,100,110.7,08:00:01.085176814
2,110.69,100,110.7,08:00:01.163541471
1,110.69,100,110.7,08:00:01.211322478
2,110.69,100,110.7,08:00:01.705482146
3,110.69,100,110.7,08:00:01.705636686
2,110.69,100,110.7,08:00:01.706048446
1,110.69,100,110.7,08:00:01.706726401
2,110.69,100,110.7,08:00:01.710529357
1,110.69,100,110.7,08:00:01.710681863
2,110.69,100,110.7,08:00:01.720898721
1,110.69,100,110.7,08:00:01.723744578
2,110.69,100,110.7,08:00:02.899119144
12,110.69,100,110.7,08:00:02.899298424
13,110.69,100,110.7,08:00:02.941988014
14,110.69,100,110.7,08:00:02.942060318
15,110.69,100,110.7,08:00:02.942222330
52,110.69,100,110.7,08:00:02.942222330
51,110.69,100,110.7,08:00:02.942296455
52,110.69,100,110.7,08:00:03.014160133
42,110.69,100,110.7,08:00:03.996999698
52,110.69,100,110.7,08:00:04.145444484
64,110.69,100,110.7,08:00:04.145637683
64,110.69,84,110.7,08:00:04.146039042
54,110.69,84,110.7,08:00:04.146039042
60,110.69,84,110.7,08:00:04.146228633
64,110.69,84,110.7,08:00:04.146361445
66,110.69,84,110.7,08:00:04.146974766
68,110.69,84,110.7,08:00:04.147363685
64,110.69,84,110.7,08:00:04.147781124
58,110.69,84,110.7,08:00:04.156718710
54,110.69,84,110.7,08:00:04.156786627
42,110.69,84,110.7,08:00:04.156895734
43,110.69,84,110.7,08:00:04.159235559
43,110.69,54,110.7,08:00:04.160582383
43,110.69,45,110.7,08:00:04.160851881
53,110.69,45,110.7,08:00:04.161038265
65,110.69,45,110.7,08:00:04.164175020
75,110.69,45,110.7,08:00:04.164175020
84,110.69,45,110.7,08:00:04.164190626
83,110.69,45,110.7,08:00:04.170442650
73,110.69,45,110.7,08:00:04.214329462
64,110.69,45,110.7,08:00:04.214436642
70,110.69,45,110.7,08:00:04.256776813
74,110.69,45,110.7,08:00:04.256851552
78,110.69,45,110.7,08:00:04.262250961
78,110.69,44,110.7,08:00:04.706303197
89,110.69,44,110.7,08:00:04.707671397
97,110.69,44,110.7,08:00:04.707746706
98,110.69,44,110.7,08:00:05.054853936
99,110.69,44,110.7,08:00:05.054983175
99,110.69,45,110.7,08:00:06.008369568
99,110.69,44,110.7,08:00:06.008530524
99,110.69,13,110.7,08:00:09.756208880
99,110.69,12,110.7,08:00:09.756426897
99,110.69,11,110.7,08:00:09.757368375
99,110.69,12,110.7,08:00:09.759451440
99,110.69,11,110.7,08:00:15.400956815
99,110.69,1,110.7,08:00:15.401205755
99,110.69,11,110.7,08:00:15.401389829
95,110.69,11,110.7,08:00:15.402380541
99,110.69,11,110.7,08:00:15.637070347
99,110.69,17,110.7,08:00:15.923785635
99,110.69,18,110.7,08:00:15.923866773
99,110.69,44,110.7,08:00:15.924344217
88,110.69,44,110.7,08:00:15.924358619
80,110.69,44,110.7,08:00:15.924443531
80,110.69,56,110.7,08:00:15.924443531
76,110.69,56,110.7,08:00:15.924526270
76,110.69,57,110.7,08:00:15.924526270
76,110.69,58,110.7,08:00:15.924601554
76,110.69,57,110.7,08:00:15.924714024
76,110.69,56,110.7,08:00:15.924789921
76,110.69,57,110.7,08:00:15.928143752
76,110.69,56,110.7,08:00:15.928677419
76,110.69,57,110.7,08:00:15.937958451
76,110.69,56,110.7,08:00:15.957789713
76,110.69,57,110.7,08:00:15.961081894
76,110.69,58,110.7,08:00:15.987101757
80,110.69,58,110.7,08:00:16.028655875
95,110.69,58,110.7,08:00:16.042117106
93,110.69,58,110.7,08:00:16.082942335
93,110.69,57,110.7,08:00:16.083098550
93,110.69,56,110.7,08:00:16.090035097
93,110.69,57,110.7,08:00:16.097996844
93,110.69,56,110.7,08:00:16.099012049
93,110.69,57,110.7,08:00:16.110512484
93,110.69,58,110.7,08:00:16.110578871
93,110.69,57,110.7,08:00:16.167001501
93,110.69,56,110.7,08:00:16.702717982
93,110.69,57,110.7,08:00:17.017720919
93,110.69,58,110.7,08:00:17.017800144
93,110.69,57,110.7,08:00:17.044682351
93,110.69,56,110.7,08:00:17.044764940
93,110.69,30,110.7,08:00:17.045122587
93,110.69,18,110.7,08:00:17.045210183
93,110.69,19,110.7,08:00:17.045288487
93,110.69,20,110.7,08:00:17.045423253
93,110.69,19,110.7,08:00:17.090603203
93,110.69,18,110.7,08:00:17.090749526
93,110.69,12,110.7,08:00:17.090955852
93,110.69,13,110.7,08:00:17.105284399
93,110.69,12,110.7,08:00:17.678509486
93,110.69,13,110.7,08:00:18.084183879
93,110.69,19,110.7,08:00:18.104616018
93,110.69,20,110.7,08:00:18.105207130
93,110.69,50,110.7,08:00:18.105381649
93,110.69,51,110.7,08:00:18.105452808
93,110.69,59,110.7,08:00:18.105529806
93,110.69,58,110.7,08:00:18.105599374
93,110.69,59,110.7,08:00:19.673044760
93,110.69,74,110.7,08:00:19.674380992
93,110.69,78,110.7,08:00:19.674562787
89,110.69,78,110.7,08:00:19.686827473
86,110.69,78,110.7,08:00:19.698101066
84,110.69,78,110.7,08:00:19.728838917
80,110.69,78,110.7,08:00:20.294224388
80,110.69,63,110.7,08:00:20.294394091
80,110.69,59,110.7,08:00:20.294462366
84,110.69,59,110.7,08:00:20.401818257
84,110.69,58,110.7,08:00:20.401956971
84,110.69,59,110.7,08:00:20.447361138
93,110.69,59,110.7,08:00:21.482744683
93,110.69,58,110.7,08:00:21.482919316
89,110.69,58,110.7,08:00:21.483534115
89,110.69,59,110.7,08:00:21.483695290
93,110.69,59,110.7,08:00:21.609761333
89,110.69,59,110.7,08:00:22.137534166
93,110.69,59,110.7,08:00:22.247295534
91,110.69,59,110.7,08:00:22.339194082
89,110.69,59,110.7,08:00:22.458859856
88,110.69,59,110.7,08:00:22.542497268
84,110.69,59,110.7,08:00:22.823166160
88,110.69,59,110.7,08:00:22.938409216
84,110.69,59,110.7,08:00:22.951931023
88,110.69,59,110.7,08:00:23.416121541
94,110.69,59,110.7,08:00:23.484786139
94,110.69,58,110.7,08:00:26.043988493
94,110.69,59,110.7,08:00:26.194271065
93,110.69,59,110.7,08:00:27.029288171
89,110.69,59,110.7,08:00:27.264220304
93,110.69,59,110.7,08:00:27.381125767
89,110.69,59,110.7,08:00:27.414655613
93,110.69,59,110.7,08:00:27.515338955
89,110.69,59,110.7,08:00:27.548871390
93,110.69,59,110.7,08:00:27.649532054
89,110.69,59,110.7,08:00:27.683099558
93,110.69,59,110.7,08:00:27.783739533
89,110.69,59,110.7,08:00:27.817319920
93,110.69,59,110.7,08:00:27.917979299
89,110.69,59,110.7,08:00:27.951544882
93,110.69,59,110.7,08:00:28.052233217
89,110.69,59,110.7,08:00:28.085753879
93,110.69,59,110.7,08:00:28.186421810
89,110.69,59,110.7,08:00:28.219960981
93,110.69,59,110.7,08:00:28.320645217
89,110.69,59,110.7,08:00:28.354185485
93,110.69,59,110.7,08:00:28.454875772
89,110.69,59,110.7,08:00:28.488412241
93,110.69,59,110.7,08:00:28.589086624
89,110.69,59,110.7,08:00:28.764556788
85,110.69,59,110.7,08:00:28.849721020
89,110.69,59,110.7,08:00:28.891096698
85,110.69,59,110.7,08:00:29.637430012
85,110.69,61,110.7,08:00:29.649929166
89,110.69,61,110.7,08:00:29.763494492
90,110.69,61,110.7,08:00:29.776944673
86,110.69,61,110.7,08:00:29.777511369
90,110.69,61,110.7,08:00:29.897712312
86,110.69,61,110.7,08:00:29.931260211
90,110.69,61,110.7,08:00:30.031982464
86,110.69,61,110.7,08:00:30.200971529
90,110.69,61,110.7,08:00:30.937693577
86,110.69,61,110.7,08:00:30.971442175
90,110.69,61,110.7,08:00:31.072098595
86,110.69,61,110.7,08:00:31.105649309
90,110.69,61,110.7,08:00:31.206327608
86,110.69,61,110.7,08:00:32.262940857
90,110.69,61,110.7,08:00:32.380778144
86,110.69,61,110.7,08:00:32.414287187
90,110.69,61,110.7,08:00:32.514933093
86,110.69,61,110.7,08:00:34.034172666
90,110.69,61,110.7,08:00:34.264245622
86,110.69,61,110.7,08:00:34.293330450
90,110.69,61,110.7,08:00:34.394007943
86,110.69,61,110.7,08:00:34.427543291
90,110.69,61,110.7,08:00:34.528200085
86,110.69,61,110.7,08:00:34.561739821
90,110.69,61,110.7,08:00:34.662457571
86,110.69,61,110.7,08:00:34.695982549
90,110.69,61,110.7,08:00:34.796644080
89,110.69,61,110.7,08:00:35.007796110
91,110.69,61,110.7,08:00:35.019034634
87,110.69,61,110.7,08:00:36.387093737
91,110.69,61,110.7,08:00:36.508047413
91,110.69,76,110.7,08:00:37.016080349
91,110.69,80,110.7,08:00:37.016153539
92,110.69,80,110.7,08:00:37.029849466
92,110.69,65,110.7,08:00:37.140861154
92,110.69,61,110.7,08:00:37.140926360
92,110.69,60,110.7,08:00:38.033582542
92,110.69,59,110.7,08:00:38.790851869
92,110.69,58,110.7,08:00:38.791014169
92,110.69,56,110.7,08:00:38.793604016
92,110.69,48,110.7,08:00:38.796769727
92,110.69,18,110.7,08:00:38.796834651
92,110.69,12,110.7,08:00:38.799061702
111,110.69,12,110.7,08:00:38.799215440
111,110.69,11,110.7,08:00:38.799344150
111,110.69,12,110.7,08:00:38.801761543
111,110.69,2,110.7,08:00:38.865356805
111,110.69,1,110.7,08:00:38.998430162
111,110.69,2,110.7,08:00:39.772302054
111,110.69,1,110.7,08:00:39.772897124
111,110.69,2,110.7,08:00:40.233873321
111,110.69,12,110.7,08:00:40.234158479
111,110.69,18,110.7,08:00:40.242382568
107,110.69,18,110.7,08:00:40.243043628
107,110.69,17,110.7,08:00:40.340849828
111,110.69,17,110.7,08:00:40.400253778
107,110.69,17,110.7,08:00:40.442156995
107,110.69,11,110.7,08:00:40.468789987
111,110.69,11,110.7,08:00:40.568013684
111,110.69,12,110.7,08:00:41.799597836
111,110.69,18,110.7,08:00:41.799763864
107,110.69,18,110.7,08:00:41.800399063
111,110.69,18,110.7,08:00:41.943772172
107,110.69,18,110.7,08:00:42.010849814
107,110.69,19,110.7,08:00:44.436398942
111,110.69,19,110.7,08:00:44.436892966
107,110.69,19,110.7,08:00:44.513580522
111,110.69,19,110.7,08:00:44.628098290
107,110.69,19,110.7,08:00:46.027764117
111,110.69,19,110.7,08:00:46.138059174
107,110.69,19,110.7,08:00:46.171593932
111,110.69,19,110.7,08:00:46.272277531
107,110.69,19,110.7,08:00:46.305807894
111,110.69,19,110.7,08:00:46.406499248
107,110.69,19,110.7,08:00:46.440032991
111,110.69,19,110.7,08:00:46.540700108
107,110.69,19,110.7,08:00:46.574239406
111,110.69,19,110.7,08:00:46.674922103
107,110.69,19,110.7,08:00:46.708460543
111,110.69,19,110.7,08:00:46.809137547
107,110.69,19,110.7,08:00:46.842701697
111,110.69,19,110.7,08:00:46.943328022
107,110.69,19,110.7,08:00:46.976890104
107,110.69,20,110.7,08:00:47.015531469
111,110.69,20,110.7,08:00:47.178231598
107,110.69,20,110.7,08:00:47.211786307
111,110.69,20,110.7,08:00:47.312452316
107,110.69,20,110.7,08:00:47.345994686
111,110.69,20,110.7,08:00:47.446649918
111,110.69,19,110.7,08:00:47.480965717
111,110.69,16,110.7,08:00:47.480965717
111,110.69,15,110.7,08:00:47.481010008
111,110.69,9,110.7,08:00:47.481029010
111,110.69,8,110.7,08:00:47.481029010
111,110.69,1,110.7,08:00:47.481047234
111,110.69,193,110.71,08:00:47.481232306
1,110.7,193,110.71,08:00:47.481232306
1,110.7,173,110.71,08:00:47.481302475
137,110.69,173,110.71,08:00:47.481456210
35,110.7,173,110.71,08:00:47.481610604
143,110.69,173,110.71,08:00:47.482415793
143,110.69,175,110.71,08:00:47.492486504
142,110.69,175,110.71,08:00:47.494817965
141,110.69,175,110.71,08:00:47.504960754
172,110.69,175,110.71,08:00:47.516070124
172,110.69,172,110.71,08:00:47.691179438
171,110.69,172,110.71,08:00:48.919923394
169,110.69,172,110.71,08:00:48.931077880
160,110.69,172,110.71,08:00:49.424800813
163,110.69,172,110.71,08:00:51.597098043
167,110.69,172,110.71,08:00:58.047406414
148,110.69,172,110.71,08:01:01.782934779
128,110.69,172,110.71,08:01:01.783058646
128,110.69,15,110.7,08:01:01.783450343
128,110.69,19,110.7,08:01:01.783539312
118,110.69,19,110.7,08:01:01.783830038
118,110.69,20,110.7,08:01:01.783830038
118,110.69,23,110.7,08:01:01.783830038
119,110.69,23,110.7,08:01:01.783987948
119,110.69,22,110.7,08:01:01.784073712
119,110.69,47,110.7,08:01:01.784073712
119,110.69,32,110.7,08:01:01.793645333
119,110.69,7,110.7,08:01:01.793645333
119,110.69,3,110.7,08:01:01.793665571
119,110.69,194,110.71,08:01:01.793665571
119,110.69,182,110.71,08:01:01.793756502
119,110.69,176,110.71,08:01:01.794135610
115,110.69,176,110.71,08:01:01.795927426
115,110.69,178,110.71,08:01:01.805058756
112,110.69,178,110.71,08:01:01.806109410
93,110.69,178,110.71,08:01:01.806109410
92,110.69,178,110.71,08:01:01.806109410
88,110.69,178,110.71,08:01:01.806109410
84,110.69,178,110.71,08:01:01.806109410
184,110.69,178,110.71,08:01:01.817717803
184,110.69,174,110.71,08:01:02.202237436
184,110.69,177,110.71,08:01:02.548993613
184,110.69,174,110.71,08:01:04.522352392
184,110.69,177,110.71,08:01:04.623193342
184,110.69,2,110.7,08:01:04.752655193
184,110.69,4,110.7,08:01:04.752895205
184,110.69,10,110.7,08:01:04.752984371
184,110.69,36,110.7,08:01:04.752999744
184,110.69,37,110.7,08:01:04.752999744
184,110.69,41,110.7,08:01:04.753093509
184,110.69,40,110.7,08:01:04.753192208
184,110.69,36,110.7,08:01:04.753457347
184,110.69,34,110.7,08:01:04.753543683
184,110.69,46,110.7,08:01:04.757794020
173,110.69,46,110.7,08:01:04.766779756
173,110.69,34,110.7,08:01:04.772696264
173,110.69,8,110.7,08:01:04.772764811
173,110.69,2,110.7,08:01:04.772997605
128,110.69,2,110.7,08:01:04.777943538
128,110.69,12,110.7,08:01:04.778109024
128,110.69,2,110.7,08:01:05.403773356
128,110.69,181,110.71,08:01:06.447560930
128,110.69,189,110.71,08:01:07.512177317
128,110.69,186,110.71,08:01:09.044341278
128,110.69,178,110.71,08:01:11.512314506
143,110.69,178,110.71,08:01:11.529405596
147,110.69,178,110.71,08:01:11.529435855
151,110.69,178,110.71,08:01:11.529436889
151,110.69,174,110.71,08:01:11.529436889
175,110.69,174,110.71,08:01:11.529874885
177,110.69,174,110.71,08:01:11.530240913
133,110.69,174,110.71,08:01:11.542643533
172,110.69,174,110.71,08:01:11.553906851
166,110.69,174,110.71,08:01:12.572225223
164,110.69,174,110.71,08:01:12.584591515
148,110.69,174,110.71,08:01:12.595452069
144,110.69,174,110.71,08:01:13.652082657
177,110.69,174,110.71,08:01:14.912433294
168,110.69,174,110.71,08:01:15.692698669
152,110.69,174,110.71,08:01:15.760996356
146,110.69,174,110.71,08:01:15.772148439
152,110.69,174,110.71,08:01:17.018116881
155,110.69,174,110.71,08:01:18.538647574
173,110.69,174,110.71,08:01:19.539289604
172,110.69,174,110.71,08:01:20.027550177
168,110.69,174,110.71,08:01:20.038698522
171,110.69,174,110.71,08:01:21.094389659
171,110.69,177,110.71,08:01:21.094458763
158,110.69,177,110.71,08:01:21.108243141
156,110.69,177,110.71,08:01:21.118333070
155,110.69,177,110.71,08:01:21.129498277
145,110.69,177,110.71,08:01:21.169064737
125,110.69,177,110.71,08:01:21.169617961
135,110.69,177,110.71,08:01:21.169979740
129,110.69,177,110.71,08:01:21.182156354
127,110.69,177,110.71,08:01:21.192313976
120,110.69,177,110.71,08:01:21.192313976
116,110.69,177,110.71,08:01:21.203518129
112,110.69,177,110.71,08:01:21.374437138
106,110.69,177,110.71,08:01:21.374805365
91,110.69,177,110.71,08:01:21.475157889
87,110.69,177,110.71,08:01:21.475157889
87,110.69,179,110.71,08:01:21.475253824
87,110.69,181,110.71,08:01:21.475534000
87,110.69,19,110.7,08:01:22.247371931
87,110.69,20,110.7,08:01:22.247575800
87,110.69,21,110.7,08:01:22.247666632
87,110.69,59,110.7,08:01:22.247993889
87,110.69,69,110.7,08:01:22.247993889
87,110.69,70,110.7,08:01:22.248095802
87,110.69,76,110.7,08:01:22.248335594
87,110.69,66,110.7,08:01:22.248400730
87,110.69,67,110.7,08:01:22.248735575
87,110.69,66,110.7,08:01:22.249131558
87,110.69,65,110.7,08:01:22.252133002
87,110.69,59,110.7,08:01:22.259240375
87,110.69,40,110.7,08:01:22.260207641
87,110.69,41,110.7,08:01:22.262738833
87,110.69,40,110.7,08:01:22.263002915
87,110.69,41,110.7,08:01:22.268415374
87,110.69,42,110.7,08:01:22.268557573
87,110.69,41,110.7,08:01:22.280182199
87,110.69,40,110.7,08:01:22.280331873
87,110.69,41,110.7,08:01:22.282265855
87,110.69,42,110.7,08:01:22.282374026
87,110.69,41,110.7,08:01:22.293737492
87,110.69,40,110.7,08:01:22.293885582
87,110.69,41,110.7,08:01:22.303899864
87,110.69,42,110.7,08:01:22.320096911
87,110.69,43,110.7,08:01:22.320096911
87,110.69,62,110.7,08:01:22.363809761
87,110.69,63,110.7,08:01:22.500131625
87,110.69,62,110.7,08:01:22.505821485
87,110.69,61,110.7,08:01:22.784510713
87,110.69,42,110.7,08:01:23.025321605
87,110.69,41,110.7,08:01:23.025496789
87,110.69,40,110.7,08:01:23.034935075
87,110.69,41,110.7,08:01:23.323113114
87,110.69,42,110.7,08:01:23.323287829
87,110.69,61,110.7,08:01:23.323447366
87,110.69,62,110.7,08:01:23.331787090
87,110.69,63,110.7,08:01:23.402756293
87,110.69,62,110.7,08:01:24.224185199
87,110.69,63,110.7,08:01:24.225218958
87,110.69,73,110.7,08:01:24.228233730
87,110.69,74,110.7,08:01:24.232018216
87,110.69,75,110.7,08:01:24.232538705
81,110.69,75,110.7,08:01:24.356704565
98,110.69,75,110.7,08:01:24.370104387
94,110.69,75,110.7,08:01:24.381277666
94,110.69,65,110.7,08:01:24.815564306
94,110.69,64,110.7,08:01:25.070458679
94,110.69,63,110.7,08:01:25.070597047
94,110.69,64,110.7,08:01:25.231011040
94,110.69,63,110.7,08:01:25.370657788
94,110.69,62,110.7,08:01:25.370720601
94,110.69,63,110.7,08:01:25.374301411
94,110.69,62,110.7,08:01:25.601951661
94,110.69,61,110.7,08:01:25.602081969
94,110.69,62,110.7,08:01:27.016154014
94,110.69,61,110.7,08:01:27.033587525
94,110.69,60,110.7,08:01:27.034984829
94,110.69,41,110.7,08:01:27.035140375
94,110.69,40,110.7,08:01:27.035305904
94,110.69,41,110.7,08:01:27.035385555
94,110.69,40,110.7,08:01:28.216550938
94,110.69,41,110.7,08:01:28.216817085
94,110.69,42,110.7,08:01:28.217568690
94,110.69,41,110.7,08:01:28.220408368
94,110.69,42,110.7,08:01:28.220788220
94,110.69,41,110.7,08:01:28.224684012
94,110.69,43,110.7,08:01:28.481336764
94,110.69,54,110.7,08:01:28.481511682
94,110.69,62,110.7,08:01:28.481583685
94,110.69,63,110.7,08:01:28.520866464
94,110.69,62,110.7,08:01:28.536672875
94,110.69,63,110.7,08:01:28.592701604
94,110.69,62,110.7,08:01:29.206170345
94,110.69,61,110.7,08:01:29.206681180
94,110.69,50,110.7,08:01:29.206786875
94,110.69,42,110.7,08:01:29.206849285
94,110.69,43,110.7,08:01:29.207141979
94,110.69,44,110.7,08:01:29.207862436
94,110.69,43,110.7,08:01:29.208607674
94,110.69,41,110.7,08:01:29.208931258
94,110.69,42,110.7,08:01:29.209061885
94,110.69,41,110.7,08:01:29.210366057
94,110.69,42,110.7,08:01:29.227869161
94,110.69,57,110.7,08:01:29.335202968
94,110.69,61,110.7,08:01:29.335296459
94,110.69,62,110.7,08:01:30.878454109
94,110.69,63,110.7,08:01:31.028149668
94,110.69,62,110.7,08:01:31.028284580
94,110.69,61,110.7,08:01:31.028391787
94,110.69,62,110.7,08:01:31.028742858
94,110.69,63,110.7,08:01:31.029272608
94,110.69,73,110.7,08:01:31.031063122
92,110.69,73,110.7,08:01:35.010743935
95,110.69,73,110.7,08:01:35.021720174
95,110.69,74,110.7,08:01:35.144109992
95,110.69,75,110.7,08:01:35.144181134
95,110.69,65,110.7,08:01:48.296734336
95,110.69,64,110.7,08:01:51.033754645
95,110.69,65,110.7,08:01:51.404855806
95,110.69,75,110.7,08:01:51.404927801
95,110.69,65,110.7,08:01:51.411604850
98,110.69,65,110.7,08:01:51.544456330
98,110.69,64,110.7,08:01:51.758306338
98,110.69,63,110.7,08:01:51.758482981
98,110.69,48,110.7,08:01:51.764182620
98,110.69,44,110.7,08:01:51.764274850
98,110.69,43,110.7,08:01:51.764349347
98,110.69,42,110.7,08:01:51.764349347
98,110.69,43,110.7,08:01:51.764850162
98,110.69,42,110.7,08:01:51.766869222
98,110.69,41,110.7,08:01:51.768227577
98,110.69,42,110.7,08:01:51.768713519
98,110.69,41,110.7,08:01:51.768987547
98,110.69,42,110.7,08:01:51.781630608
98,110.69,41,110.7,08:01:51.836071948
98,110.69,42,110.7,08:01:51.848830894
98,110.69,43,110.7,08:01:51.866515765
98,110.69,44,110.7,08:01:51.866643102
98,110.69,50,110.7,08:01:51.866715334
98,110.69,61,110.7,08:01:51.866942420
98,110.69,69,110.7,08:01:51.867088954
98,110.69,70,110.7,08:01:51.868013040
98,110.69,71,110.7,08:01:51.868455839
98,110.69,70,110.7,08:01:54.206437975
98,110.69,71,110.7,08:01:54.210320845
98,110.69,70,110.7,08:01:55.026421900
98,110.69,59,110.7,08:01:55.026662664
98,110.69,51,110.7,08:01:55.026662664
98,110.69,64,110.7,08:01:57.015200278
98,110.69,70,110.7,08:01:57.015285823
98,110.69,71,110.7,08:01:57.015374550
98,110.69,81,110.7,08:01:57.015450620
98,110.69,71,110.7,08:01:57.015754805
98,110.69,81,110.7,08:02:01.438876473
98,110.69,71,110.7,08:02:02.722672909
61,110.69,71,110.7,08:02:06.081481269
58,110.69,71,110.7,08:02:06.081481269
58,110.69,81,110.7,08:02:06.081481269
58,110.69,83,110.7,08:02:06.081506511
58,110.69,93,110.7,08:02:06.081527900
57,110.69,93,110.7,08:02:06.081527900
55,110.69,93,110.7,08:02:06.081770591
49,110.69,93,110.7,08:02:06.081929793
45,110.69,93,110.7,08:02:06.081929793
33,110.69,93,110.7,08:02:06.082018248
35,110.69,93,110.7,08:02:06.082266414
36,110.69,93,110.7,08:02:06.082512609
35,110.69,93,110.7,08:02:06.083329862
36,110.69,93,110.7,08:02:06.083650330
35,110.69,93,110.7,08:02:06.084530086
33,110.69,93,110.7,08:02:06.084776179
34,110.69,93,110.7,08:02:06.084964963
35,110.69,93,110.7,08:02:06.085201701
34,110.69,93,110.7,08:02:06.085443074
33,110.69,93,110.7,08:02:06.085635388
34,110.69,93,110.7,08:02:06.086292324
36,110.69,93,110.7,08:02:06.086292324
34,110.69,93,110.7,08:02:06.094993589
34,110.69,123,110.7,08:02:06.104176368
33,110.69,123,110.7,08:02:06.106138194
32,110.69,123,110.7,08:02:06.113640158
30,110.69,123,110.7,08:02:06.113745189
19,110.69,123,110.7,08:02:06.116219071
20,110.69,123,110.7,08:02:06.117752513
21,110.69,123,110.7,08:02:06.117900171
20,110.69,123,110.7,08:02:06.131871700
57,110.69,123,110.7,08:02:06.181487542
58,110.69,123,110.7,08:02:07.036740851
70,110.69,123,110.7,08:02:07.037453522
76,110.69,123,110.7,08:02:07.037832113
80,110.69,123,110.7,08:02:07.037832113
80,110.69,93,110.7,08:02:07.052457277
68,110.69,93,110.7,08:02:07.169432194
67,110.69,93,110.7,08:02:07.169449381
61,110.69,93,110.7,08:02:07.169449381
57,110.69,93,110.7,08:02:07.169544859
20,110.69,93,110.7,08:02:07.169575557
21,110.69,93,110.7,08:02:07.170180164
22,110.69,93,110.7,08:02:07.170180164
23,110.69,93,110.7,08:02:07.181814740
23,110.69,123,110.7,08:02:07.264872588
42,110.69,123,110.7,08:02:07.450737255
60,110.69,123,110.7,08:02:07.450840031
61,110.69,123,110.7,08:02:07.508579936
62,110.69,123,110.7,08:02:07.508579936
62,110.69,93,110.7,08:02:07.520488536
62,110.69,123,110.7,08:02:07.764304655
61,110.69,123,110.7,08:02:11.463213436
60,110.69,123,110.7,08:02:12.335511404
59,110.69,123,110.7,08:02:12.335591871
58,110.69,123,110.7,08:02:12.335664517
57,110.69,123,110.7,08:02:12.339539198
56,110.69,123,110.7,08:02:12.803366242
55,110.69,123,110.7,08:02:12.803517346
37,110.69,123,110.7,08:02:13.069454804
18,110.69,123,110.7,08:02:13.069517347
17,110.69,123,110.7,08:02:13.069628378
7,110.69,123,110.7,08:02:13.069705299
6,110.69,123,110.7,08:02:13.069938333
5,110.69,123,110.7,08:02:14.092493478
4,110.69,123,110.7,08:02:14.092791104
3,110.69,123,110.7,08:02:14.092791104
138,110.68,123,110.7,08:02:14.092791104
141,110.68,123,110.7,08:02:14.093081174
141,110.68,124,110.7,08:02:14.093199522
175,110.68,124,110.7,08:02:14.106776112
175,110.68,136,110.7,08:02:14.107007968
155,110.68,136,110.7,08:02:14.117962014
150,110.68,136,110.7,08:02:14.129099019
142,110.68,136,110.7,08:02:14.409753911
142,110.68,10,110.69,08:02:14.409957313
142,110.68,12,110.69,08:02:14.410373866
120,110.68,12,110.69,08:02:14.410438317
118,110.68,12,110.69,08:02:14.421198131
118,110.68,10,110.69,08:02:14.421354500
114,110.68,10,110.69,08:02:14.422720101
109,110.68,10,110.69,08:02:14.443081097
109,110.68,12,110.69,08:02:14.674350206
109,110.68,13,110.69,08:02:14.677080777
109,110.68,15,110.69,08:02:14.678568213
109,110.68,13,110.69,08:02:14.687758194
109,110.68,12,110.69,08:02:14.687894454
109,110.68,10,110.69,08:02:14.950388662
109,110.68,136,110.7,08:02:14.951145180
111,110.68,136,110.7,08:02:16.046724522
139,110.68,136,110.7,08:02:16.047070435
139,110.68,124,110.7,08:02:16.047247220
133,110.68,124,110.7,08:02:16.055977262
134,110.68,124,110.7,08:02:16.060181634
140,110.68,124,110.7,08:02:16.067734573
166,110.68,124,110.7,08:02:17.553910840
166,110.68,10,110.69,08:02:18.576377569
150,110.68,10,110.69,08:02:18.576511015
136,110.68,10,110.69,08:02:18.577006978
118,110.68,10,110.69,08:02:18.585268549
117,110.68,10,110.69,08:02:18.596465717
117,110.68,12,110.69,08:02:18.600605685
117,110.68,13,110.69,08:02:18.600930363
109,110.68,13,110.69,08:02:18.606538764
109,110.68,14,110.69,08:02:18.606702713
109,110.68,42,110.69,08:02:18.606857228
109,110.68,51,110.69,08:02:18.606963935
109,110.68,42,110.69,08:02:20.032079227
109,110.68,14,110.69,08:02:20.032155976
109,110.68,15,110.69,08:02:20.118582345
109,110.68,14,110.69,08:02:20.118765695
109,110.68,15,110.69,08:02:20.144858145
109,110.68,16,110.69,08:02:20.145033668
109,110.68,15,110.69,08:02:20.780179823
109,110.68,14,110.69,08:02:20.780401263
109,110.68,13,110.69,08:02:20.850564992
109,110.68,14,110.69,08:02:21.343670419
109,110.68,44,110.69,08:02:21.481219024
109,110.68,46,110.69,08:02:21.481280652
109,110.68,44,110.69,08:02:21.481806438
109,110.68,46,110.69,08:02:28.830761307
109,110.68,44,110.69,08:02:28.832245645
109,110.68,45,110.69,08:02:28.832809045
109,110.68,46,110.69,08:02:28.835294521
109,110.68,45,110.69,08:02:28.838145048
109,110.68,44,110.69,08:02:28.843354563
109,110.68,50,110.69,08:02:29.082457742
109,110.68,52,110.69,08:02:29.082550049
109,110.68,65,110.69,08:02:29.082568177
92,110.68,65,110.69,08:02:29.082568177
92,110.68,71,110.69,08:02:29.082568177
92,110.68,72,110.69,08:02:29.082706138
86,110.68,72,110.69,08:02:29.082797197
86,110.68,71,110.69,08:02:31.005385818
86,110.68,58,110.69,08:02:31.734610924
86,110.68,59,110.69,08:02:31.734675900
86,110.68,53,110.69,08:02:31.734675900
86,110.68,52,110.69,08:02:32.029331446
86,110.68,67,110.69,08:02:32.840022052
86,110.68,71,110.69,08:02:32.840136714
86,110.68,72,110.69,08:02:32.840207881
86,110.68,71,110.69,08:02:32.840337553
86,110.68,67,110.69,08:02:33.046164387
86,110.68,52,110.69,08:02:33.046228390
86,110.68,53,110.69,08:02:33.242569733
86,110.68,54,110.69,08:02:33.242633381
86,110.68,73,110.69,08:02:36.050400118
83,110.68,73,110.69,08:02:36.061109439
82,110.68,73,110.69,08:02:36.064100149
82,110.68,83,110.69,08:02:36.064632786
70,110.68,83,110.69,08:02:36.065477787
60,110.68,83,110.69,08:02:36.065477787
59,110.68,83,110.69,08:02:36.065698913
59,110.68,95,110.69,08:02:36.065698913
57,110.68,95,110.69,08:02:36.065926343
47,110.68,95,110.69,08:02:36.065926343
40,110.68,95,110.69,08:02:36.065987230
18,110.68,95,110.69,08:02:36.066672000
17,110.68,95,110.69,08:02:36.066932716
16,110.68,95,110.69,08:02:36.066951088
132,110.67,95,110.69,08:02:36.066951088
132,110.67,15,110.68,08:02:36.066951088
132,110.67,14,110.68,08:02:36.067086294
132,110.67,13,110.68,08:02:36.067100662
132,110.67,12,110.68,08:02:36.067245986
132,110.67,9,110.68,08:02:36.067245986
135,110.67,9,110.68,08:02:36.067245986
135,110.67,83,110.69,08:02:36.067263052
1,110.68,83,110.69,08:02:36.067505007
1,110.68,97,110.69,08:02:36.067505007
31,110.68,97,110.69,08:02:36.067600447
35,110.68,97,110.69,08:02:36.067600447
37,110.68,97,110.69,08:02:36.067710719
38,110.68,97,110.69,08:02:36.067728764
42,110.68,97,110.69,08:02:36.067728764
43,110.68,97,110.69,08:02:36.067728764
51,110.68,97,110.69,08:02:36.067728764
50,110.68,97,110.69,08:02:36.067728764
46,110.68,97,110.69,08:02:36.067816390
45,110.68,97,110.69,08:02:36.067918901
45,110.68,91,110.69,08:02:36.067918901
41,110.68,91,110.69,08:02:36.067991567
41,110.68,83,110.69,08:02:36.068287291
42,110.68,83,110.69,08:02:36.073381568
41,110.68,83,110.69,08:02:36.073656205
42,110.68,83,110.69,08:02:36.074812863
54,110.68,83,110.69,08:02:36.076482177
64,110.68,83,110.69,08:02:36.076695770
65,110.68,83,110.69,08:02:36.076712301
66,110.68,83,110.69,08:02:36.076712301
71,110.68,83,110.69,08:02:36.076856262
81,110.68,83,110.69,08:02:36.076989965
81,110.68,73,110.69,08:02:36.076989965
71,110.68,73,110.69,08:02:36.077092845
70,110.68,73,110.69,08:02:36.077092845
70,110.68,74,110.69,08:02:36.077393027
70,110.68,76,110.69,08:02:36.077393027
58,110.68,76,110.69,08:02:36.087206496
53,110.68,76,110.69,08:02:36.087356195
53,110.68,77,110.69,08:02:36.088179571
53,110.68,78,110.69,08:02:36.088260899
54,110.68,78,110.69,08:02:36.104262711
53,110.68,78,110.69,08:02:36.110661614
52,110.68,78,110.69,08:02:36.110803735
42,110.68,78,110.69,08:02:36.129114507
41,110.68,78,110.69,08:02:36.129225590
11,110.68,78,110.69,08:02:36.140723825
3,110.68,78,110.69,08:02:36.140723825
4,110.68,78,110.69,08:02:36.140953656
6,110.68,78,110.69,08:02:36.140953656
7,110.68,78,110.69,08:02:36.141018465
8,110.68,78,110.69,08:02:36.142226829
18,110.68,78,110.69,08:02:36.142590925
17,110.68,78,110.69,08:02:36.143901364
18,110.68,78,110.69,08:02:36.145715802
17,110.68,78,110.69,08:02:36.145868330
18,110.68,78,110.69,08:02:36.150374373
17,110.68,78,110.69,08:02:36.150671723
16,110.68,78,110.69,08:02:36.152139101
14,110.68,78,110.69,08:02:36.152825949
15,110.68,78,110.69,08:02:36.158250216
15,110.68,88,110.69,08:02:36.182297105
14,110.68,88,110.69,08:02:36.211257606
13,110.68,88,110.69,08:02:36.216993991
3,110.68,88,110.69,08:02:36.217920297
2,110.68,88,110.69,08:02:36.218167123
3,110.68,88,110.69,08:02:36.218278867
1,110.68,88,110.69,08:02:36.218654049
139,110.67,88,110.69,08:02:36.218931609
139,110.67,100,110.69,08:02:36.219078620
139,110.67,101,110.69,08:02:36.229160364
30,110.68,101,110.69,08:02:36.601371783
38,110.68,101,110.69,08:02:36.602053065
38,110.68,89,110.69,08:02:36.602875362
8,110.68,89,110.69,08:02:36.678512700
139,110.67,89,110.69,08:02:36.678579650
139,110.67,101,110.69,08:02:36.678903272
140,110.67,101,110.69,08:02:37.358649270
182,110.67,101,110.69,08:02:38.283322262
179,110.67,101,110.69,08:02:38.294418264
177,110.67,101,110.69,08:02:38.362441246
159,110.67,101,110.69,08:02:38.373672321
159,110.67,102,110.69,08:02:39.427582996
159,110.67,103,110.69,08:02:39.428061886
135,110.67,103,110.69,08:02:39.428962912
129,110.67,103,110.69,08:02:39.429717945
133,110.67,103,110.69,08:02:39.429980949
129,110.67,103,110.69,08:02:39.430694075
129,110.67,106,110.69,08:02:39.435477648
129,110.67,1,110.68,08:02:39.435677731
129,110.67,11,110.68,08:02:39.436535961
129,110.67,13,110.68,08:02:39.436601590
129,110.67,15,110.68,08:02:39.436755708
129,110.67,13,110.68,08:02:39.437100117
129,110.67,12,110.68,08:02:39.437885362
129,110.67,13,110.68,08:02:39.438274107
129,110.67,14,110.68,08:02:39.438432862
129,110.67,15,110.68,08:02:39.438496491
129,110.67,14,110.68,08:02:39.438675828
129,110.67,13,110.68,08:02:39.438885348
129,110.67,14,110.68,08:02:39.439589693
129,110.67,15,110.68,08:02:39.440710425
127,110.67,15,110.68,08:02:39.441533825
127,110.67,16,110.68,08:02:39.447271548
127,110.67,15,110.68,08:02:39.448082127
127,110.67,16,110.68,08:02:39.448865111
127,110.67,15,110.68,08:02:39.449749578
127,110.67,16,110.68,08:02:39.451572280
126,110.67,16,110.68,08:02:39.452771924
126,110.67,15,110.68,08:02:39.454864414
109,110.67,15,110.68,08:02:39.462859956
109,110.67,14,110.68,08:02:39.485494767
109,110.67,13,110.68,08:02:39.485914203
109,110.67,12,110.68,08:02:39.486670708
109,110.67,2,110.68,08:02:39.486817962
109,110.67,4,110.68,08:02:39.487040147
109,110.67,5,110.68,08:02:39.487194285
109,110.67,4,110.68,08:02:39.487376243
109,110.67,2,110.68,08:02:39.487795327
109,110.67,110,110.69,08:02:39.487881353
109,110.67,2,110.68,08:02:39.488066156
109,110.67,3,110.68,08:02:39.488290025
119,110.67,3,110.68,08:02:39.488596458
119,110.67,2,110.68,08:02:39.488952590
123,110.67,2,110.68,08:02:39.489074654
123,110.67,3,110.68,08:02:39.489584350
123,110.67,2,110.68,08:02:39.489707275
113,110.67,2,110.68,08:02:39.489859920
113,110.67,108,110.69,08:02:39.489931047
113,110.67,106,110.69,08:02:39.490311922
109,110.67,106,110.69,08:02:39.499029646
109,110.67,108,110.69,08:02:39.501631214
109,110.67,106,110.69,08:02:39.803685503
110,110.67,106,110.69,08:02:40.057747966
114,110.67,106,110.69,08:02:40.239925154
110,110.67,106,110.69,08:02:40.265950841
114,110.67,106,110.69,08:02:40.390876391
114,110.67,10,110.68,08:02:41.296644518
114,110.67,13,110.68,08:02:41.296919366
114,110.67,14,110.68,08:02:41.296996860
114,110.67,45,110.68,08:02:41.297111878
114,110.67,46,110.68,08:02:41.297128424
114,110.67,52,110.68,08:02:41.297399918
114,110.67,53,110.68,08:02:41.297488638
114,110.67,52,110.68,08:02:41.297488638
110,110.67,52,110.68,08:02:41.297600395
110,110.67,46,110.68,08:02:41.331094905
110,110.67,15,110.68,08:02:41.331233764
110,110.67,16,110.68,08:02:41.366381457
110,110.67,15,110.68,08:02:41.370801328
110,110.67,14,110.68,08:02:41.490146163
110,110.67,15,110.68,08:02:41.510010963
110,110.67,14,110.68,08:02:41.523004586
110,110.67,11,110.68,08:02:41.804548527
110,110.67,1,110.68,08:02:41.804670101
110,110.67,3,110.68,08:02:41.804849387
110,110.67,4,110.68,08:02:41.805033757
110,110.67,3,110.68,08:02:41.871120300
110,110.67,4,110.68,08:02:41.900199300
110,110.67,3,110.68,08:02:42.021452194
110,110.67,4,110.68,08:02:42.842971197
110,110.67,3,110.68,08:02:42.853727536
110,110.67,4,110.68,08:02:42.923269826
110,110.67,14,110.68,08:02:42.924839828
110,110.67,15,110.68,08:02:43.623722706
110,110.67,21,110.68,08:02:43.684789736
110,110.67,22,110.68,08:02:43.689542941
110,110.67,23,110.68,08:02:43.691800806
110,110.67,56,110.68,08:02:43.694110476
110,110.67,58,110.68,08:02:43.705816658
93,110.67,58,110.68,08:02:43.710633642
88,110.67,58,110.68,08:02:43.710870928
88,110.67,77,110.68,08:02:51.449332253
85,110.67,77,110.68,08:02:51.449332253
86,110.67,77,110.68,08:02:51.449752979
85,110.67,77,110.68,08:02:51.450187263
75,110.67,77,110.68,08:02:51.450187263
68,110.67,77,110.68,08:02:51.450305110
69,110.67,77,110.68,08:02:51.451231487
71,110.67,77,110.68,08:02:51.451370341
72,110.67,77,110.68,08:02:51.451511982
71,110.67,77,110.68,08:02:51.453460079
70,110.67,77,110.68,08:02:51.454361708
71,110.67,77,110.68,08:02:51.454819387
72,110.67,77,110.68,08:02:51.456490851
73,110.67,77,110.68,08:02:51.456835429
73,110.67,58,110.68,08:02:51.457433583
73,110.67,25,110.68,08:02:51.457504825
73,110.67,63,110.68,08:02:51.559670300
73,110.67,62,110.68,08:02:52.576003847
73,110.67,61,110.68,08:02:52.576437007
82,110.67,61,110.68,08:02:52.739865341
82,110.67,62,110.68,08:02:53.296471795
82,110.67,61,110.68,08:02:54.539519986
82,110.67,23,110.68,08:02:54.545695855
100,110.67,23,110.68,08:02:54.545754592
100,110.67,24,110.68,08:02:54.545862675
100,110.67,23,110.68,08:02:54.556192707
100,110.67,22,110.68,08:02:54.556258707
100,110.67,23,110.68,08:02:54.556362473
100,110.67,22,110.68,08:02:54.557292581
100,110.67,16,110.68,08:02:54.593491398
100,110.67,17,110.68,08:02:55.228968107
100,110.67,18,110.68,08:02:55.229032954
100,110.67,24,110.68,08:02:55.237434025
100,110.67,46,110.68,08:02:55.237586626
100,110.67,62,110.68,08:02:55.237705340
82,110.67,62,110.68,08:02:55.393984249
92,110.67,62,110.68,08:02:58.696657387
100,110.67,62,110.68,08:02:58.696730346
100,110.67,61,110.68,08:02:58.696802491
100,110.67,45,110.68,08:02:58.697311958
100,110.67,23,110.68,08:02:58.697377376
100,110.67,22,110.68,08:02:58.697517898
100,110.67,16,110.68,08:02:58.697601917
100,110.67,17,110.68,08:02:58.698947089
100,110.67,42,110.68,08:02:58.797417098
100,110.67,55,110.68,08:02:58.797517019
100,110.67,54,110.68,08:03:00.031597849
100,110.67,29,110.68,08:03:00.113555183
100,110.67,16,110.68,08:03:00.113614261
100,110.67,17,110.68,08:03:00.113732818
100,110.67,16,110.68,08:03:00.691343439
100,110.67,17,110.68,08:03:00.691522491
100,110.67,16,110.68,08:03:00.695393095
100,110.67,22,110.68,08:03:02.380774403
100,110.67,23,110.68,08:03:02.380859167
100,110.67,24,110.68,08:03:02.380859167
100,110.67,54,110.68,08:03:02.381025384
90,110.67,54,110.68,08:03:02.381178050
82,110.67,54,110.68,08:03:02.381178050
82,110.67,62,110.68,08:03:02.381254124
82,110.67,76,110.68,08:03:03.409146213
82,110.67,81,110.68,08:03:03.409389451
82,110.67,67,110.68,08:03:04.023773105
82,110.67,62,110.68,08:03:04.023838375
81,110.67,62,110.68,08:03:05.757249962
80,110.67,62,110.68,08:03:05.757324986
79,110.67,62,110.68,08:03:05.757544314
79,110.67,77,110.68,08:03:05.757544314
79,110.67,81,110.68,08:03:05.757641238
70,110.67,81,110.68,08:03:05.759564205
70,110.67,90,110.68,08:03:05.759564205
65,110.67,90,110.68,08:03:05.759746526
66,110.67,90,110.68,08:03:05.760138894
67,110.67,90,110.68,08:03:05.760138894
67,110.67,81,110.68,08:03:05.760411300
66,110.67,81,110.68,08:03:05.774784543
65,110.67,81,110.68,08:03:05.774919584
66,110.67,81,110.68,08:03:05.971155062
65,110.67,81,110.68,08:03:06.381737958
66,110.67,81,110.68,08:03:06.539200095
67,110.67,81,110.68,08:03:06.542918901
68,110.67,81,110.68,08:03:06.543258187
68,110.67,66,110.68,08:03:06.543490781
68,110.67,62,110.68,08:03:06.543490781
67,110.67,62,110.68,08:03:06.545691449
66,110.67,62,110.68,08:03:06.546156491
67,110.67,62,110.68,08:03:06.548218784
68,110.67,62,110.68,08:03:06.585284883
67,110.67,62,110.68,08:03:06.706727354
66,110.67,62,110.68,08:03:06.706859530
66,110.67,78,110.68,08:03:06.707743036
65,110.67,78,110.68,08:03:06.708115911
65,110.67,88,110.68,08:03:06.946030858
66,110.67,88,110.68,08:03:07.648469001
65,110.67,88,110.68,08:03:08.012551667
64,110.67,88,110.68,08:03:08.012720822
62,110.67,88,110.68,08:03:08.012746092
60,110.67,88,110.68,08:03:08.012746092
59,110.67,88,110.68,08:03:08.012818413
47,110.67,88,110.68,08:03:08.013253362
48,110.67,88,110.68,08:03:08.014077039
49,110.67,88,110.68,08:03:08.014151871
48,110.67,88,110.68,08:03:09.244352245
13,110.67,88,110.68,08:03:09.405753943
12,110.67,88,110.68,08:03:09.405925077
2,110.67,88,110.68,08:03:09.406292622
3,110.67,88,110.68,08:03:09.406476881
4,110.67,88,110.68,08:03:09.408854885
3,110.67,88,110.68,08:03:09.409689956
2,110.67,88,110.68,08:03:09.410039991
3,110.67,88,110.68,08:03:09.413372160
4,110.67,88,110.68,08:03:09.413528973
3,110.67,88,110.68,08:03:09.413859632
4,110.67,88,110.68,08:03:09.452911249
14,110.67,88,110.68,08:03:09.455575890
42,110.67,88,110.68,08:03:09.507324801
51,110.67,88,110.68,08:03:09.507389910
53,110.67,88,110.68,08:03:10.875718687
55,110.67,88,110.68,08:03:10.877065947
56,110.67,88,110.68,08:03:10.877424375
56,110.67,72,110.68,08:03:10.879026802
68,110.67,72,110.68,08:03:10.879301656
76,110.67,72,110.68,08:03:10.879354434
76,110.67,62,110.68,08:03:10.879354434
78,110.67,62,110.68,08:03:10.879400062
82,110.67,62,110.68,08:03:10.879566785
78,110.67,62,110.68,08:03:10.879870251
92,110.67,62,110.68,08:03:10.882097852
96,110.67,62,110.68,08:03:10.882169743
96,110.67,32,110.68,08:03:10.888755651
96,110.67,24,110.68,08:03:10.888825433
96,110.67,18,110.68,08:03:10.888936979
99,110.67,18,110.68,08:03:10.892761642
99,110.67,19,110.68,08:03:12.822983934
99,110.67,57,110.68,08:03:12.823047784
99,110.67,19,110.68,08:03:15.771942238
99,110.67,18,110.68,08:03:15.772057922
99,110.67,17,110.68,08:03:15.779333844
99,110.67,18,110.68,08:03:15.779401022
99,110.67,19,110.68,08:03:15.779501793
99,110.67,57,110.68,08:03:15.874262420
99,110.67,56,110.68,08:03:21.031949026
99,110.67,55,110.68,08:03:21.032233659
99,110.67,17,110.68,08:03:21.469415842
99,110.67,16,110.68,08:03:21.469565884
99,110.67,17,110.68,08:03:21.470280059
99,110.67,15,110.68,08:03:21.472778095
99,110.67,14,110.68,08:03:21.473213250
99,110.67,12,110.68,08:03:21.485110205
99,110.67,11,110.68,08:03:21.485266880
99,110.67,1,110.68,08:03:21.485487938
101,110.67,1,110.68,08:03:21.485586949
101,110.67,123,110.69,08:03:21.485604206
101,110.67,1,110.68,08:03:21.485740316
101,110.67,2,110.68,08:03:21.485887756
107,110.67,2,110.68,08:03:21.485983323
107,110.67,27,110.68,08:03:21.486251490
107,110.67,28,110.68,08:03:21.486251490
105,110.67,28,110.68,08:03:21.486358261
105,110.67,27,110.68,08:03:21.486647102
105,110.67,28,110.68,08:03:21.486759314
105,110.67,3,110.68,08:03:21.498873996
106,110.67,3,110.68,08:03:21.498942028
106,110.67,13,110.68,08:03:21.499109212
106,110.67,3,110.68,08:03:21.507259227
105,110.67,3,110.68,08:03:21.510056158
105,110.67,4,110.68,08:03:21.535764150
105,110.67,5,110.68,08:03:21.535832790
105,110.67,15,110.68,08:03:21.535941173
105,110.67,14,110.68,08:03:21.691369676
105,110.67,13,110.68,08:03:21.691522748
105,110.67,12,110.68,08:03:23.038387752
105,110.67,2,110.68,08:03:23.039849849
105,110.67,1,110.68,08:03:23.040200255
105,110.67,128,110.69,08:03:23.040200255
105,110.67,116,110.69,08:03:23.040576447
105,110.67,110,110.69,08:03:23.040980779
107,110.67,110,110.69,08:03:23.044217784
119,110.67,110,110.69,08:03:23.044644990
123,110.67,110,110.69,08:03:23.045055332
107,110.67,110,110.69,08:03:23.046122329
105,110.67,110,110.69,08:03:23.046507871
106,110.67,110,110.69,08:03:23.057615433
105,110.67,110,110.69,08:03:23.068652939
113,110.67,110,110.69,08:03:23.153202922
135,110.67,110,110.69,08:03:23.153573904
127,110.67,110,110.69,08:03:23.154014867
121,110.67,110,110.69,08:03:23.245230043
125,110.67,110,110.69,08:03:23.251582211
127,110.67,110,110.69,08:03:23.251945459
123,110.67,110,110.69,08:03:23.259694581
109,110.67,110,110.69,08:03:23.260065908
105,110.67,110,110.69,08:03:23.276261941
107,110.67,110,110.69,08:03:23.278916214
113,110.67,110,110.69,08:03:23.279221957
127,110.67,110,110.69,08:03:23.443838506
133,110.67,110,110.69,08:03:23.548543795
158,110.67,110,110.69,08:03:24.428729032
164,110.67,110,110.69,08:03:26.009490737
162,110.67,110,110.69,08:03:27.272861903
158,110.67,110,110.69,08:03:27.283939080
140,110.67,110,110.69,08:03:27.294024257
136,110.67,110,110.69,08:03:27.431179585
112,110.67,110,110.69,08:03:27.431573108
116,110.67,110,110.69,08:03:27.431974115
112,110.67,110,110.69,08:03:27.432374707
114,110.67,110,110.69,08:03:27.442364032
112,110.67,110,110.69,08:03:27.442730911
110,110.67,110,110.69,08:03:27.444236465
106,110.67,110,110.69,08:03:27.455314883
105,110.67,110,110.69,08:03:27.466205071
109,110.67,110,110.69,08:03:28.492760101
109,110.67,10,110.68,08:03:28.497874135
109,110.67,13,110.68,08:03:28.498146746
109,110.67,42,110.68,08:03:28.498221959
109,110.67,47,110.68,08:03:28.498332353
109,110.67,48,110.68,08:03:28.498349914
109,110.67,47,110.68,08:03:28.498617930
109,110.67,42,110.68,08:03:28.498617930
105,110.67,42,110.68,08:03:28.499011158
105,110.67,13,110.68,08:03:28.516287036
105,110.67,14,110.68,08:03:28.516431839
105,110.67,15,110.68,08:03:28.516628828
105,110.67,14,110.68,08:03:30.044084908
105,110.67,11,110.68,08:03:34.827108004
105,110.67,13,110.68,08:03:34.827375944
105,110.67,3,110.68,08:03:34.827471361
105,110.67,1,110.68,08:03:34.828312177
106,110.67,1,110.68,08:03:34.829128681
106,110.67,2,110.68,08:03:34.836498284
106,110.67,1,110.68,08:03:34.837865130
114,110.67,1,110.68,08:03:34.843841129
114,110.67,113,110.69,08:03:34.844078325
120,110.67,113,110.69,08:03:34.844200481
118,110.67,113,110.69,08:03:34.844544787
119,110.67,113,110.69,08:03:34.857076247
131,110.67,113,110.69,08:03:34.883632843
133,110.67,113,110.69,08:03:34.884016125
137,110.67,113,110.69,08:03:34.902064825
131,110.67,113,110.69,08:03:36.353673516
135,110.67,113,110.69,08:03:36.367303098
139,110.67,113,110.69,08:03:36.374899205
135,110.67,113,110.69,08:03:36.412029774
139,110.67,113,110.69,08:03:36.431999892
141,110.67,113,110.69,08:03:36.432499534
135,110.67,113,110.69,08:03:36.755457154
131,110.67,113,110.69,08:03:37.002937918
111,110.67,113,110.69,08:03:37.004127731
115,110.67,113,110.69,08:03:37.004617474
111,110.67,113,110.69,08:03:37.015218607
109,110.67,113,110.69,08:03:37.016411002
108,110.67,113,110.69,08:03:37.027710570
110,110.67,113,110.69,08:03:37.035383378
114,110.67,113,110.69,08:03:37.035746142
112,110.67,113,110.69,08:03:37.037793120
122,110.67,113,110.69,08:03:37.079702365
122,110.67,110,110.69,08:03:37.418122159
126,110.67,110,110.69,08:03:37.418351009
130,110.67,110,110.69,08:03:37.418720670
134,110.67,110,110.69,08:03:37.487179718
143,110.67,110,110.69,08:03:38.667438793
137,110.67,110,110.69,08:03:39.089273413
135,110.67,110,110.69,08:03:39.089747762
139,110.67,110,110.69,08:03:39.094150900
135,110.67,110,110.69,08:03:39.094528602
137,110.67,110,110.69,08:03:39.094902086
139,110.67,110,110.69,08:03:39.095271939
143,110.67,110,110.69,08:03:39.098280189
145,110.67,110,110.69,08:03:39.098648960
143,110.67,110,110.69,08:03:39.099013839
141,110.67,110,110.69,08:03:39.102144425
135,110.67,110,110.69,08:03:39.130278849
133,110.67,110,110.69,08:03:39.139152559
129,110.67,110,110.69,08:03:39.153495432
127,110.67,110,110.69,08:03:39.153858549
123,110.67,110,110.69,08:03:39.156605679
121,110.67,110,110.69,08:03:39.166525647
119,110.67,110,110.69,08:03:39.177438503
125,110.67,110,110.69,08:03:39.604325886
119,110.67,110,110.69,08:03:39.604732961
129,110.67,110,110.69,08:03:39.605127047
133,110.67,110,110.69,08:03:39.605496589
127,110.67,110,110.69,08:03:39.616085347
123,110.67,110,110.69,08:03:39.665682506
119,110.67,110,110.69,08:03:39.666046980
123,110.67,110,110.69,08:03:39.673326272
125,110.67,110,110.69,08:03:40.603828027
131,110.67,110,110.69,08:03:41.034703120
137,110.67,110,110.69,08:03:41.035075574
133,110.67,110,110.69,08:03:41.035442597
127,110.67,110,110.69,08:03:41.038803618
131,110.67,110,110.69,08:03:41.539889217
139,110.67,110,110.69,08:03:41.540274301
145,110.67,110,110.69,08:03:41.960496979
143,110.67,110,110.69,08:03:43.481767427
146,110.67,110,110.69,08:03:44.346637974
147,110.67,110,110.69,08:03:45.012040153
143,110.67,110,110.69,08:03:45.429405650
142,110.67,110,110.69,08:03:45.434840312
140,110.67,110,110.69,08:03:45.446106382
138,110.67,110,110.69,08:03:45.456204498
134,110.67,110,110.69,08:03:45.471673209
134,110.67,10,110.68,08:03:45.471901270
134,110.67,15,110.68,08:03:45.472332703
134,110.67,53,110.68,08:03:45.472332703
112,110.67,53,110.68,08:03:45.472404050
116,110.67,53,110.68,08:03:45.472833467
116,110.67,15,110.68,08:03:45.473001739
112,110.67,15,110.68,08:03:45.473177684
110,110.67,15,110.68,08:03:45.484692650
109,110.67,15,110.68,08:03:45.495642531
109,110.67,16,110.68,08:03:45.495806870
109,110.67,17,110.68,08:03:45.495951023
109,110.67,18,110.68,08:03:45.496225627
107,110.67,18,110.68,08:03:45.505729259
107,110.67,19,110.68,08:03:45.505914262
107,110.67,20,110.68,08:03:45.665420736
107,110.67,19,110.68,08:03:45.721212122
107,110.67,20,110.68,08:03:47.043521179
107,110.67,19,110.68,08:03:47.043676910
107,110.67,14,110.68,08:03:47.043847051
107,110.67,13,110.68,08:03:50.023183624
107,110.67,12,110.68,08:03:50.023183624
107,110.67,11,110.68,08:03:50.023258556
107,110.67,1,110.68,08:03:50.028112129
111,110.67,1,110.68,08:03:50.028737980
107,110.67,1,110.68,08:03:50.048318774
108,110.67,1,110.68,08:03:50.050446501
110,110.67,1,110.68,08:03:50.050461317
124,110.67,1,110.68,08:03:50.050743610
122,110.67,1,110.68,08:03:50.051060045
123,110.67,1,110.68,08:03:50.065598534
123,110.67,113,110.69,08:03:50.067438261
109,110.67,113,110.69,08:03:50.074917334
108,110.67,113,110.69,08:03:50.087886379
108,110.67,10,110.68,08:03:51.345383376
108,110.67,13,110.68,08:03:51.345812876
108,110.67,35,110.68,08:03:51.345812876
108,110.67,38,110.68,08:03:51.345829640
112,110.67,38,110.68,08:03:51.345917429
112,110.67,35,110.68,08:03:51.346168377
108,110.67,35,110.68,08:03:51.346764334
108,110.67,13,110.68,08:03:51.470002502
108,110.67,14,110.68,08:03:51.470190405
108,110.67,11,110.68,08:03:51.470321438
108,110.67,12,110.68,08:03:51.470321438
108,110.67,11,110.68,08:03:51.470506421
108,110.67,14,110.68,08:03:51.871225401
108,110.67,15,110.68,08:03:51.871467564
108,110.67,12,110.68,08:03:51.939263282
108,110.67,11,110.68,08:03:51.939369381
108,110.67,12,110.68,08:03:51.939488472
108,110.67,11,110.68,08:03:51.939975337
108,110.67,1,110.68,08:03:51.940137930
108,110.67,11,110.68,08:03:51.940753785
108,110.67,12,110.68,08:03:51.940772901
108,110.67,11,110.68,08:03:51.940952080
108,110.67,1,110.68,08:03:53.032034292
108,110.67,11,110.68,08:03:53.033267571
118,110.67,11,110.68,08:03:53.141351460
118,110.67,1,110.68,08:03:53.376230078
122,110.67,1,110.68,08:03:53.377256048
122,110.67,11,110.68,08:03:53.388098841
118,110.67,11,110.68,08:03:53.388708520
118,110.67,1,110.68,08:03:56.569979023
118,110.67,115,110.69,08:03:56.570872830
124,110.67,115,110.69,08:03:56.571085831
124,110.67,113,110.69,08:03:56.571272214
148,110.67,113,110.69,08:03:56.571440602
149,110.67,113,110.69,08:03:56.584303595
137,110.67,113,110.69,08:03:56.584592448
131,110.67,113,110.69,08:03:56.584992739
127,110.67,113,110.69,08:03:56.585344459
137,110.67,113,110.69,08:03:56.594283063
139,110.67,113,110.69,08:03:56.594608042
129,110.67,113,110.69,08:03:56.692954312
133,110.67,113,110.69,08:03:56.855649546
139,110.67,113,110.69,08:03:56.856096935
139,110.67,110,110.69,08:03:56.865624405
10,110.68,110,110.69,08:03:56.866756531
10,110.68,98,110.69,08:03:56.866979978
40,110.68,98,110.69,08:03:56.867417273
41,110.68,98,110.69,08:03:56.867621772
40,110.68,98,110.69,08:03:56.868012699
10,110.68,98,110.69,08:03:56.868243793
11,110.68,98,110.69,08:03:56.868432299
11,110.68,97,110.69,08:03:56.878076130
11,110.68,96,110.69,08:03:56.878076130
11,110.68,95,110.69,08:03:56.878166687
11,110.68,94,110.69,08:03:56.878294098
11,110.68,92,110.69,08:03:56.878294098
10,110.68,92,110.69,08:03:56.878294098
10,110.68,95,110.69,08:03:56.897837250
10,110.68,92,110.69,08:03:57.005564797
11,110.68,92,110.69,08:03:57.040902290
10,110.68,92,110.69,08:03:57.041044370
10,110.68,95,110.69,08:03:57.081138161
10,110.68,92,110.69,08:03:58.741708913
11,110.68,92,110.69,08:03:58.753586297
12,110.68,92,110.69,08:03:58.754010470
13,110.68,92,110.69,08:03:58.754474018
14,110.68,92,110.69,08:03:58.754662917
15,110.68,92,110.69,08:03:58.754662917
16,110.68,92,110.69,08:03:58.755410011
17,110.68,92,110.69,08:03:58.755821066
18,110.68,92,110.69,08:03:58.756547462
19,110.68,92,110.69,08:03:58.756730189
20,110.68,92,110.69,08:03:58.765270613
48,110.68,92,110.69,08:03:58.765498068
47,110.68,92,110.69,08:03:58.765498068
47,110.68,73,110.69,08:03:58.767802521
59,110.68,73,110.69,08:03:58.767987890
69,110.68,73,110.69,08:03:58.768162367
57,110.68,73,110.69,08:03:58.768943617
58,110.68,73,110.69,08:03:58.769481255
72,110.68,73,110.69,08:03:58.769899366
77,110.68,73,110.69,08:03:58.769976860
63,110.68,73,110.69,08:03:58.780349859
58,110.68,73,110.69,08:03:58.780411686
58,110.68,66,110.69,08:03:58.801346095
67,110.68,66,110.69,08:03:58.801364248
67,110.68,56,110.69,08:03:58.801364248
70,110.68,56,110.69,08:03:58.801364248
82,110.68,56,110.69,08:03:58.801568584
82,110.68,50,110.69,08:03:58.805611013
96,110.68,50,110.69,08:03:59.161099668
101,110.68,50,110.69,08:03:59.161166384
87,110.68,50,110.69,08:04:00.742651755
82,110.68,50,110.69,08:04:00.742715086
82,110.68,69,110.69,08:04:00.745670503
70,110.68,69,110.69,08:04:00.745920897
69,110.68,69,110.69,08:04:00.746441178
41,110.68,69,110.69,08:04:00.747306655
31,110.68,69,110.69,08:04:00.747306655
28,110.68,69,110.69,08:04:00.747402116
19,110.68,69,110.69,08:04:00.747816411
20,110.68,69,110.69,08:04:00.747884572
19,110.68,69,110.69,08:04:00.756914921
18,110.68,69,110.69,08:04:00.758805102
17,110.68,69,110.69,08:04:00.759122277
17,110.68,79,110.69,08:04:00.759122277
16,110.68,79,110.69,08:04:00.759224430
17,110.68,79,110.69,08:04:00.763399559
18,110.68,79,110.69,08:04:00.763663343
19,110.68,79,110.69,08:04:00.763744687
18,110.68,79,110.69,08:04:00.764042899
17,110.68,79,110.69,08:04:00.764964917
16,110.68,79,110.69,08:04:00.765131621
17,110.68,79,110.69,08:04:00.875660483
47,110.68,79,110.69,08:04:00.875805033
48,110.68,79,110.69,08:04:00.875877919
56,110.68,79,110.69,08:04:00.875877919
55,110.68,79,110.69,08:04:00.876092756
55,110.68,69,110.69,08:04:01.323106990
56,110.68,69,110.69,08:04:01.323230763
68,110.68,69,110.69,08:04:01.324451187
77,110.68,69,110.69,08:04:01.324682908
77,110.68,50,110.69,08:04:01.324757920
78,110.68,50,110.69,08:04:01.326769444
82,110.68,50,110.69,08:04:01.386705844
78,110.68,50,110.69,08:04:01.387255667
82,110.68,50,110.69,08:04:01.395886328
82,110.68,65,110.69,08:04:02.627784003
81,110.68,65,110.69,08:04:05.890566189
69,110.68,65,110.69,08:04:05.890716798
65,110.68,65,110.69,08:04:05.890796212
56,110.68,65,110.69,08:04:05.890948996
56,110.68,76,110.69,08:04:05.891040020
56,110.68,84,110.69,08:04:05.891183876
48,110.68,84,110.69,08:04:05.891183876
18,110.68,84,110.69,08:04:05.891183876
19,110.68,84,110.69,08:04:05.891378311
25,110.68,84,110.69,08:04:05.901464304
59,110.68,84,110.69,08:04:06.024814968
71,110.68,84,110.69,08:04:06.025773373
71,110.68,73,110.69,08:04:06.025773373
71,110.68,65,110.69,08:04:06.025848711
81,110.68,65,110.69,08:04:06.025848711
85,110.68,65,110.69,08:04:06.025924182
81,110.68,65,110.69,08:04:06.026435753
85,110.68,65,110.69,08:04:06.048935136
73,110.68,65,110.69,08:04:07.819109548
73,110.68,76,110.69,08:04:07.819240540
63,110.68,76,110.69,08:04:07.819258642
63,110.68,84,110.69,08:04:07.819258642
59,110.68,84,110.69,08:04:07.819258642
58,110.68,84,110.69,08:04:07.819352585
24,110.68,84,110.69,08:04:07.819457496
18,110.68,84,110.69,08:04:07.819690799
17,110.68,84,110.69,08:04:07.832440802
16,110.68,84,110.69,08:04:07.832643566
17,110.68,84,110.69,08:04:07.997547150
16,110.68,84,110.69,08:04:08.127468289
17,110.68,84,110.69,08:04:08.249354749
18,110.68,84,110.69,08:04:08.249518421
17,110.68,84,110.69,08:04:08.402899373
16,110.68,84,110.69,08:04:08.403039779
17,110.68,84,110.69,08:04:08.465898577
16,110.68,84,110.69,08:04:08.479831770
18,110.68,84,110.69,08:04:10.205693206
19,110.68,84,110.69,08:04:10.205865791
18,110.68,84,110.69,08:04:10.206063862
19,110.68,84,110.69,08:04:10.207331438
20,110.68,84,110.69,08:04:10.207412670
31,110.68,84,110.69,08:04:10.207500570
51,110.68,84,110.69,08:04:12.690660825
69,110.68,84,110.69,08:04:12.690761651
51,110.68,84,110.69,08:04:13.461128156
31,110.68,84,110.69,08:04:13.461128156
44,110.68,84,110.69,08:04:19.121023157
44,110.68,73,110.69,08:04:19.121023157
44,110.68,65,110.69,08:04:19.121023157
69,110.68,65,110.69,08:04:19.121274163
75,110.68,65,110.69,08:04:19.121274163
81,110.68,65,110.69,08:04:19.121274163
94,110.68,65,110.69,08:04:19.121274163
98,110.68,65,110.69,08:04:19.122083751
98,110.68,64,110.69,08:04:22.029181131
98,110.68,63,110.69,08:04:23.042223714
98,110.68,62,110.69,08:04:23.042596648
98,110.68,60,110.69,08:04:23.044436928
98,110.68,59,110.69,08:04:23.044538192
110,110.68,59,110.69,08:04:23.044724563
110,110.68,49,110.69,08:04:23.050705572
110,110.68,47,110.69,08:04:23.400770211
110,110.68,46,110.69,08:04:24.191773169
110,110.68,47,110.69,08:04:25.042414478
110,110.68,48,110.69,08:04:25.042569488
110,110.68,49,110.69,08:04:25.042650782
110,110.68,50,110.69,08:04:25.254787277
110,110.68,51,110.69,08:04:25.254844106
110,110.68,50,110.69,08:04:25.530300004
110,110.68,51,110.69,08:04:25.531108976
110,110.68,50,110.69,08:04:26.039964567
110,110.68,51,110.69,08:04:26.576675058
110,110.68,50,110.69,08:04:34.034378491
110,110.68,51,110.69,08:04:34.376916598
110,110.68,61,110.69,08:04:34.383212085
98,110.68,61,110.69,08:04:34.567979139
98,110.68,63,110.69,08:04:35.461222220
92,110.68,63,110.69,08:04:35.461301557
79,110.68,63,110.69,08:04:35.461301557
73,110.68,63,110.69,08:04:35.461437918
73,110.68,62,110.69,08:04:35.541731842
73,110.68,32,110.69,08:04:35.541731842
73,110.68,17,110.69,08:04:35.541860687
73,110.68,16,110.69,08:04:35.541860687
73,110.68,15,110.69,08:04:35.541875183
73,110.68,14,110.69,08:04:35.541875183
73,110.68,13,110.69,08:04:35.541875183
73,110.68,12,110.69,08:04:35.541875183
73,110.68,2,110.69,08:04:35.542091013
73,110.68,150,110.7,08:04:35.542091013
37,110.69,150,110.7,08:04:35.542091013
36,110.69,150,110.7,08:04:35.542472526
25,110.69,150,110.7,08:04:35.542688842
24,110.69,150,110.7,08:04:35.542710638
23,110.69,150,110.7,08:04:35.542710638
104,110.68,150,110.7,08:04:35.542733022
104,110.68,32,110.69,08:04:35.543167719
104,110.68,37,110.69,08:04:35.543193188
110,110.68,37,110.69,08:04:35.543193188
140,110.68,37,110.69,08:04:35.543288755
140,110.68,32,110.69,08:04:35.543487101
110,110.68,32,110.69,08:04:35.543568957
110,110.68,150,110.7,08:04:35.543944825
110,110.68,132,110.7,08:04:35.544574207
110,110.68,124,110.7,08:04:35.545133089
110,110.68,120,110.7,08:04:35.545505547
110,110.68,124,110.7,08:04:35.553378420
110,110.68,128,110.7,08:04:35.553466416
110,110.68,132,110.7,08:04:35.646147774
110,110.68,128,110.7,08:04:35.658700110
110,110.68,132,110.7,08:04:35.759403298
110,110.68,128,110.7,08:04:35.771990372
114,110.68,128,110.7,08:04:37.570572431
114,110.68,1,110.69,08:04:37.571659426
114,110.68,4,110.69,08:04:37.571853065
114,110.68,34,110.69,08:04:37.571986328
114,110.68,41,110.69,08:04:37.571986328
114,110.68,51,110.69,08:04:37.571986328
114,110.68,44,110.69,08:04:37.572360555
114,110.68,34,110.69,08:04:37.572378673
110,110.68,34,110.69,08:04:37.572540890
110,110.68,44,110.69,08:04:37.575268860
110,110.68,50,110.69,08:04:39.543850386
110,110.68,51,110.69,08:04:39.544170473
110,110.68,45,110.69,08:04:39.544687797
110,110.68,51,110.69,08:04:39.593414935
110,110.68,45,110.69,08:04:39.595286347
110,110.68,51,110.69,08:04:39.628698844
91,110.68,51,110.69,08:04:39.641952047
91,110.68,65,110.69,08:04:39.642716884
91,110.68,66,110.69,08:04:39.642736202
79,110.68,66,110.69,08:04:39.642836209
79,110.68,67,110.69,08:04:39.642855108
79,110.68,72,110.69,08:04:39.642855108
75,110.68,72,110.69,08:04:39.642855108
75,110.68,71,110.69,08:04:39.643404960
75,110.68,70,110.69,08:04:39.643404960
75,110.68,56,110.69,08:04:39.647644485
75,110.68,51,110.69,08:04:39.647710296
75,110.68,52,110.69,08:04:39.720014667
75,110.68,51,110.69,08:04:39.720128548
75,110.68,52,110.69,08:04:39.738394483
75,110.68,51,110.69,08:04:39.738540815
79,110.68,51,110.69,08:04:39.772108261
75,110.68,51,110.69,08:04:39.837862304
79,110.68,51,110.69,08:04:39.860867252
75,110.68,51,110.69,08:04:39.911705152
75,110.68,52,110.69,08:04:39.984878277
69,110.68,52,110.69,08:04:40.014635442
58,110.68,52,110.69,08:04:40.014800357
58,110.68,51,110.69,08:04:40.092899444
65,110.68,51,110.69,08:04:40.116828043
69,110.68,51,110.69,08:04:40.116931908
69,110.68,52,110.69,08:04:40.184897095
62,110.68,52,110.69,08:04:40.185213718
58,110.68,52,110.69,08:04:40.185213718
58,110.68,51,110.69,08:04:40.185292985
58,110.68,52,110.69,08:04:40.190148763
58,110.68,51,110.69,08:04:40.191137024
58,110.68,52,110.69,08:04:40.194521863
58,110.68,67,110.69,08:04:41.036802107
58,110.68,71,110.69,08:04:41.036878145
58,110.68,56,110.69,08:04:41.247045184
58,110.68,52,110.69,08:04:41.247120995
58,110.68,51,110.69,08:04:41.247193607
68,110.68,51,110.69,08:04:42.039715135
80,110.68,51,110.69,08:04:42.039799583
84,110.68,51,110.69,08:04:42.040084434
88,110.68,51,110.69,08:04:42.040084434
103,110.68,51,110.69,08:04:42.040181665
88,110.68,51,110.69,08:04:42.077506667
84,110.68,51,110.69,08:04:42.077522913
84,110.68,52,110.69,08:04:42.980341616
84,110.68,51,110.69,08:04:43.536424492
99,110.68,51,110.69,08:04:46.040580582
99,110.68,45,110.69,08:04:46.040676613
103,110.68,45,110.69,08:04:46.040738236
103,110.68,35,110.69,08:04:48.031368972
103,110.68,32,110.69,08:04:48.036097662
103,110.68,34,110.69,08:04:48.050905174
103,110.68,35,110.69,08:04:48.051022122
103,110.68,45,110.69,08:04:48.051180362
103,110.68,44,110.69,08:04:48.058631392
103,110.68,42,110.69,08:04:48.084644053
103,110.68,43,110.69,08:04:48.094590504
103,110.68,44,110.69,08:04:48.094735822
103,110.68,43,110.69,08:04:48.130630692
103,110.68,42,110.69,08:04:48.132014181
103,110.68,43,110.69,08:04:48.133627972
103,110.68,44,110.69,08:04:48.133777873
103,110.68,45,110.69,08:04:48.282130234
103,110.68,44,110.69,08:04:48.346344298
103,110.68,43,110.69,08:04:48.379430814
103,110.68,42,110.69,08:04:48.379568411
103,110.68,43,110.69,08:04:48.466700171
103,110.68,44,110.69,08:04:48.466847936
103,110.68,45,110.69,08:04:48.787370953
103,110.68,44,110.69,08:04:50.024819006
103,110.68,43,110.69,08:04:50.024896718
103,110.68,42,110.69,08:04:50.024896718
103,110.68,43,110.69,08:04:50.031706328
103,110.68,44,110.69,08:04:50.031851015
103,110.68,45,110.69,08:04:50.031964052
103,110.68,44,110.69,08:04:51.714684313
103,110.68,45,110.69,08:04:51.715615138
103,110.68,44,110.69,08:04:51.716567403
103,110.68,43,110.69,08:04:51.721711145
103,110.68,42,110.69,08:04:51.721841388
103,110.68,43,110.69,08:04:51.722475272
103,110.68,45,110.69,08:04:51.722607490
103,110.68,51,110.69,08:04:53.189019328
103,110.68,45,110.69,08:04:54.035297246
103,110.68,51,110.69,08:04:55.215124134
103,110.68,45,110.69,08:04:55.222057846
103,110.68,43,110.69,08:04:55.222165939
103,110.68,42,110.69,08:04:55.223599624
103,110.68,43,110.69,08:04:55.225653139
103,110.68,44,110.69,08:04:55.225797894
103,110.68,45,110.69,08:04:55.240816993
103,110.68,44,110.69,08:04:55.399876087
103,110.68,45,110.69,08:04:55.416793694
103,110.68,44,110.69,08:04:55.499017451
103,110.68,45,110.69,08:04:55.686870941
103,110.68,44,110.69,08:04:57.892312733
103,110.68,14,110.69,08:04:57.892326272
103,110.68,13,110.69,08:04:57.892425798
103,110.68,3,110.69,08:04:57.892450796
103,110.68,2,110.69,08:04:57.892450796
103,110.68,1,110.69,08:04:57.892450796
103,110.68,185,110.7,08:04:57.892450796
55,110.69,185,110.7,08:04:57.892450796
54,110.69,185,110.7,08:04:57.893370700
55,110.69,185,110.7,08:04:57.893370700
55,110.69,167,110.7,08:04:57.893370991
54,110.69,167,110.7,08:04:57.893492846
54,110.69,159,110.7,08:04:57.893655973
54,110.69,155,110.7,08:04:57.894135876
55,110.69,155,110.7,08:04:58.032215868
56,110.69,155,110.7,08:04:58.032492066
55,110.69,155,110.7,08:04:58.032661343
55,110.69,125,110.7,08:04:58.034021664
56,110.69,125,110.7,08:04:59.052499588
59,110.69,125,110.7,08:04:59.252128217
60,110.69,125,110.7,08:04:59.252414892
57,110.69,125,110.7,08:04:59.252765426
56,110.69,125,110.7,08:04:59.255549884
56,110.69,113,110.7,08:04:59.255633705
57,110.69,113,110.7,08:04:59.255793673
59,110.69,113,110.7,08:04:59.287720763
58,110.69,113,110.7,08:04:59.652952543
56,110.69,113,110.7,08:04:59.653096645
55,110.69,113,110.7,08:04:59.983618544
55,110.69,125,110.7,08:04:59.983618544
55,110.69,113,110.7,08:04:59.983618544
55,110.69,125,110.7,08:04:59.983618544
56,110.69,125,110.7,08:05:01.012472126
58,110.69,125,110.7,08:05:01.047314925
59,110.69,125,110.7,08:05:01.047352073
57,110.69,125,110.7,08:05:01.047556973
57,110.69,113,110.7,08:05:01.047870864
56,110.69,113,110.7,08:05:01.048288284
56,110.69,125,110.7,08:05:01.048691967
56,110.69,113,110.7,08:05:01.081291955
57,110.69,113,110.7,08:05:01.081373203
56,110.69,113,110.7,08:05:01.136980507
56,110.69,125,110.7,08:05:01.137065252
58,110.69,125,110.7,08:05:03.196368968
59,110.69,125,110.7,08:05:03.202004860
60,110.69,125,110.7,08:05:04.032012408
59,110.69,125,110.7,08:05:04.032198299
58,110.69,125,110.7,08:05:05.043284575
60,110.69,125,110.7,08:05:05.054378116
61,110.69,125,110.7,08:05:05.161728321
62,110.69,125,110.7,08:05:05.161872833
61,110.69,125,110.7,08:05:05.163956258
60,110.69,125,110.7,08:05:05.164100631
61,110.69,125,110.7,08:05:08.024177034
62,110.69,125,110.7,08:05:08.024306893
61,110.69,125,110.7,08:05:08.029639915
62,110.69,125,110.7,08:05:08.123238640
61,110.69,125,110.7,08:05:08.135718720
60,110.69,125,110.7,08:05:08.135853492
59,110.69,125,110.7,08:05:09.161234745
59,110.69,128,110.7,08:05:09.260413845
27,110.69,128,110.7,08:05:09.262351423
23,110.69,128,110.7,08:05:09.262627469
5,110.69,128,110.7,08:05:09.262772614
4,110.69,128,110.7,08:05:09.262772614
2,110.69,128,110.7,08:05:09.262772614
133,110.68,128,110.7,08:05:09.262790304
133,110.68,4,110.69,08:05:09.262790304
133,110.68,5,110.69,08:05:09.262918569
139,110.68,5,110.69,08:05:09.263138374
139,110.68,10,110.69,08:05:09.263154869
135,110.68,10,110.69,08:05:09.263256964
113,110.68,10,110.69,08:05:09.263537733
109,110.68,10,110.69,08:05:09.263968465
109,110.68,20,110.69,08:05:09.276533267
109,110.68,21,110.69,08:05:09.276740896
109,110.68,22,110.69,08:05:09.277045828
97,110.68,22,110.69,08:05:09.277045828
94,110.68,22,110.69,08:05:09.277045828
94,110.68,21,110.69,08:05:09.279897069
94,110.68,25,110.69,08:05:09.299107527
94,110.68,21,110.69,08:05:09.315255176
94,110.68,25,110.69,08:05:09.344593574
106,110.68,25,110.69,08:05:09.374936858
106,110.68,15,110.69,08:05:10.325087697
106,110.68,25,110.69,08:05:12.100903363
106,110.68,15,110.69,08:05:13.378865633
106,110.68,10,110.69,08:05:13.379524452
106,110.68,9,110.69,08:05:13.379777812
106,110.68,8,110.69,08:05:13.380494226
116,110.68,8,110.69,08:05:16.558768700
116,110.68,4,110.69,08:05:18.513000678
116,110.68,2,110.69,08:05:18.513087278
116,110.68,131,110.7,08:05:18.513369314
1,110.69,131,110.7,08:05:18.513369314
1,110.69,125,110.7,08:05:18.513850770
116,110.68,125,110.7,08:05:18.514121873
116,110.68,121,110.7,08:05:18.514447757
120,110.68,121,110.7,08:05:18.514538686
116,110.68,121,110.7,08:05:18.515160115
118,110.68,121,110.7,08:05:18.515843590
116,110.68,121,110.7,08:05:18.516477822
117,110.68,121,110.7,08:05:18.528875351
116,110.68,121,110.7,08:05:18.540011824
118,110.68,121,110.7,08:05:18.543653221
124,110.68,121,110.7,08:05:18.544016645
130,110.68,121,110.7,08:05:18.564225538
132,110.68,121,110.7,08:05:18.564582101
128,110.68,121,110.7,08:05:18.593175735
130,110.68,121,110.7,08:05:18.593567242
134,110.68,121,110.7,08:05:18.614534809
124,110.68,121,110.7,08:05:18.626960091
114,110.68,121,110.7,08:05:18.748553048
113,110.68,121,110.7,08:05:18.748627301
112,110.68,121,110.7,08:05:18.748640819
112,110.68,10,110.69,08:05:18.749110261
122,110.68,10,110.69,08:05:18.749126412
122,110.68,38,110.69,08:05:18.749398238
104,110.68,38,110.69,08:05:18.749664849
104,110.68,28,110.69,08:05:18.749664849
105,110.68,28,110.69,08:05:18.749810805
105,110.68,137,110.7,08:05:18.750271850
105,110.68,121,110.7,08:05:18.750687488
105,110.68,124,110.7,08:05:18.895660246
105,110.68,10,110.69,08:05:18.898862103
105,110.68,38,110.69,08:05:18.899127773
105,110.68,41,110.69,08:05:18.899225344
105,110.68,38,110.69,08:05:18.899483263
105,110.68,10,110.69,08:05:19.006249353
105,110.68,11,110.69,08:05:19.239780132
105,110.68,12,110.69,08:05:19.240278474
105,110.68,11,110.69,08:05:19.265059418
105,110.68,10,110.69,08:05:19.265188281
105,110.68,11,110.69,08:05:19.277655777
105,110.68,12,110.69,08:05:19.277797703
105,110.68,11,110.69,08:05:19.329107054
105,110.68,10,110.69,08:05:19.329241066
105,110.68,11,110.69,08:05:19.449396947
105,110.68,12,110.69,08:05:19.449549117
105,110.68,11,110.69,08:05:19.599437991
105,110.68,10,110.69,08:05:19.599605677
105,110.68,12,110.69,08:05:19.607449657
105,110.68,13,110.69,08:05:20.146378221
105,110.68,12,110.69,08:05:21.227623012
105,110.68,10,110.69,08:05:21.227772762
105,110.68,11,110.69,08:05:21.228265440
105,110.68,12,110.69,08:05:21.228427184
105,110.68,13,110.69,08:05:21.238756622
105,110.68,3,110.69,08:05:26.056239429
105,110.68,2,110.69,08:05:26.056321950
105,110.68,1,110.69,08:05:26.056339643
105,110.68,141,110.7,08:05:26.056339643
22,110.69,141,110.7,08:05:26.056339643
22,110.69,131,110.7,08:05:26.057062411
22,110.69,121,110.7,08:05:26.057461277
127,110.68,121,110.7,08:05:27.108885807
105,110.68,121,110.7,08:05:27.109607630
109,110.68,121,110.7,08:05:27.416486282
109,110.68,124,110.7,08:05:28.510174222
109,110.68,121,110.7,08:05:29.389785703
105,110.68,121,110.7,08:05:29.390002382
109,110.68,121,110.7,08:05:29.800249846
105,110.68,121,110.7,08:05:29.822321928
1,110.69,121,110.7,08:05:29.829315909
3,110.69,121,110.7,08:05:29.829333048
13,110.69,121,110.7,08:05:29.829463742
16,110.69,121,110.7,08:05:29.829835444
17,110.69,121,110.7,08:05:29.829835444
18,110.69,121,110.7,08:05:29.829835444
55,110.69,121,110.7,08:05:29.829835444
55,110.69,109,110.7,08:05:29.829835444
56,110.69,109,110.7,08:05:29.830088915
53,110.69,109,110.7,08:05:29.830424500
52,110.69,109,110.7,08:05:29.836285137
15,110.69,109,110.7,08:05:29.837788647
14,110.69,109,110.7,08:05:29.837962500
4,110.69,109,110.7,08:05:29.841230433
5,110.69,109,110.7,08:05:29.843615131
4,110.69,109,110.7,08:05:29.851650982
5,110.69,109,110.7,08:05:29.869377027
4,110.69,109,110.7,08:05:29.871034754
3,110.69,109,110.7,08:05:29.874082535
3,110.69,121,110.7,08:05:29.874208952
2,110.69,121,110.7,08:05:29.887796983
107,110.68,121,110.7,08:05:29.895998169
105,110.68,121,110.7,08:05:29.896363712
105,110.68,125,110.7,08:05:29.896564844
105,110.68,121,110.7,08:05:29.897646123
109,110.68,121,110.7,08:05:30.201523331
105,110.68,121,110.7,08:05:30.243427356
109,110.68,121,110.7,08:05:30.344098268
105,110.68,121,110.7,08:05:30.355846413
109,110.68,121,110.7,08:05:30.478336511
105,110.68,121,110.7,08:05:33.295062680
109,110.68,121,110.7,08:05:33.397586579
109,110.68,124,110.7,08:05:33.492543541
109,110.68,10,110.69,08:05:33.616831260
109,110.68,30,110.69,08:05:33.617078574
109,110.68,35,110.69,08:05:33.617180974
105,110.68,35,110.69,08:05:33.617669479
105,110.68,30,110.69,08:05:33.617669479
105,110.68,10,110.69,08:05:33.623457782
105,110.68,11,110.69,08:05:33.628414952
105,110.68,13,110.69,08:05:33.709802470
105,110.68,14,110.69,08:05:33.710062930
105,110.68,15,110.69,08:05:33.801332945
105,110.68,16,110.69,08:05:33.802340099
105,110.68,22,110.69,08:05:33.802369798
105,110.68,42,110.69,08:05:33.802369798
105,110.68,43,110.69,08:05:33.802369798
105,110.68,60,110.69,08:05:33.802369798
95,110.68,60,110.69,08:05:33.802369798
83,110.68,60,110.69,08:05:33.802725210
82,110.68,60,110.69,08:05:33.802725210
92,110.68,60,110.69,08:05:33.803081086
94,110.68,60,110.69,08:05:33.804025946
94,110.68,59,110.69,08:05:33.804312769
94,110.68,58,110.69,08:05:33.804312769
94,110.68,60,110.69,08:05:33.814013947
94,110.68,40,110.69,08:05:33.854226825
94,110.68,23,110.69,08:05:33.854226825
94,110.68,25,110.69,08:05:33.854427515
94,110.68,26,110.69,08:05:33.865477167
92,110.68,26,110.69,08:05:33.902207881
92,110.68,24,110.69,08:05:33.972511481
92,110.68,25,110.69,08:05:34.030262541
92,110.68,26,110.69,08:05:34.193602422
92,110.68,47,110.69,08:05:34.193871941
92,110.68,63,110.69,08:05:34.193961243
92,110.68,62,110.69,08:05:34.549354347
92,110.68,41,110.69,08:05:35.039920577
92,110.68,25,110.69,08:05:35.040000500
92,110.68,24,110.69,08:05:35.040116922
104,110.68,24,110.69,08:05:35.040116922
106,110.68,24,110.69,08:05:35.040229095
106,110.68,22,110.69,08:05:35.040229095
106,110.68,16,110.69,08:05:35.040398259
106,110.68,15,110.69,08:05:35.040499574
106,110.68,14,110.69,08:05:35.250241704
106,110.68,17,110.69,08:05:37.621678531
106,110.68,14,110.69,08:05:39.160884195
106,110.68,16,110.69,08:05:39.254276700
106,110.68,14,110.69,08:05:39.349599416
106,110.68,16,110.69,08:05:39.640811554
106,110.68,14,110.69,08:05:40.843351316
106,110.68,4,110.69,08:05:40.846030049
106,110.68,5,110.69,08:05:42.211859137
106,110.68,15,110.69,08:05:42.212160100
106,110.68,16,110.69,08:05:42.216002061
106,110.68,15,110.69,08:05:42.234584156
106,110.68,14,110.69,08:05:43.203783093
106,110.68,4,110.69,08:05:43.212318500
106,110.68,3,110.69,08:05:44.641280290
106,110.68,1,110.69,08:05:44.652583061
106,110.68,129,110.7,08:05:44.652656376
106,110.68,125,110.7,08:05:44.653083507
106,110.68,121,110.7,08:05:44.653481837
110,110.68,121,110.7,08:05:44.654508120
106,110.68,121,110.7,08:05:44.655045365
110,110.68,121,110.7,08:05:44.957028698
106,110.68,121,110.7,08:05:45.007371539
110,110.68,121,110.7,08:05:45.108034200
106,110.68,121,110.7,08:05:45.141590704
110,110.68,121,110.7,08:05:45.242260133
106,110.68,121,110.7,08:05:45.275780183
110,110.68,121,110.7,08:05:45.410032097
106,110.68,121,110.7,08:05:45.477136606
110,110.68,121,110.7,08:05:45.606622361
106,110.68,121,110.7,08:05:45.653641037
110,110.68,121,110.7,08:05:45.806444519
106,110.68,121,110.7,08:05:45.818959814
110,110.68,121,110.7,08:05:45.946886591
106,110.68,121,110.7,08:05:45.996484960
110,110.68,121,110.7,08:05:46.148246818
106,110.68,121,110.7,08:05:46.215307935
110,110.68,121,110.7,08:05:46.318083965
106,110.68,121,110.7,08:05:46.329814969
110,110.68,121,110.7,08:05:46.432318915
106,110.68,121,110.7,08:05:47.025621921
110,110.68,121,110.7,08:05:47.154871671
106,110.68,121,110.7,08:05:47.221945738
110,110.68,121,110.7,08:05:47.356188341
106,110.68,121,110.7,08:05:47.423303483
110,110.68,121,110.7,08:05:47.557519295
106,110.68,121,110.7,08:05:47.624611179
110,110.68,121,110.7,08:05:47.758858045
106,110.68,121,110.7,08:05:47.822494949
110,110.68,121,110.7,08:05:47.960195233
106,110.68,121,110.7,08:05:48.027253295
110,110.68,121,110.7,08:05:48.161521585
106,110.68,121,110.7,08:05:48.193793455
110,110.68,121,110.7,08:05:48.295703557
106,110.68,121,110.7,08:05:48.309820636
110,110.68,121,110.7,08:05:48.429905016
106,110.68,121,110.7,08:05:48.497027582
110,110.68,121,110.7,08:05:48.631241509
106,110.68,121,110.7,08:05:48.690667778
110,110.68,121,110.7,08:05:48.799019704
106,110.68,121,110.7,08:05:48.832570465
110,110.68,121,110.7,08:05:48.933231870
106,110.68,121,110.7,08:05:48.966773583
110,110.68,121,110.7,08:05:49.088415867
106,110.68,121,110.7,08:05:49.092593697
110,110.68,121,110.7,08:05:49.201663801
106,110.68,121,110.7,08:05:49.235214377
110,110.68,121,110.7,08:05:49.335893011
106,110.68,121,110.7,08:05:49.369426931
110,110.68,121,110.7,08:05:49.470118369
106,110.68,121,110.7,08:05:49.503643608
110,110.68,121,110.7,08:05:49.604329827
106,110.68,121,110.7,08:05:49.637857684
110,110.68,121,110.7,08:05:49.738535564
106,110.68,121,110.7,08:05:49.764652199
110,110.68,121,110.7,08:05:49.872765634
106,110.68,121,110.7,08:05:49.906307929
110,110.68,121,110.7,08:05:50.107645805
106,110.68,121,110.7,08:05:50.141199262
110,110.68,121,110.7,08:05:50.241842826
106,110.68,121,110.7,08:05:50.275412436
110,110.68,121,110.7,08:05:50.376087724
106,110.68,121,110.7,08:05:50.409629482
110,110.68,121,110.7,08:05:50.510273327
106,110.68,121,110.7,08:05:50.543843344
110,110.68,121,110.7,08:05:50.644488757
106,110.68,121,110.7,08:05:50.678046227
110,110.68,121,110.7,08:05:50.778720207
106,110.68,121,110.7,08:05:50.812277219
110,110.68,121,110.7,08:05:50.912949728
106,110.68,121,110.7,08:05:50.946501642
105,110.68,121,110.7,08:05:51.035818856
104,110.68,121,110.7,08:05:51.035935640
103,110.68,121,110.7,08:05:51.035954584
102,110.68,121,110.7,08:05:51.035954584
100,110.68,121,110.7,08:05:51.035954584
99,110.68,121,110.7,08:05:51.035954584
98,110.68,121,110.7,08:05:51.035954584
94,110.68,121,110.7,08:05:51.035970021
95,110.68,121,110.7,08:05:51.036511329
95,110.68,10,110.69,08:05:51.036531028
95,110.68,11,110.69,08:05:51.036629316
96,110.68,11,110.69,08:05:51.036629316
86,110.68,11,110.69,08:05:51.036629316
87,110.68,11,110.69,08:05:51.036641928
97,110.68,11,110.69,08:05:51.036838180
100,110.68,11,110.69,08:05:51.036930913
100,110.68,24,110.69,08:05:51.036945908
100,110.68,25,110.69,08:05:51.036945908
100,110.68,50,110.69,08:05:51.037082743
94,110.68,50,110.69,08:05:51.037120115
94,110.68,53,110.69,08:05:51.037266100
94,110.68,55,110.69,08:05:51.037287328
94,110.68,56,110.69,08:05:51.037287328
94,110.68,57,110.69,08:05:51.037287328
94,110.68,63,110.69,08:05:51.037314598
94,110.68,75,110.69,08:05:51.037314598
94,110.68,74,110.69,08:05:51.037416445
82,110.68,74,110.69,08:05:51.037607284
82,110.68,73,110.69,08:05:51.037743213
80,110.68,73,110.69,08:05:51.037743213
80,110.68,72,110.69,08:05:51.037816607
82,110.68,72,110.69,08:05:51.038096031
82,110.68,59,110.69,08:05:51.048827388
82,110.68,60,110.69,08:05:51.081430197
80,110.68,60,110.69,08:05:51.112102168
80,110.68,59,110.69,08:05:51.112425653
82,110.68,59,110.69,08:05:51.112587270
82,110.68,60,110.69,08:05:51.136684968
80,110.68,60,110.69,08:05:51.136763163
80,110.68,59,110.69,08:05:51.137175278
92,110.68,59,110.69,08:05:51.137539902
94,110.68,59,110.69,08:05:51.137613856
94,110.68,53,110.69,08:05:53.901213027
94,110.68,51,110.69,08:05:53.901546593
94,110.68,26,110.69,08:05:53.901705506
94,110.68,23,110.69,08:05:53.901788101
94,110.68,11,110.69,08:05:53.901788101
94,110.68,13,110.69,08:05:53.901931525
94,110.68,14,110.69,08:05:53.902081189
94,110.68,20,110.69,08:05:53.987377750
94,110.68,21,110.69,08:05:54.223299470
94,110.68,22,110.69,08:05:54.223851734
94,110.68,50,110.69,08:05:54.229241013
94,110.68,59,110.69,08:05:54.229459976
82,110.68,59,110.69,08:05:54.559143559
94,110.68,59,110.69,08:05:57.484821511
94,110.68,58,110.69,08:05:57.489026832
94,110.68,30,110.69,08:05:57.511908919
94,110.68,21,110.69,08:05:57.511982705
94,110.68,15,110.69,08:05:57.512101246
94,110.68,14,110.69,08:06:02.061427574
94,110.68,12,110.69,08:06:02.061627525
94,110.68,11,110.69,08:06:02.061772585
94,110.68,1,110.69,08:06:02.061850111
94,110.68,2,110.69,08:06:02.061922700
94,110.68,1,110.69,08:06:02.062760632
98,110.68,1,110.69,08:06:02.363393544
94,110.68,1,110.69,08:06:02.388552852
98,110.68,1,110.69,08:06:02.489219568
94,110.68,1,110.69,08:06:02.522776177
98,110.68,1,110.69,08:06:02.656986433
94,110.68,1,110.69,08:06:02.724101145
98,110.68,1,110.69,08:06:02.858345967
94,110.68,1,110.69,08:06:02.925415855
98,110.68,1,110.69,08:06:03.059665394
94,110.68,1,110.69,08:06:03.126766948
98,110.68,1,110.69,08:06:03.260949274
94,110.68,1,110.69,08:06:03.328091663
98,110.68,1,110.69,08:06:03.462330419
94,110.68,1,110.69,08:06:03.529408956
98,110.68,1,110.69,08:06:03.663629488
94,110.68,1,110.69,08:06:03.730734863
98,110.68,1,110.69,08:06:03.864956004
94,110.68,1,110.69,08:06:03.932072261
98,110.68,1,110.69,08:06:04.066275480
94,110.68,1,110.69,08:06:04.133395879
98,110.68,1,110.69,08:06:04.267607234
98,110.68,11,110.69,08:06:04.267768498
98,110.68,12,110.69,08:06:04.267957806
94,110.68,12,110.69,08:06:04.268659905
94,110.68,14,110.69,08:06:04.285181668
94,110.68,15,110.69,08:06:04.285322290
94,110.68,16,110.69,08:06:04.285714443
94,110.68,15,110.69,08:06:04.288353356
94,110.68,14,110.69,08:06:04.305436540
94,110.68,15,110.69,08:06:05.336909872
94,110.68,16,110.69,08:06:05.337346157
94,110.68,22,110.69,08:06:05.337705286
94,110.68,23,110.69,08:06:05.337906984
94,110.68,60,110.69,08:06:05.338067138
82,110.68,60,110.69,08:06:05.338521563
80,110.68,60,110.69,08:06:05.338609461
82,110.68,60,110.69,08:06:05.338767636
80,110.68,60,110.69,08:06:05.338997399
82,110.68,60,110.69,08:06:05.343271530
82,110.68,61,110.69,08:06:07.083208083
80,110.68,61,110.69,08:06:07.083326546
80,110.68,80,110.69,08:06:07.083326546
70,110.68,80,110.69,08:06:12.752434827
66,110.68,80,110.69,08:06:12.752643162
51,110.68,80,110.69,08:06:12.752716622
61,110.68,80,110.69,08:06:12.821013930
61,110.68,61,110.69,08:06:15.041889483
63,110.68,61,110.69,08:06:15.041889483
63,110.68,62,110.69,08:06:17.016048577
63,110.68,81,110.69,08:06:17.016243831
63,110.68,62,110.69,08:06:17.963843755
61,110.68,62,110.69,08:06:20.617836159
63,110.68,62,110.69,08:06:20.849964965
63,110.68,78,110.69,08:06:21.939750809
60,110.68,78,110.69,08:06:21.940419263
50,110.68,78,110.69,08:06:21.940566408
51,110.68,78,110.69,08:06:21.940831957
52,110.68,78,110.69,08:06:21.940948398
53,110.68,78,110.69,08:06:21.941362680
63,110.68,78,110.69,08:06:21.942435696
63,110.68,62,110.69,08:06:22.052875594
75,110.68,62,110.69,08:06:23.091271915
88,110.68,62,110.69,08:06:23.091286801
88,110.68,25,110.69,08:06:23.091443178
94,110.68,25,110.69,08:06:23.091443178
96,110.68,25,110.69,08:06:23.091443178
96,110.68,24,110.69,08:06:23.091897344
96,110.68,23,110.69,08:06:23.096922726
96,110.68,17,110.69,08:06:23.097143401
96,110.68,16,110.69,08:06:23.097225505
96,110.68,6,110.69,08:06:23.097470258
96,110.68,7,110.69,08:06:23.776952666
96,110.68,17,110.69,08:06:23.777108894
96,110.68,23,110.69,08:06:23.806005165
96,110.68,24,110.69,08:06:23.918248556
83,110.68,24,110.69,08:06:26.002744020
83,110.68,25,110.69,08:06:26.002744020
77,110.68,25,110.69,08:06:26.002843661
77,110.68,58,110.69,08:06:26.002859254
65,110.68,58,110.69,08:06:26.003032269
63,110.68,58,110.69,08:06:26.003315647
65,110.68,58,110.69,08:06:26.017008835
77,110.68,58,110.69,08:06:27.415849817
91,110.68,58,110.69,08:06:27.415849817
96,110.68,58,110.69,08:06:27.416029145
96,110.68,25,110.69,08:06:27.416228463
96,110.68,59,110.69,08:06:27.636257410
96,110.68,58,110.69,08:06:28.050669873
96,110.68,24,110.69,08:06:28.050846926
96,110.68,25,110.69,08:06:28.948335496
96,110.68,24,110.69,08:06:29.016181313
96,110.68,25,110.69,08:06:29.911584326
96,110.68,62,110.69,08:06:30.909577233
82,110.68,62,110.69,08:06:30.909663973
77,110.68,62,110.69,08:06:30.909663973
65,110.68,62,110.69,08:06:30.910200343
84,110.68,62,110.69,08:06:31.094168103
96,110.68,62,110.69,08:06:31.263526784
96,110.68,25,110.69,08:06:32.660390989
96,110.68,24,110.69,08:06:32.660487094
96,110.68,25,110.69,08:06:32.764801661
96,110.68,44,110.69,08:06:32.766065154
96,110.68,62,110.69,08:06:32.766178844
77,110.68,62,110.69,08:06:32.766432792
65,110.68,62,110.69,08:06:32.766553644
63,110.68,62,110.69,08:06:32.766616440
63,110.68,73,110.69,08:06:33.174914455
63,110.68,81,110.69,08:06:33.175017428
63,110.68,70,110.69,08:06:34.042351539
63,110.68,62,110.69,08:06:34.042351539
80,110.68,62,110.69,08:06:34.276773005
80,110.68,61,110.69,08:06:34.276851665
92,110.68,61,110.69,08:06:34.277011693
94,110.68,61,110.69,08:06:34.277199260
94,110.68,42,110.69,08:06:34.277282630
94,110.68,24,110.69,08:06:34.277282630
94,110.68,25,110.69,08:06:34.277434714
94,110.68,24,110.69,08:06:34.298757270
94,110.68,25,110.69,08:06:34.721636228
94,110.68,24,110.69,08:06:35.883248785
94,110.68,25,110.69,08:06:35.883691203
94,110.68,24,110.69,08:06:36.029176925
94,110.68,25,110.69,08:06:36.578219689
94,110.68,24,110.69,08:06:36.626315645
94,110.68,18,110.69,08:06:37.949803955
94,110.68,17,110.69,08:06:37.956414624
94,110.68,23,110.69,08:06:37.976800170
94,110.68,17,110.69,08:06:38.262795592
94,110.68,16,110.69,08:06:41.041272361
94,110.68,15,110.69,08:06:41.041350770
94,110.68,5,110.69,08:06:42.388126540
94,110.68,4,110.69,08:06:42.389032433
94,110.68,2,110.69,08:06:42.389347035
94,110.68,1,110.69,08:06:42.390036026
95,110.68,1,110.69,08:06:42.396340487
95,110.68,135,110.7,08:06:42.396550958
101,110.68,135,110.7,08:06:42.396709569
101,110.68,121,110.7,08:06:42.406378737
111,110.68,121,110.7,08:06:42.498209073
101,110.68,121,110.7,08:06:42.684636980
105,110.68,121,110.7,08:06:42.695841053
101,110.68,121,110.7,08:06:42.720984265
105,110.68,121,110.7,08:06:42.821649316
101,110.68,121,110.7,08:06:42.855202052
101,110.68,135,110.7,08:06:42.924192259
105,110.68,135,110.7,08:06:42.955858658
101,110.68,135,110.7,08:06:43.381248501
105,110.68,135,110.7,08:06:44.054952426
101,110.68,135,110.7,08:06:44.063149513
105,110.68,135,110.7,08:06:44.163832216
101,110.68,135,110.7,08:06:44.197373593
105,110.68,135,110.7,08:06:45.231798302
105,110.68,10,110.69,08:06:45.235734335
105,110.68,11,110.69,08:06:45.236130613
105,110.68,16,110.69,08:06:45.236146514
101,110.68,16,110.69,08:06:45.236255061
101,110.68,22,110.69,08:06:45.236327045
101,110.68,16,110.69,08:06:45.254475060
101,110.68,11,110.69,08:06:45.272151860
101,110.68,12,110.69,08:06:47.015900009
101,110.68,14,110.69,08:06:47.016034399
101,110.68,12,110.69,08:06:47.026765263
101,110.68,11,110.69,08:06:47.047583033
101,110.68,13,110.69,08:06:47.049050724
101,110.68,14,110.69,08:06:47.125477314
101,110.68,13,110.69,08:06:47.125775429
101,110.68,11,110.69,08:06:47.126013371
101,110.68,12,110.69,08:06:48.700530950
101,110.68,13,110.69,08:06:48.700747388
101,110.68,14,110.69,08:06:48.700928457
101,110.68,20,110.69,08:06:48.708242917
101,110.68,14,110.69,08:06:50.252192733
101,110.68,13,110.69,08:06:50.252337283
101,110.68,12,110.69,08:06:50.252337283
101,110.68,11,110.69,08:06:50.252402650
101,110.68,13,110.69,08:06:50.260727864
101,110.68,14,110.69,08:06:50.260798892
101,110.68,13,110.69,08:06:50.513439453
101,110.68,14,110.69,08:06:51.214021444
101,110.68,13,110.69,08:06:51.978098701
101,110.68,11,110.69,08:06:51.978415075
101,110.68,12,110.69,08:06:51.979844638
101,110.68,14,110.69,08:06:51.979913483
101,110.68,12,110.69,08:06:51.993437343
101,110.68,13,110.69,08:06:51.996078284
101,110.68,14,110.69,08:06:51.996221158
101,110.68,13,110.69,08:06:52.019970474
101,110.68,12,110.69,08:06:52.020040749
101,110.68,13,110.69,08:06:52.020161280
101,110.68,14,110.69,08:06:52.058381814
101,110.68,13,110.69,08:06:52.082917333
101,110.68,12,110.69,08:06:52.082988607
101,110.68,11,110.69,08:06:52.083065369
101,110.68,12,110.69,08:06:52.132351004
101,110.68,13,110.69,08:06:52.141423869
101,110.68,39,110.69,08:06:53.227301819
101,110.68,40,110.69,08:06:53.227628775
101,110.68,39,110.69,08:06:53.302964751
101,110.68,38,110.69,08:06:54.043689995
101,110.68,37,110.69,08:06:54.043841656
101,110.68,39,110.69,08:06:57.015474895
101,110.68,40,110.69,08:06:57.015819221
101,110.68,46,110.69,08:06:57.016115199
101,110.68,47,110.69,08:06:57.016195339
101,110.68,46,110.69,08:06:57.016333285
101,110.68,40,110.69,08:06:57.172670627
101,110.68,46,110.69,08:06:59.905701127
101,110.68,47,110.69,08:07:00.081333098
84,110.68,47,110.69,08:07:00.081710858
84,110.68,46,110.69,08:07:00.081818250
84,110.68,81,110.69,08:07:01.260063038
84,110.68,82,110.69,08:07:01.260145371
84,110.68,84,110.69,08:07:01.260237789
72,110.68,84,110.69,08:07:01.260443572
72,110.68,83,110.69,08:07:01.260443572
70,110.68,83,110.69,08:07:01.260790067
70,110.68,84,110.69,08:07:01.914472915
70,110.68,83,110.69,08:07:01.914644202
70,110.68,84,110.69,08:07:01.915333797
70,110.68,83,110.69,08:07:01.915456090
64,110.68,83,110.69,08:07:01.923212492
64,110.68,84,110.69,08:07:01.923365462
64,110.68,83,110.69,08:07:02.441201878
64,110.68,82,110.69,08:07:05.824802772
74,110.68,82,110.69,08:07:05.825177886
74,110.68,47,110.69,08:07:05.825177886
83,110.68,47,110.69,08:07:05.825354311
95,110.68,47,110.69,08:07:05.825381379
95,110.68,48,110.69,08:07:05.825381379
95,110.68,46,110.69,08:07:05.825438278
95,110.68,45,110.69,08:07:05.825713853
95,110.68,47,110.69,08:07:05.825773834
95,110.68,48,110.69,08:07:05.829719893
95,110.68,42,110.69,08:07:05.829801308
95,110.68,41,110.69,08:07:05.834203983
95,110.68,42,110.69,08:07:05.834826170
95,110.68,48,110.69,08:07:05.835463723
95,110.68,47,110.69,08:07:05.838636024
95,110.68,41,110.69,08:07:05.839178483
95,110.68,47,110.69,08:07:05.839726259
95,110.68,48,110.69,08:07:05.839791469
95,110.68,47,110.69,08:07:05.840711958
95,110.68,45,110.69,08:07:05.841639439
95,110.68,39,110.69,08:07:05.842442167
95,110.68,40,110.69,08:07:05.850391767
95,110.68,41,110.69,08:07:05.850567638
95,110.68,42,110.69,08:07:05.850681334
95,110.68,41,110.69,08:07:05.865205564
95,110.68,40,110.69,08:07:05.909984455
95,110.68,39,110.69,08:07:05.951767946
95,110.68,29,110.69,08:07:06.037816524
95,110.68,27,110.69,08:07:06.119447518
100,110.68,27,110.69,08:07:08.028132354
100,110.68,77,110.69,08:07:11.130855348
100,110.68,79,110.69,08:07:16.626466633
100,110.68,80,110.69,08:07:16.638827780
100,110.68,76,110.69,08:07:17.652177726
96,110.68,76,110.69,08:07:17.677366132
96,110.68,86,110.69,08:07:17.677574654
86,110.68,86,110.69,08:07:17.677656593
77,110.68,86,110.69,08:07:17.677671687
85,110.68,86,110.69,08:07:17.688418343
85,110.68,76,110.69,08:07:17.749069622
85,110.68,75,110.69,08:07:18.388751631
89,110.68,75,110.69,08:07:18.388830166
89,110.68,73,110.69,08:07:18.388864135
104,110.68,73,110.69,08:07:18.388864135
134,110.68,73,110.69,08:07:18.388880908
124,110.68,73,110.69,08:07:18.389099718
120,110.68,73,110.69,08:07:18.389292984
124,110.68,73,110.69,08:07:18.410832277
132,110.68,73,110.69,08:07:18.411313467
133,110.68,73,110.69,08:07:18.412139038
113,110.68,73,110.69,08:07:18.431602351
109,110.68,73,110.69,08:07:18.432066101
105,110.68,73,110.69,08:07:18.432604206
104,110.68,73,110.69,08:07:18.445885356
106,110.68,73,110.69,08:07:18.460709998
104,110.68,73,110.69,08:07:18.501086492
106,110.68,73,110.69,08:07:18.564256499
110,110.68,73,110.69,08:07:18.643181259
120,110.68,73,110.69,08:07:18.643542228
122,110.68,73,110.69,08:07:18.643909924
126,110.68,73,110.69,08:07:18.853158966
134,110.68,73,110.69,08:07:19.053067406
135,110.68,73,110.69,08:07:19.712636199
131,110.68,73,110.69,08:07:19.958458494
127,110.68,73,110.69,08:07:19.958862442
123,110.68,73,110.69,08:07:20.014504418
123,110.68,74,110.69,08:07:20.150477841
109,110.68,74,110.69,08:07:20.150830714
94,110.68,74,110.69,08:07:20.151339955
90,110.68,74,110.69,08:07:20.151339955
86,110.68,74,110.69,08:07:20.151339955
86,110.68,76,110.69,08:07:20.151404705
85,110.68,76,110.69,08:07:20.174135071
102,110.68,76,110.69,08:07:21.903874340
102,110.68,74,110.69,08:07:21.903874340
102,110.68,73,110.69,08:07:21.903986479
132,110.68,73,110.69,08:07:21.904181031
133,110.68,73,110.69,08:07:21.927857379
133,110.68,69,110.69,08:07:22.652302489
129,110.68,69,110.69,08:07:22.677444652
129,110.68,70,110.69,08:07:27.510124418
129,110.68,69,110.69,08:07:27.533720523
129,110.68,65,110.69,08:07:27.652474211
125,110.68,65,110.69,08:07:27.677639489
133,110.68,65,110.69,08:07:27.688612151
133,110.68,66,110.69,08:07:31.719193900
133,110.68,65,110.69,08:07:31.719929938
133,110.68,66,110.69,08:07:31.720910481
133,110.68,68,110.69,08:07:31.721111679
133,110.68,66,110.69,08:07:31.721343056
133,110.68,65,110.69,08:07:31.721516330
133,110.68,67,110.69,08:07:31.721849251
133,110.68,102,110.69,08:07:31.722133461
116,110.68,102,110.69,08:07:31.722133461
116,110.68,100,110.69,08:07:31.722426891
116,110.68,101,110.69,08:07:31.722543695
116,110.68,107,110.69,08:07:31.722687486
86,110.68,107,110.69,08:07:31.722780289
86,110.68,109,110.69,08:07:31.722802126
86,110.68,103,110.69,08:07:31.724778679
86,110.68,109,110.69,08:07:31.730737751
86,110.68,103,110.69,08:07:31.733040319
85,110.68,103,110.69,08:07:31.735536160
85,110.68,109,110.69,08:07:31.740108226
85,110.68,103,110.69,08:07:31.759140564
85,110.68,68,110.69,08:07:31.766812749
89,110.68,68,110.69,08:07:31.770452708
93,110.68,68,110.69,08:07:31.770527601
93,110.68,64,110.69,08:07:32.652643040
89,110.68,64,110.69,08:07:32.677820272
89,110.68,62,110.69,08:07:34.909002945
104,110.68,62,110.69,08:07:34.909123406
108,110.68,62,110.69,08:07:34.909123406
108,110.68,61,110.69,08:07:34.909270176
112,110.68,61,110.69,08:07:34.909633143
134,110.68,61,110.69,08:07:34.909954077
116,110.68,61,110.69,08:07:34.910318557
116,110.68,62,110.69,08:07:34.919893778
116,110.68,61,110.69,08:07:34.924545072
120,110.68,61,110.69,08:07:34.928135248
121,110.68,61,110.69,08:07:34.933182088
127,110.68,61,110.69,08:07:34.934566648
123,110.68,61,110.69,08:07:35.007117772
119,110.68,61,110.69,08:07:35.042991775
113,110.68,61,110.69,08:07:35.043355167
117,110.68,61,110.69,08:07:35.191652787
119,110.68,61,110.69,08:07:35.192032038
123,110.68,61,110.69,08:07:35.208203959
129,110.68,61,110.69,08:07:35.249464741
131,110.68,61,110.69,08:07:35.249835666
135,110.68,61,110.69,08:07:36.204277028
129,110.68,61,110.69,08:07:37.345076073
125,110.68,61,110.69,08:07:37.500720492
121,110.68,61,110.69,08:07:37.501104192
125,110.68,61,110.69,08:07:37.504478240
129,110.68,61,110.69,08:07:37.582055305
129,110.68,58,110.69,08:07:37.652851029
126,110.68,58,110.69,08:07:37.678016536
132,110.68,58,110.69,08:07:38.608608460
136,110.68,58,110.69,08:07:38.609009745
132,110.68,58,110.69,08:07:43.046659356
132,110.68,59,110.69,08:07:43.317259181
128,110.68,59,110.69,08:07:43.321399281
126,110.68,59,110.69,08:07:43.321799569
122,110.68,59,110.69,08:07:43.380343346
126,110.68,59,110.69,08:07:43.412991041
126,110.68,58,110.69,08:07:43.413141551
130,110.68,58,110.69,08:07:45.051808227
126,110.68,58,110.69,08:07:45.119495746
132,110.68,58,110.69,08:07:45.451104196
136,110.68,58,110.69,08:07:45.451489643
136,110.68,51,110.69,08:07:47.433958511
136,110.68,50,110.69,08:07:47.434146744
134,110.68,50,110.69,08:07:47.459218171
129,110.68,50,110.69,08:07:47.459218171
143,110.68,50,110.69,08:07:47.470194740
143,110.68,49,110.69,08:07:56.853509462
143,110.68,48,110.69,08:07:56.853582259
143,110.68,46,110.69,08:07:56.853829916
143,110.68,45,110.69,08:07:56.853941363
143,110.68,43,110.69,08:07:56.853941363
143,110.68,42,110.69,08:07:56.854179676
143,110.68,41,110.69,08:07:56.854201500
143,110.68,38,110.69,08:07:56.854201500
143,110.68,21,110.69,08:07:56.854201500
143,110.68,13,110.69,08:07:56.854634455
143,110.68,12,110.69,08:07:56.854634455
143,110.68,151,110.7,08:07:56.854649141
1,110.69,151,110.7,08:07:56.854824053
1,110.69,145,110.7,08:07:56.855077170
4,110.69,145,110.7,08:07:56.855188139
7,110.69,145,110.7,08:07:56.855318064
7,110.69,133,110.7,08:07:56.855682859
7,110.69,109,110.7,08:07:56.855682859
44,110.69,109,110.7,08:07:56.859521290
54,110.69,109,110.7,08:07:56.859670182
56,110.69,109,110.7,08:07:56.859752186
66,110.69,109,110.7,08:07:56.859887799
68,110.69,109,110.7,08:07:56.859989318
69,110.69,109,110.7,08:07:56.859989318
81,110.69,109,110.7,08:07:56.859989318
82,110.69,109,110.7,08:07:56.859989318
72,110.69,109,110.7,08:07:56.860172669
71,110.69,109,110.7,08:07:56.860264122
71,110.69,99,110.7,08:07:56.860346410
71,110.69,92,110.7,08:07:56.860454377
81,110.69,92,110.7,08:07:56.878304914
81,110.69,82,110.7,08:07:56.878796652
81,110.69,69,110.7,08:07:56.879093799
81,110.69,63,110.7,08:07:56.879093799
81,110.69,62,110.7,08:07:56.888280765
82,110.69,62,110.7,08:07:56.888459554
101,110.69,62,110.7,08:07:56.888531866
100,110.69,62,110.7,08:07:56.902724431
97,110.69,62,110.7,08:07:56.902820319
95,110.69,62,110.7,08:07:56.902820319
96,110.69,62,110.7,08:07:56.902940464
77,110.69,62,110.7,08:07:56.903018540
77,110.69,72,110.7,08:07:56.903018540
76,110.69,72,110.7,08:07:56.903111564
77,110.69,72,110.7,08:07:56.903186288
78,110.69,72,110.7,08:07:56.903337932
78,110.69,71,110.7,08:07:56.906072557
78,110.69,69,110.7,08:07:56.906143829
78,110.69,68,110.7,08:07:56.906253516
78,110.69,62,110.7,08:07:56.906332707
78,110.69,52,110.7,08:07:56.906332707
78,110.69,53,110.7,08:07:56.906436128
78,110.69,54,110.7,08:07:56.912993778
78,110.69,53,110.7,08:07:56.913150400
83,110.69,53,110.7,08:07:56.924503279
102,110.69,53,110.7,08:07:57.006135646
102,110.69,52,110.7,08:07:57.297746647
102,110.69,53,110.7,08:07:57.298309434
102,110.69,52,110.7,08:07:57.299297282
102,110.69,51,110.7,08:07:57.299297282
102,110.69,50,110.7,08:07:57.299564194
102,110.69,49,110.7,08:07:57.299564194
102,110.69,48,110.7,08:07:57.299578869
102,110.69,47,110.7,08:07:57.299826154
102,110.69,45,110.7,08:07:57.299929528
107,110.69,45,110.7,08:07:57.299929528
107,110.69,9,110.7,08:07:57.300210068
107,110.69,12,110.7,08:07:57.300269115
107,110.69,13,110.7,08:07:57.301455888
107,110.69,14,110.7,08:07:57.302049452
107,110.69,11,110.7,08:07:57.302563241
107,110.69,10,110.7,08:07:57.302665161
107,110.69,9,110.7,08:07:57.303319541
107,110.69,11,110.7,08:07:57.305444704
107,110.69,12,110.7,08:07:57.305539222
107,110.69,13,110.7,08:07:57.305539222
102,110.69,13,110.7,08:07:57.305613865
102,110.69,14,110.7,08:07:57.305816185
102,110.69,15,110.7,08:07:57.305890399
102,110.69,13,110.7,08:07:57.311109031
102,110.69,11,110.7,08:07:57.311219619
102,110.69,12,110.7,08:07:57.312360483
102,110.69,13,110.7,08:07:57.313350569
102,110.69,23,110.7,08:07:57.318319953
102,110.69,56,110.7,08:07:58.070439368
103,110.69,56,110.7,08:07:58.081345173
103,110.69,57,110.7,08:07:58.081719316
103,110.69,58,110.7,08:07:58.081796072
84,110.69,58,110.7,08:08:00.106970665
85,110.69,58,110.7,08:08:01.602631348
85,110.69,59,110.7,08:08:01.602791351
84,110.69,59,110.7,08:08:01.940958832
85,110.69,59,110.7,08:08:01.945491458
85,110.69,58,110.7,08:08:01.949741909
85,110.69,59,110.7,08:08:01.950606471
85,110.69,58,110.7,08:08:01.967375819
85,110.69,59,110.7,08:08:02.009678744
85,110.69,58,110.7,08:08:02.144398296
85,110.69,59,110.7,08:08:02.561284224
85,110.69,58,110.7,08:08:02.935928619
85,110.69,59,110.7,08:08:03.062877324
84,110.69,59,110.7,08:08:03.062948726
84,110.69,58,110.7,08:08:03.064836548
84,110.69,59,110.7,08:08:03.333673996
74,110.69,59,110.7,08:08:03.379100639
73,110.69,59,110.7,08:08:03.417896958
86,110.69,59,110.7,08:08:03.693998374
85,110.69,59,110.7,08:08:04.268808670
81,110.69,59,110.7,08:08:04.268883709
81,110.69,78,110.7,08:08:04.269203277
79,110.69,78,110.7,08:08:04.269388874
67,110.69,78,110.7,08:08:04.270539576
65,110.69,78,110.7,08:08:04.282782404
56,110.69,78,110.7,08:08:04.294418076
55,110.69,78,110.7,08:08:04.354651523
53,110.69,78,110.7,08:08:04.364725245
54,110.69,78,110.7,08:08:04.364905674
53,110.69,78,110.7,08:08:04.434290324
54,110.69,78,110.7,08:08:04.481743741
53,110.69,78,110.7,08:08:04.724472773
53,110.69,89,110.7,08:08:04.739020941
54,110.69,89,110.7,08:08:04.739602805
54,110.69,78,110.7,08:08:04.739773588
66,110.69,78,110.7,08:08:04.740031696
65,110.69,78,110.7,08:08:04.750040903
53,110.69,78,110.7,08:08:04.754153748
54,110.69,78,110.7,08:08:05.020975897
53,110.69,78,110.7,08:08:05.045389482
54,110.69,78,110.7,08:08:05.396666740
86,110.69,78,110.7,08:08:05.596545504
98,110.69,78,110.7,08:08:05.596773344
98,110.69,59,110.7,08:08:05.596844011
97,110.69,59,110.7,08:08:05.992880942
84,110.69,59,110.7,08:08:06.285352147
72,110.69,59,110.7,08:08:06.285525822
59,110.69,59,110.7,08:08:06.296509594
59,110.69,78,110.7,08:08:06.296691380
58,110.69,78,110.7,08:08:06.310328583
56,110.69,78,110.7,08:08:06.321351101
57,110.69,78,110.7,08:08:08.773723742
59,110.69,78,110.7,08:08:09.241802816
71,110.69,78,110.7,08:08:10.056152096
71,110.69,59,110.7,08:08:10.251783393
78,110.69,59,110.7,08:08:12.545225131
76,110.69,59,110.7,08:08:12.556415258
74,110.69,59,110.7,08:08:12.599191968
75,110.69,59,110.7,08:08:15.016082906
76,110.69,59,110.7,08:08:16.610484530
86,110.69,59,110.7,08:08:16.610839732
76,110.69,59,110.7,08:08:16.641664018
75,110.69,59,110.7,08:08:16.718597250
77,110.69,59,110.7,08:08:17.238980260
76,110.69,59,110.7,08:08:19.643746604
76,110.69,78,110.7,08:08:19.644399548
64,110.69,78,110.7,08:08:19.644612335
62,110.69,78,110.7,08:08:19.655504578
59,110.69,78,110.7,08:08:19.666725707
57,110.69,78,110.7,08:08:19.676833838
54,110.69,78,110.7,08:08:19.676833838
54,110.69,88,110.7,08:08:19.955109550
53,110.69,88,110.7,08:08:19.955215181
51,110.69,88,110.7,08:08:20.938221807
41,110.69,88,110.7,08:08:20.941942992
8,110.69,88,110.7,08:08:21.024543675
7,110.69,88,110.7,08:08:21.024644337
2,110.69,88,110.7,08:08:21.035009076
1,110.69,88,110.7,08:08:21.035009076
155,110.68,88,110.7,08:08:21.035009076
155,110.68,94,110.7,08:08:21.035234862
154,110.68,94,110.7,08:08:21.035323006
154,110.68,10,110.69,08:08:21.035323006
153,110.68,10,110.69,08:08:21.035421639
153,110.68,11,110.69,08:08:21.035664676
153,110.68,10,110.69,08:08:21.036345298
149,110.68,10,110.69,08:08:21.039752908
145,110.68,10,110.69,08:08:21.048652249
146,110.68,10,110.69,08:08:21.049006609
146,110.68,11,110.69,08:08:21.061149277
140,110.68,11,110.69,08:08:21.062403342
140,110.68,13,110.69,08:08:21.062505745
140,110.68,14,110.69,08:08:21.062523803
140,110.68,15,110.69,08:08:21.062786718
124,110.68,15,110.69,08:08:21.062919495
124,110.68,13,110.69,08:08:21.063521683
124,110.68,12,110.69,08:08:21.063847597
124,110.68,15,110.69,08:08:21.065485737
124,110.68,21,110.69,08:08:21.065559135
124,110.68,15,110.69,08:08:21.065711042
124,110.68,12,110.69,08:08:21.065790796
124,110.68,14,110.69,08:08:21.066710081
124,110.68,15,110.69,08:08:21.066784580
124,110.68,16,110.69,08:08:21.066854904
124,110.68,14,110.69,08:08:21.067155917
124,110.68,13,110.69,08:08:21.067242599
124,110.68,14,110.69,08:08:21.067600157
124,110.68,15,110.69,08:08:21.067938009
124,110.68,14,110.69,08:08:21.067938009
124,110.68,15,110.69,08:08:21.068272301
124,110.68,14,110.69,08:08:21.068518105
124,110.68,13,110.69,08:08:21.068792726
124,110.68,14,110.69,08:08:21.069333112
124,110.68,13,110.69,08:08:21.069501912
124,110.68,15,110.69,08:08:21.069879377
124,110.68,13,110.69,08:08:21.070693735
124,110.68,14,110.69,08:08:21.070967578
124,110.68,15,110.69,08:08:21.071122000
124,110.68,16,110.69,08:08:21.071197799
124,110.68,15,110.69,08:08:21.073393643
124,110.68,14,110.69,08:08:21.073527233
124,110.68,13,110.69,08:08:21.074288052
124,110.68,14,110.69,08:08:21.076751851
124,110.68,13,110.69,08:08:21.076980651
124,110.68,12,110.69,08:08:21.083416741
124,110.68,11,110.69,08:08:21.083492994
123,110.68,11,110.69,08:08:21.085952604
127,110.68,11,110.69,08:08:21.109349859
129,110.68,11,110.69,08:08:21.109716614
129,110.68,12,110.69,08:08:21.138534064
129,110.68,13,110.69,08:08:21.139103900
129,110.68,14,110.69,08:08:21.139804754
123,110.68,14,110.69,08:08:21.140504788
123,110.68,13,110.69,08:08:21.150715448
123,110.68,14,110.69,08:08:21.152245683
123,110.68,13,110.69,08:08:21.160349509
123,110.68,12,110.69,08:08:21.160489004
123,110.68,11,110.69,08:08:21.160631340
123,110.68,13,110.69,08:08:21.174235001
123,110.68,11,110.69,08:08:21.174609810
131,110.68,11,110.69,08:08:21.499915974
149,110.68,11,110.69,08:08:21.500285926
145,110.68,11,110.69,08:08:21.500667766
137,110.68,11,110.69,08:08:21.501999796
139,110.68,11,110.69,08:08:21.502445351
131,110.68,11,110.69,08:08:21.502765991
137,110.68,11,110.69,08:08:21.507390371
