bidVolume,bidPrice,askVolume,askPrice,timestamp
1,2324.8,10,2324.9,13:00:00.008378386
2,2324.8,10,2324.9,13:00:00.008442250
2,2324.8,10,2324.9,13:00:00.191518188
2,2324.8,11,2324.9,13:00:00.372695696
2,2324.8,11,2324.9,13:00:00.428080794
17,2324.8,11,2324.9,13:00:00.478305298
17,2324.8,10,2324.9,13:00:00.478713314
17,2324.8,10,2324.9,13:00:00.478734869
17,2324.8,8,2325.0,13:00:00.478913851
17,2324.8,8,2325.0,13:00:00.478913851
17,2324.8,9,2325.0,13:00:00.479076105
17,2324.8,9,2325.0,13:00:00.479174580
17,2324.8,9,2325.0,13:00:00.479252482
17,2324.8,8,2325.0,13:00:00.480243616
17,2324.8,8,2325.0,13:00:00.480258762
17,2324.8,8,2325.0,13:00:00.480325237
17,2324.8,8,2325.0,13:00:00.480325237
17,2324.8,8,2325.0,13:00:00.482305402
17,2324.8,8,2325.0,13:00:00.482305402
17,2324.8,8,2325.0,13:00:00.486847745
17,2324.8,8,2325.0,13:00:00.486862882
17,2324.8,8,2325.0,13:00:00.487141431
17,2324.8,8,2325.0,13:00:00.489253944
17,2324.8,8,2325.0,13:00:00.493254274
18,2324.8,8,2325.0,13:00:01.159854931
18,2324.8,8,2325.0,13:00:01.160017366
18,2324.8,8,2325.0,13:00:01.212928347
18,2324.8,8,2325.0,13:00:02.197365131
18,2324.8,8,2325.0,13:00:02.197495271
18,2324.8,8,2325.0,13:00:02.197507239
18,2324.8,7,2325.0,13:00:02.230714594
18,2324.8,6,2325.0,13:00:02.481202367
1,2324.9,6,2325.0,13:00:02.691654351
1,2324.9,6,2325.0,13:00:02.691843360
19,2324.8,6,2325.0,13:00:02.692040385
19,2324.8,6,2325.0,13:00:02.692040385
18,2324.8,6,2325.0,13:00:02.692167083
18,2324.8,6,2325.0,13:00:02.692178407
18,2324.8,6,2325.0,13:00:02.692192472
18,2324.8,6,2325.0,13:00:02.701866250
18,2324.8,3,2325.0,13:00:03.136223392
18,2324.8,4,2325.0,13:00:03.157315452
18,2324.8,5,2325.0,13:00:03.157454421
17,2324.8,5,2325.0,13:00:03.157725688
17,2324.8,6,2325.0,13:00:03.157867042
17,2324.8,1,2324.9,13:00:03.158011306
17,2324.8,1,2324.9,13:00:03.158141603
17,2324.8,1,2324.9,13:00:03.158171460
16,2324.8,1,2324.9,13:00:03.158189554
17,2324.8,1,2324.9,13:00:03.158338418
17,2324.8,6,2325.0,13:00:03.158455460
17,2324.8,6,2325.0,13:00:03.158455460
17,2324.8,6,2325.0,13:00:03.159627173
17,2324.8,6,2325.0,13:00:03.159627173
17,2324.8,6,2325.0,13:00:03.165216025
17,2324.8,6,2325.0,13:00:03.166161810
17,2324.8,6,2325.0,13:00:03.166161810
17,2324.8,6,2325.0,13:00:03.339738425
17,2324.8,7,2325.0,13:00:03.399580906
17,2324.8,8,2325.0,13:00:03.399714666
17,2324.8,10,2325.0,13:00:04.280469602
18,2324.8,10,2325.0,13:00:04.281013166
18,2324.8,10,2325.0,13:00:05.181426726
18,2324.8,10,2325.0,13:00:06.089155931
18,2324.8,10,2325.0,13:00:06.136252652
19,2324.8,10,2325.0,13:00:06.140178589
1,2324.9,10,2325.0,13:00:06.144353667
1,2324.9,10,2325.0,13:00:06.144521610
1,2324.9,9,2325.0,13:00:06.144557637
1,2324.9,9,2325.0,13:00:06.144574475
1,2324.9,9,2325.0,13:00:06.145208181
19,2324.8,9,2325.0,13:00:06.145364866
19,2324.8,9,2325.0,13:00:06.145364866
19,2324.8,9,2325.0,13:00:06.255697678
19,2324.8,9,2325.0,13:00:06.319752992
19,2324.8,9,2325.0,13:00:06.319766346
19,2324.8,11,2325.0,13:00:08.165459849
20,2324.8,11,2325.0,13:00:08.166136734
20,2324.8,12,2325.0,13:00:08.166274784
20,2324.8,12,2325.0,13:00:08.267028053
20,2324.8,12,2325.0,13:00:09.155272977
20,2324.8,12,2325.0,13:00:09.565225931
20,2324.8,12,2325.0,13:00:10.346101599
19,2324.8,12,2325.0,13:00:10.346217618
19,2324.8,11,2325.0,13:00:10.346238411
19,2324.8,11,2325.0,13:00:10.502234568
19,2324.8,10,2325.0,13:00:10.890234840
19,2324.8,10,2325.0,13:00:10.898858555
19,2324.8,10,2325.0,13:00:11.005829301
20,2324.8,10,2325.0,13:00:12.469351546
1,2324.9,10,2325.0,13:00:13.181183694
1,2324.9,10,2325.0,13:00:13.181681176
1,2324.9,10,2325.0,13:00:13.181699977
1,2324.9,9,2325.0,13:00:13.181894557
2,2324.9,9,2325.0,13:00:13.181928589
1,2324.9,9,2325.0,13:00:13.182060774
1,2324.9,9,2325.0,13:00:13.182547862
1,2324.9,9,2325.0,13:00:13.184549986
19,2324.8,9,2325.0,13:00:13.184675626
19,2324.8,9,2325.0,13:00:13.184675626
19,2324.8,9,2325.0,13:00:13.296280926
19,2324.8,9,2325.0,13:00:13.359776964
19,2324.8,9,2325.0,13:00:14.936803505
19,2324.8,9,2325.0,13:00:15.299881746
19,2324.8,3,2324.9,13:00:15.732571560
19,2324.8,9,2325.0,13:00:15.732864529
19,2324.8,9,2325.0,13:00:15.732864529
19,2324.8,9,2325.0,13:00:15.732898239
19,2324.8,10,2325.0,13:00:15.732909439
19,2324.8,10,2325.0,13:00:15.732909439
20,2324.8,10,2325.0,13:00:15.733794075
21,2324.8,10,2325.0,13:00:15.733812795
21,2324.8,10,2325.0,13:00:15.734235511
21,2324.8,10,2325.0,13:00:15.734235511
21,2324.8,10,2325.0,13:00:15.736132621
21,2324.8,10,2325.0,13:00:15.736132621
21,2324.8,10,2325.0,13:00:15.909797598
21,2324.8,10,2325.0,13:00:16.012062169
1,2324.9,10,2325.0,13:00:16.098384594
2,2324.9,10,2325.0,13:00:16.098532734
2,2324.9,10,2325.0,13:00:16.098547599
2,2324.9,10,2325.0,13:00:16.098940493
2,2324.9,10,2325.0,13:00:16.098954452
3,2324.9,10,2325.0,13:00:16.149458882
3,2324.9,9,2325.0,13:00:16.156562417
4,2324.9,9,2325.0,13:00:16.156678173
5,2324.9,9,2325.0,13:00:16.156694989
5,2324.9,8,2325.0,13:00:16.156712887
6,2324.9,8,2325.0,13:00:16.156730001
6,2324.9,7,2325.0,13:00:16.156816093
5,2324.9,7,2325.0,13:00:16.156962315
5,2324.9,7,2325.0,13:00:16.156966479
5,2324.9,5,2325.0,13:00:16.157184186
5,2324.9,2,2325.0,13:00:16.157406482
5,2324.9,1,2325.0,13:00:16.157406482
5,2324.9,6,2325.1,13:00:16.157490023
5,2324.9,6,2325.1,13:00:16.157490023
6,2324.9,6,2325.1,13:00:16.157511381
6,2324.9,6,2325.1,13:00:16.157527544
1,2325.0,6,2325.1,13:00:16.157626736
1,2325.0,6,2325.1,13:00:16.157727631
1,2325.0,5,2325.1,13:00:16.157750649
1,2325.0,5,2325.1,13:00:16.157858623
2,2325.0,5,2325.1,13:00:16.158005326
2,2325.0,5,2325.1,13:00:16.158007489
2,2325.0,5,2325.1,13:00:16.158020523
2,2325.0,5,2325.1,13:00:16.158034111
2,2325.0,5,2325.1,13:00:16.158088966
2,2325.0,5,2325.1,13:00:16.158780440
2,2325.0,5,2325.1,13:00:16.158780440
2,2325.0,5,2325.1,13:00:16.164905360
2,2325.0,5,2325.1,13:00:16.164955236
2,2325.0,5,2325.1,13:00:16.169230724
2,2325.0,5,2325.1,13:00:16.173228452
3,2325.0,5,2325.1,13:00:16.176318560
3,2325.0,4,2325.1,13:00:16.176469352
3,2325.0,3,2325.1,13:00:16.176487446
3,2325.0,2,2325.1,13:00:16.176660995
4,2325.0,2,2325.1,13:00:16.176660995
4,2325.0,1,2325.1,13:00:16.176724603
4,2325.0,1,2325.1,13:00:16.176886574
4,2325.0,11,2325.2,13:00:16.177212699
4,2325.0,11,2325.2,13:00:16.177212699
5,2325.0,11,2325.2,13:00:16.177380830
6,2325.0,11,2325.2,13:00:16.177502282
6,2325.0,10,2325.2,13:00:16.177562012
6,2325.0,10,2325.2,13:00:16.178445076
6,2325.0,10,2325.2,13:00:16.178445076
6,2325.0,10,2325.2,13:00:16.187604630
6,2325.0,10,2325.2,13:00:16.188240397
6,2325.0,10,2325.2,13:00:16.188253616
7,2325.0,10,2325.2,13:00:16.190530789
7,2325.0,10,2325.2,13:00:16.195961493
7,2325.0,10,2325.2,13:00:16.199545348
7,2325.0,10,2325.2,13:00:16.249774617
8,2325.0,10,2325.2,13:00:16.250866254
8,2325.0,10,2325.2,13:00:16.262221652
8,2325.0,10,2325.2,13:00:16.332497638
8,2325.0,10,2325.2,13:00:16.336415950
8,2325.0,10,2325.2,13:00:16.358260324
8,2325.0,10,2325.2,13:00:16.358284209
8,2325.0,9,2325.2,13:00:16.358418980
9,2325.0,9,2325.2,13:00:16.380746669
9,2325.0,9,2325.2,13:00:16.380746669
9,2325.0,9,2325.2,13:00:16.519807302
8,2325.0,9,2325.2,13:00:16.882595822
8,2325.0,1,2325.1,13:00:16.882719568
8,2325.0,1,2325.1,13:00:16.882849645
7,2325.0,1,2325.1,13:00:16.882920878
7,2325.0,1,2325.1,13:00:16.884013908
7,2325.0,1,2325.1,13:00:16.884013908
7,2325.0,1,2325.1,13:00:16.891029790
7,2325.0,1,2325.1,13:00:16.903682673
7,2325.0,9,2325.2,13:00:16.903813290
7,2325.0,9,2325.2,13:00:16.903813290
7,2325.0,9,2325.2,13:00:16.906216464
7,2325.0,9,2325.2,13:00:16.906351527
7,2325.0,9,2325.2,13:00:16.906351527
7,2325.0,9,2325.2,13:00:16.959792741
7,2325.0,9,2325.2,13:00:17.069794348
9,2325.0,9,2325.2,13:00:17.263488115
10,2325.0,9,2325.2,13:00:17.263613823
10,2325.0,9,2325.2,13:00:17.263756229
10,2325.0,9,2325.2,13:00:17.294733561
10,2325.0,9,2325.2,13:00:17.341226985
10,2325.0,8,2325.2,13:00:17.352975894
10,2325.0,8,2325.2,13:00:18.160077262
10,2325.0,8,2325.2,13:00:19.055248992
10,2325.0,8,2325.2,13:00:19.575839342
10,2325.0,8,2325.2,13:00:19.619231432
9,2325.0,8,2325.2,13:00:19.671056117
9,2325.0,8,2325.2,13:00:19.671221045
9,2325.0,8,2325.2,13:00:19.674230419
1,2325.1,8,2325.2,13:00:19.729872164
2,2325.1,8,2325.2,13:00:19.730020666
2,2325.1,8,2325.2,13:00:19.730060173
2,2325.1,7,2325.2,13:00:19.730060173
2,2325.1,7,2325.2,13:00:19.730087125
2,2325.1,7,2325.2,13:00:19.730147594
4,2325.1,7,2325.2,13:00:19.730233576
4,2325.1,6,2325.2,13:00:19.730401439
4,2325.1,6,2325.2,13:00:19.730442707
4,2325.1,6,2325.2,13:00:19.730463095
5,2325.1,6,2325.2,13:00:19.730572236
5,2325.1,6,2325.2,13:00:19.730605040
5,2325.1,6,2325.2,13:00:19.730724991
5,2325.1,6,2325.2,13:00:19.742232241
5,2325.1,6,2325.2,13:00:19.748521257
6,2325.1,6,2325.2,13:00:19.755750145
6,2325.1,1,2325.2,13:00:19.756040377
6,2325.1,13,2325.3,13:00:19.756290945
6,2325.1,13,2325.3,13:00:19.756290945
7,2325.1,13,2325.3,13:00:19.756378531
1,2325.2,13,2325.3,13:00:19.756398855
1,2325.2,13,2325.3,13:00:19.756468095
1,2325.2,13,2325.3,13:00:19.756501594
1,2325.2,12,2325.3,13:00:19.756562644
1,2325.2,12,2325.3,13:00:19.756583477
2,2325.2,12,2325.3,13:00:19.756669126
2,2325.2,12,2325.3,13:00:19.756677575
2,2325.2,12,2325.3,13:00:19.756707924
2,2325.2,12,2325.3,13:00:19.756721191
2,2325.2,12,2325.3,13:00:19.756734587
2,2325.2,12,2325.3,13:00:19.756772498
2,2325.2,12,2325.3,13:00:19.756787970
4,2325.2,12,2325.3,13:00:19.756822691
4,2325.2,12,2325.3,13:00:19.756833872
4,2325.2,12,2325.3,13:00:19.756849738
3,2325.2,12,2325.3,13:00:19.757024446
3,2325.2,12,2325.3,13:00:19.757148928
3,2325.2,12,2325.3,13:00:19.759179168
3,2325.2,12,2325.3,13:00:19.759179168
3,2325.2,12,2325.3,13:00:19.764834612
3,2325.2,12,2325.3,13:00:19.768229253
3,2325.2,12,2325.3,13:00:19.768242572
3,2325.2,12,2325.3,13:00:19.769792952
4,2325.2,12,2325.3,13:00:19.780755307
5,2325.2,12,2325.3,13:00:19.780771394
5,2325.2,12,2325.3,13:00:19.780899351
5,2325.2,11,2325.3,13:00:19.795317757
5,2325.2,11,2325.3,13:00:19.864724652
5,2325.2,11,2325.3,13:00:19.960336337
4,2325.2,11,2325.3,13:00:20.434897578
4,2325.2,11,2325.3,13:00:20.689812940
4,2325.2,11,2325.3,13:00:20.834926902
4,2325.2,11,2325.3,13:00:20.867592530
4,2325.2,11,2325.3,13:00:21.038435397
2,2325.2,11,2325.3,13:00:21.117889011
2,2325.2,11,2325.3,13:00:21.117900406
1,2325.2,11,2325.3,13:00:21.118111965
9,2325.1,11,2325.3,13:00:21.118161823
9,2325.1,11,2325.3,13:00:21.118161823
9,2325.1,12,2325.3,13:00:21.118280881
9,2325.1,12,2325.3,13:00:21.118311211
8,2325.1,12,2325.3,13:00:21.118354265
2,2325.2,12,2325.3,13:00:21.118381544
8,2325.1,12,2325.3,13:00:21.118599105
8,2325.1,12,2325.3,13:00:21.118599105
8,2325.1,12,2325.3,13:00:21.118634411
8,2325.1,12,2325.3,13:00:21.126195754
8,2325.1,12,2325.3,13:00:21.135303973
8,2325.1,13,2325.3,13:00:21.135439255
8,2325.1,1,2325.2,13:00:21.135576765
8,2325.1,1,2325.2,13:00:21.135706810
7,2325.1,1,2325.2,13:00:21.135725184
6,2325.1,1,2325.2,13:00:21.135742932
6,2325.1,1,2325.2,13:00:21.137177358
6,2325.1,1,2325.2,13:00:21.137177358
4,2325.1,1,2325.2,13:00:21.161396652
4,2325.1,1,2325.2,13:00:21.178379273
4,2325.1,1,2325.2,13:00:21.241553602
4,2325.1,8,2325.3,13:00:21.253782876
4,2325.1,8,2325.3,13:00:21.253782876
4,2325.1,8,2325.3,13:00:21.253782876
5,2325.1,8,2325.3,13:00:21.253866215
6,2325.1,8,2325.3,13:00:21.253900190
7,2325.1,8,2325.3,13:00:21.253921503
7,2325.1,7,2325.3,13:00:21.253955215
8,2325.1,7,2325.3,13:00:21.253988941
8,2325.1,7,2325.3,13:00:21.260626480
8,2325.1,7,2325.3,13:00:21.260626480
7,2325.1,7,2325.3,13:00:21.264202493
7,2325.1,7,2325.3,13:00:21.296948290
9,2325.1,7,2325.3,13:00:21.485359962
9,2325.1,7,2325.3,13:00:21.485504772
10,2325.0,7,2325.3,13:00:21.622293236
12,2324.9,7,2325.3,13:00:21.622293236
11,2324.9,7,2325.3,13:00:21.622293236
11,2324.9,7,2325.3,13:00:21.622293236
11,2324.9,7,2325.3,13:00:21.622293236
11,2324.9,1,2325.2,13:00:21.622351006
11,2324.9,3,2325.2,13:00:21.622383400
11,2324.9,4,2325.2,13:00:21.622578512
11,2324.9,5,2325.2,13:00:21.622833989
11,2324.9,1,2325.1,13:00:21.622899001
11,2324.9,1,2325.1,13:00:21.623025055
11,2324.9,1,2325.1,13:00:21.623042198
11,2324.9,1,2325.1,13:00:21.623059178
2,2325.0,1,2325.1,13:00:21.623326114
4,2325.0,1,2325.1,13:00:21.623428401
4,2325.0,1,2325.1,13:00:21.623444056
4,2325.0,1,2325.1,13:00:21.623490774
4,2325.0,1,2325.1,13:00:21.623592309
4,2325.0,1,2325.1,13:00:21.623609486
4,2325.0,1,2325.1,13:00:21.623640274
4,2325.0,1,2325.1,13:00:21.623669241
4,2325.0,2,2325.1,13:00:21.623718750
5,2325.0,2,2325.1,13:00:21.623786123
5,2325.0,2,2325.1,13:00:21.623823539
5,2325.0,3,2325.1,13:00:21.623858080
5,2325.0,3,2325.1,13:00:21.624098171
5,2325.0,3,2325.1,13:00:21.624208452
5,2325.0,3,2325.1,13:00:21.624225790
5,2325.0,3,2325.1,13:00:21.624239400
5,2325.0,3,2325.1,13:00:21.624256152
6,2325.0,3,2325.1,13:00:21.624529217
6,2325.0,2,2325.1,13:00:21.624552740
4,2325.0,2,2325.1,13:00:21.624586098
4,2325.0,1,2325.1,13:00:21.624638492
5,2325.0,1,2325.1,13:00:21.624643178
5,2325.0,1,2325.1,13:00:21.624824983
5,2325.0,1,2325.1,13:00:21.624824983
6,2325.0,1,2325.1,13:00:21.624941968
7,2325.0,1,2325.1,13:00:21.625003739
7,2325.0,1,2325.1,13:00:21.625019793
7,2325.0,10,2325.2,13:00:21.625098147
7,2325.0,4,2325.2,13:00:21.625098147
7,2325.0,4,2325.2,13:00:21.625098147
6,2325.0,4,2325.2,13:00:21.625131731
1,2325.1,4,2325.2,13:00:21.625176105
2,2325.1,4,2325.2,13:00:21.625276832
3,2325.1,4,2325.2,13:00:21.625355563
4,2325.1,4,2325.2,13:00:21.625458464
3,2325.1,4,2325.2,13:00:21.625521320
3,2325.1,4,2325.2,13:00:21.625644145
3,2325.1,3,2325.2,13:00:21.625666267
3,2325.1,3,2325.2,13:00:21.625688453
2,2325.1,3,2325.2,13:00:21.625734278
2,2325.1,3,2325.2,13:00:21.625868501
3,2325.1,3,2325.2,13:00:21.625906195
3,2325.1,3,2325.2,13:00:21.625945313
4,2325.1,3,2325.2,13:00:21.626006725
5,2325.1,3,2325.2,13:00:21.626023243
5,2325.1,3,2325.2,13:00:21.626035884
4,2325.1,3,2325.2,13:00:21.626121130
4,2325.1,2,2325.2,13:00:21.626169042
4,2325.1,2,2325.2,13:00:21.626293669
4,2325.1,2,2325.2,13:00:21.626293669
3,2325.1,2,2325.2,13:00:21.626403641
3,2325.1,1,2325.2,13:00:21.626518252
4,2325.1,1,2325.2,13:00:21.626723507
4,2325.1,1,2325.2,13:00:21.627087595
4,2325.1,1,2325.2,13:00:21.627087595
4,2325.1,1,2325.2,13:00:21.632242153
4,2325.1,1,2325.2,13:00:21.632357890
4,2325.1,1,2325.2,13:00:21.632465681
3,2325.1,1,2325.2,13:00:21.634672756
3,2325.1,2,2325.2,13:00:21.634897307
3,2325.1,3,2325.2,13:00:21.634930223
3,2325.1,4,2325.2,13:00:21.634979351
3,2325.1,5,2325.2,13:00:21.635100598
2,2325.1,5,2325.2,13:00:21.635141216
1,2325.1,5,2325.2,13:00:21.635468436
1,2325.1,5,2325.2,13:00:21.645181608
1,2325.1,5,2325.2,13:00:21.757749133
8,2325.0,5,2325.2,13:00:21.757877320
8,2325.0,5,2325.2,13:00:21.757877320
9,2325.0,5,2325.2,13:00:21.757901219
8,2325.0,5,2325.2,13:00:21.758160680
8,2325.0,5,2325.2,13:00:21.799801180
8,2325.0,5,2325.2,13:00:21.809810534
8,2325.0,5,2325.2,13:00:21.809823731
8,2325.0,5,2325.2,13:00:21.999586684
8,2325.0,5,2325.2,13:00:22.193860042
8,2325.0,4,2325.2,13:00:24.596205429
8,2325.0,6,2325.2,13:00:25.231708404
6,2325.0,6,2325.2,13:00:25.241522374
6,2325.0,1,2325.1,13:00:25.241701860
5,2325.0,1,2325.1,13:00:25.241738235
4,2325.0,1,2325.1,13:00:25.241794259
4,2325.0,1,2325.1,13:00:25.241808051
4,2325.0,1,2325.1,13:00:25.241880987
4,2325.0,1,2325.1,13:00:25.241971637
4,2325.0,3,2325.1,13:00:25.242027677
4,2325.0,3,2325.1,13:00:25.242037111
4,2325.0,3,2325.1,13:00:25.242050622
2,2325.0,3,2325.1,13:00:25.242127629
1,2325.0,3,2325.1,13:00:25.242150182
1,2325.0,3,2325.1,13:00:25.242168314
1,2325.0,1,2325.1,13:00:25.242212193
10,2324.9,1,2325.1,13:00:25.242233263
10,2324.9,1,2325.1,13:00:25.242233263
10,2324.9,2,2325.1,13:00:25.242310061
10,2324.9,2,2325.1,13:00:25.242450077
10,2324.9,2,2325.1,13:00:25.242983425
10,2324.9,2,2325.1,13:00:25.242983425
10,2324.9,2,2325.1,13:00:25.243266378
10,2324.9,2,2325.1,13:00:25.243266378
10,2324.9,4,2325.1,13:00:25.253178372
10,2324.9,4,2325.1,13:00:25.253265443
10,2324.9,4,2325.1,13:00:25.253312193
10,2324.9,4,2325.1,13:00:25.253328165
10,2324.9,4,2325.1,13:00:25.254247182
10,2324.9,4,2325.1,13:00:25.254259956
10,2324.9,5,2325.1,13:00:25.254374883
10,2324.9,5,2325.1,13:00:25.322301448
10,2324.9,5,2325.1,13:00:25.322423848
10,2324.9,5,2325.1,13:00:25.499822248
10,2324.9,4,2325.1,13:00:25.654643752
1,2325.0,4,2325.1,13:00:25.654789953
2,2325.0,4,2325.1,13:00:25.654817419
2,2325.0,5,2325.1,13:00:25.654834581
2,2325.0,5,2325.1,13:00:25.654910704
2,2325.0,5,2325.1,13:00:25.654926167
2,2325.0,3,2325.1,13:00:25.664249065
2,2325.0,3,2325.1,13:00:25.664389855
2,2325.0,3,2325.1,13:00:26.353934903
1,2325.0,3,2325.1,13:00:26.354078956
10,2324.9,3,2325.1,13:00:26.893315639
10,2324.9,3,2325.1,13:00:26.893315639
10,2324.9,4,2325.1,13:00:26.893514203
10,2324.9,4,2325.1,13:00:26.893530500
10,2324.9,6,2325.1,13:00:26.904161812
10,2324.9,6,2325.1,13:00:26.905110705
10,2324.9,6,2325.1,13:00:26.990325354
10,2324.9,6,2325.1,13:00:26.990325354
10,2324.9,4,2325.1,13:00:27.584716412
10,2324.9,3,2325.1,13:00:27.584884741
10,2324.9,1,2325.1,13:00:27.625576374
1,2325.0,1,2325.1,13:00:27.625683509
2,2325.0,1,2325.1,13:00:27.625700141
3,2325.0,1,2325.1,13:00:27.625736467
4,2325.0,1,2325.1,13:00:27.625780481
4,2325.0,1,2325.1,13:00:27.625790043
5,2325.0,1,2325.1,13:00:27.625808657
6,2325.0,1,2325.1,13:00:27.625903680
6,2325.0,1,2325.1,13:00:27.625934311
7,2325.0,1,2325.1,13:00:27.626029069
6,2325.0,1,2325.1,13:00:27.626064435
6,2325.0,8,2325.2,13:00:27.626327964
6,2325.0,8,2325.2,13:00:27.626327964
6,2325.0,7,2325.2,13:00:27.626448545
6,2325.0,9,2325.2,13:00:27.626543136
6,2325.0,10,2325.2,13:00:27.626668574
6,2325.0,1,2325.1,13:00:27.626710083
6,2325.0,2,2325.1,13:00:27.626848653
5,2325.0,2,2325.1,13:00:27.626989081
5,2325.0,2,2325.1,13:00:27.630221661
5,2325.0,2,2325.1,13:00:27.630221661
5,2325.0,2,2325.1,13:00:27.631910534
5,2325.0,2,2325.1,13:00:27.631910534
5,2325.0,2,2325.1,13:00:27.636219082
4,2325.0,2,2325.1,13:00:27.636341695
4,2325.0,3,2325.1,13:00:27.636817529
3,2325.0,3,2325.1,13:00:27.637087931
2,2325.0,3,2325.1,13:00:27.637206784
1,2325.0,3,2325.1,13:00:27.637228061
10,2324.9,3,2325.1,13:00:27.637446895
10,2324.9,3,2325.1,13:00:27.637446895
10,2324.9,2,2325.1,13:00:27.638093590
10,2324.9,2,2325.1,13:00:27.639219248
10,2324.9,1,2325.1,13:00:27.676687974
1,2325.0,1,2325.1,13:00:27.676808332
2,2325.0,1,2325.1,13:00:27.676852044
2,2325.0,3,2325.1,13:00:27.676944306
3,2325.0,3,2325.1,13:00:27.676958770
2,2325.0,3,2325.1,13:00:27.677065963
1,2325.0,3,2325.1,13:00:27.677123586
1,2325.0,1,2325.1,13:00:27.689247524
1,2325.0,2,2325.1,13:00:27.689715181
1,2325.0,10,2325.2,13:00:28.054896328
1,2325.0,10,2325.2,13:00:28.054896328
2,2325.0,10,2325.2,13:00:28.055060548
3,2325.0,10,2325.2,13:00:28.055086712
4,2325.0,10,2325.2,13:00:28.055156445
5,2325.0,10,2325.2,13:00:28.055187431
6,2325.0,10,2325.2,13:00:28.055259881
6,2325.0,8,2325.2,13:00:28.055298822
7,2325.0,8,2325.2,13:00:28.055325959
7,2325.0,8,2325.2,13:00:28.056311339
7,2325.0,8,2325.2,13:00:28.056311339
7,2325.0,8,2325.2,13:00:28.063126161
7,2325.0,8,2325.2,13:00:28.065218181
7,2325.0,8,2325.2,13:00:28.066034786
7,2325.0,8,2325.2,13:00:28.066049871
7,2325.0,6,2325.2,13:00:28.096556636
1,2325.1,6,2325.2,13:00:28.096729049
1,2325.1,5,2325.2,13:00:28.096765902
1,2325.1,5,2325.2,13:00:28.096926298
1,2325.1,5,2325.2,13:00:28.096943733
1,2325.1,5,2325.2,13:00:28.096959429
1,2325.1,4,2325.2,13:00:28.096978283
1,2325.1,4,2325.2,13:00:28.097102609
1,2325.1,3,2325.2,13:00:28.142428649
2,2325.1,3,2325.2,13:00:28.142537255
3,2325.1,3,2325.2,13:00:28.142596886
3,2325.1,2,2325.2,13:00:28.142620467
2,2325.1,2,2325.2,13:00:28.142709596
1,2325.1,2,2325.2,13:00:28.142972423
8,2325.0,2,2325.2,13:00:28.143088928
8,2325.0,2,2325.2,13:00:28.143088928
8,2325.0,3,2325.2,13:00:28.143114074
7,2325.0,3,2325.2,13:00:28.143236297
7,2325.0,4,2325.2,13:00:28.152542591
6,2325.0,4,2325.2,13:00:28.152674725
6,2325.0,5,2325.2,13:00:28.152809668
6,2325.0,5,2325.2,13:00:28.152951200
6,2325.0,5,2325.2,13:00:28.279833496
6,2325.0,5,2325.2,13:00:29.289209187
6,2325.0,4,2325.2,13:00:29.289360992
6,2325.0,3,2325.2,13:00:29.333624697
1,2325.1,3,2325.2,13:00:30.553806585
1,2325.1,2,2325.2,13:00:30.553833309
2,2325.1,2,2325.2,13:00:30.553963244
3,2325.1,2,2325.2,13:00:30.553989613
3,2325.1,2,2325.2,13:00:30.554001108
3,2325.1,2,2325.2,13:00:30.554017793
2,2325.1,2,2325.2,13:00:30.554181188
3,2325.1,2,2325.2,13:00:30.554665294
4,2325.1,2,2325.2,13:00:30.554683038
4,2325.1,1,2325.2,13:00:30.554954019
4,2325.1,1,2325.2,13:00:30.554954019
3,2325.1,1,2325.2,13:00:30.555783621
3,2325.1,1,2325.2,13:00:30.555868195
3,2325.1,2,2325.2,13:00:30.562660149
4,2325.1,2,2325.2,13:00:30.562751629
3,2325.1,2,2325.2,13:00:30.563142655
2,2325.1,2,2325.2,13:00:30.567091966
2,2325.1,2,2325.2,13:00:31.124122075
2,2325.1,2,2325.2,13:00:31.449880751
1,2325.1,2,2325.2,13:00:31.545181888
1,2325.1,3,2325.2,13:00:31.545211879
7,2325.0,3,2325.2,13:00:31.545231029
7,2325.0,3,2325.2,13:00:31.545231029
7,2325.0,4,2325.2,13:00:31.545269122
7,2325.0,5,2325.2,13:00:31.545293842
7,2325.0,6,2325.2,13:00:31.545350023
7,2325.0,6,2325.2,13:00:31.545429221
6,2325.0,6,2325.2,13:00:31.545462592
6,2325.0,7,2325.2,13:00:31.545480551
6,2325.0,7,2325.2,13:00:31.545546596
6,2325.0,7,2325.2,13:00:31.553467444
5,2325.0,7,2325.2,13:00:31.553627707
5,2325.0,7,2325.2,13:00:31.561233297
6,2325.0,7,2325.2,13:00:31.646900506
6,2325.0,7,2325.2,13:00:31.658252799
6,2325.0,7,2325.2,13:00:32.160232732
5,2325.0,7,2325.2,13:00:32.597233026
5,2325.0,7,2325.2,13:00:32.598165822
5,2325.0,7,2325.2,13:00:32.598165822
5,2325.0,7,2325.2,13:00:33.064460593
5,2325.0,7,2325.2,13:00:33.488230473
4,2325.0,7,2325.2,13:00:34.013351735
4,2325.0,7,2325.2,13:00:34.204773537
5,2325.0,7,2325.2,13:00:34.382081406
6,2325.0,7,2325.2,13:00:34.382234686
5,2325.0,7,2325.2,13:00:34.432385691
7,2325.0,7,2325.2,13:00:34.597003476
7,2325.0,7,2325.2,13:00:34.964345990
7,2325.0,7,2325.2,13:00:34.969812493
7,2325.0,7,2325.2,13:00:35.197069819
7,2325.0,7,2325.2,13:00:35.388995643
6,2325.0,7,2325.2,13:00:35.806031925
5,2325.0,7,2325.2,13:00:35.806295287
5,2325.0,1,2325.1,13:00:35.806356216
5,2325.0,1,2325.1,13:00:35.806630971
5,2325.0,1,2325.1,13:00:35.806645189
4,2325.0,1,2325.1,13:00:35.806680956
4,2325.0,7,2325.2,13:00:35.806741229
4,2325.0,7,2325.2,13:00:35.806741229
5,2325.0,7,2325.2,13:00:35.806882480
5,2325.0,7,2325.2,13:00:35.809375548
5,2325.0,7,2325.2,13:00:35.809375548
5,2325.0,7,2325.2,13:00:35.811253609
5,2325.0,7,2325.2,13:00:35.811253609
6,2325.0,7,2325.2,13:00:36.057078494
5,2325.0,7,2325.2,13:00:36.081325846
5,2325.0,8,2325.2,13:00:36.125682043
5,2325.0,8,2325.2,13:00:36.344581596
6,2325.0,8,2325.2,13:00:36.350792886
7,2325.0,8,2325.2,13:00:36.350919606
7,2325.0,8,2325.2,13:00:36.384227707
7,2325.0,8,2325.2,13:00:36.384240587
7,2325.0,8,2325.2,13:00:36.888938826
7,2325.0,8,2325.2,13:00:36.913852355
7,2325.0,8,2325.2,13:00:37.129234681
6,2325.0,8,2325.2,13:00:37.289539785
6,2325.0,8,2325.2,13:00:38.199850996
6,2325.0,1,2325.1,13:00:39.401205311
6,2325.0,1,2325.1,13:00:39.401360073
6,2325.0,8,2325.2,13:00:39.401601914
6,2325.0,8,2325.2,13:00:39.401601914
5,2325.0,8,2325.2,13:00:39.401708208
5,2325.0,1,2325.1,13:00:39.401910163
5,2325.0,1,2325.1,13:00:39.402739230
5,2325.0,1,2325.1,13:00:39.402739230
5,2325.0,2,2325.1,13:00:39.403648157
10,2324.9,2,2325.1,13:00:39.403987502
10,2324.9,2,2325.1,13:00:39.403987502
10,2324.9,3,2325.1,13:00:39.404047691
10,2324.9,4,2325.1,13:00:39.404070943
10,2324.9,1,2325.0,13:00:39.404262982
10,2324.9,1,2325.0,13:00:39.404506239
10,2324.9,1,2325.0,13:00:39.404551245
10,2324.9,1,2325.0,13:00:39.404570272
10,2324.9,1,2325.0,13:00:39.404583645
10,2324.9,1,2325.0,13:00:39.404651409
10,2324.9,1,2325.0,13:00:39.404666725
10,2324.9,1,2325.0,13:00:39.404681202
9,2324.9,1,2325.0,13:00:39.404699644
8,2324.9,1,2325.0,13:00:39.404718483
8,2324.9,1,2325.0,13:00:39.404728569
8,2324.9,1,2325.0,13:00:39.404849327
8,2324.9,1,2325.0,13:00:39.405000607
8,2324.9,1,2325.0,13:00:39.405241831
8,2324.9,1,2325.0,13:00:39.405241831
8,2324.9,1,2325.0,13:00:39.405810883
8,2324.9,1,2325.0,13:00:39.405810883
8,2324.9,7,2325.1,13:00:39.406210497
8,2324.9,7,2325.1,13:00:39.406210497
8,2324.9,6,2325.1,13:00:39.406334880
9,2324.9,6,2325.1,13:00:39.407327323
9,2324.9,5,2325.1,13:00:39.408031535
9,2324.9,5,2325.1,13:00:39.408117598
9,2324.9,5,2325.1,13:00:39.408117598
9,2324.9,5,2325.1,13:00:39.412127269
9,2324.9,7,2325.1,13:00:39.424085871
9,2324.9,6,2325.1,13:00:39.460831505
1,2325.0,6,2325.1,13:00:39.509042454
1,2325.0,5,2325.1,13:00:39.509182860
1,2325.0,5,2325.1,13:00:39.509209594
9,2324.9,5,2325.1,13:00:39.515565357
9,2324.9,5,2325.1,13:00:39.515565357
9,2324.9,3,2325.1,13:00:39.521715916
1,2325.0,3,2325.1,13:00:39.521877855
2,2325.0,3,2325.1,13:00:39.521995256
2,2325.0,2,2325.1,13:00:39.522126558
2,2325.0,2,2325.1,13:00:39.522138367
2,2325.0,2,2325.1,13:00:39.579873627
2,2325.0,2,2325.1,13:00:39.582564279
2,2325.0,1,2325.1,13:00:39.679716199
3,2325.0,1,2325.1,13:00:39.679840586
3,2325.0,9,2325.2,13:00:39.679861415
3,2325.0,9,2325.2,13:00:39.679861415
4,2325.0,9,2325.2,13:00:39.679977203
4,2325.0,9,2325.2,13:00:39.680016983
4,2325.0,8,2325.2,13:00:39.680050046
4,2325.0,9,2325.2,13:00:39.680108713
4,2325.0,9,2325.2,13:00:39.681164610
4,2325.0,9,2325.2,13:00:39.681164610
4,2325.0,9,2325.2,13:00:39.688377385
4,2325.0,9,2325.2,13:00:39.985222989
3,2325.0,9,2325.2,13:00:40.524394500
3,2325.0,1,2325.1,13:00:40.524503676
3,2325.0,2,2325.1,13:00:40.524557812
2,2325.0,2,2325.1,13:00:40.524576986
2,2325.0,3,2325.1,13:00:40.524599591
3,2325.0,3,2325.1,13:00:40.524650274
3,2325.0,4,2325.1,13:00:40.524680649
3,2325.0,4,2325.1,13:00:40.524710685
2,2325.0,4,2325.1,13:00:40.524731684
2,2325.0,3,2325.1,13:00:40.524785720
2,2325.0,2,2325.1,13:00:40.524899553
2,2325.0,1,2325.1,13:00:40.524924817
2,2325.0,1,2325.1,13:00:40.525841066
2,2325.0,1,2325.1,13:00:40.525841066
3,2325.0,1,2325.1,13:00:40.691742878
4,2325.0,1,2325.1,13:00:40.691885274
4,2325.0,9,2325.2,13:00:40.692005075
4,2325.0,9,2325.2,13:00:40.692005075
4,2325.0,8,2325.2,13:00:40.692702529
4,2325.0,8,2325.2,13:00:40.692702529
4,2325.0,8,2325.2,13:00:40.693305547
4,2325.0,8,2325.2,13:00:40.693305547
4,2325.0,8,2325.2,13:00:40.700585795
4,2325.0,8,2325.2,13:00:41.062240231
4,2325.0,1,2325.1,13:00:42.711906922
3,2325.0,1,2325.1,13:00:42.711923726
3,2325.0,2,2325.1,13:00:42.711986548
2,2325.0,2,2325.1,13:00:42.712008398
2,2325.0,2,2325.1,13:00:42.712082217
1,2325.0,2,2325.1,13:00:42.712126301
2,2325.0,2,2325.1,13:00:42.712280560
1,2325.0,2,2325.1,13:00:42.712342097
1,2325.0,3,2325.1,13:00:42.712484481
1,2325.0,2,2325.1,13:00:42.712507576
1,2325.0,2,2325.1,13:00:42.713146231
1,2325.0,2,2325.1,13:00:42.713146231
2,2325.0,2,2325.1,13:00:42.713185013
2,2325.0,1,2325.1,13:00:42.713308779
3,2325.0,1,2325.1,13:00:42.713324415
3,2325.0,9,2325.2,13:00:42.713411354
3,2325.0,9,2325.2,13:00:42.713411354
3,2325.0,9,2325.2,13:00:42.713429796
3,2325.0,9,2325.2,13:00:42.713429796
2,2325.0,9,2325.2,13:00:42.713671778
3,2325.0,9,2325.2,13:00:42.713671778
3,2325.0,1,2325.1,13:00:42.713782334
3,2325.0,2,2325.1,13:00:42.713813484
3,2325.0,3,2325.1,13:00:42.713830373
3,2325.0,4,2325.1,13:00:42.713884234
2,2325.0,4,2325.1,13:00:42.713921249
2,2325.0,5,2325.1,13:00:42.713939192
2,2325.0,5,2325.1,13:00:42.714143747
1,2325.0,5,2325.1,13:00:42.714733297
9,2324.9,5,2325.1,13:00:42.714871198
9,2324.9,5,2325.1,13:00:42.714871198
9,2324.9,5,2325.1,13:00:42.714901970
9,2324.9,5,2325.1,13:00:42.714901970
9,2324.9,5,2325.1,13:00:42.714984762
9,2324.9,5,2325.1,13:00:42.716306959
9,2324.9,5,2325.1,13:00:42.716306959
9,2324.9,6,2325.1,13:00:42.718163719
9,2324.9,6,2325.1,13:00:42.889875890
9,2324.9,5,2325.1,13:00:43.034392874
1,2325.0,5,2325.1,13:00:43.034533481
2,2325.0,5,2325.1,13:00:43.034657797
2,2325.0,5,2325.1,13:00:43.034672651
2,2325.0,6,2325.1,13:00:43.034726481
2,2325.0,5,2325.1,13:00:43.042878217
2,2325.0,5,2325.1,13:00:43.046367698
1,2325.0,5,2325.1,13:00:43.046502567
3,2325.0,5,2325.1,13:00:43.865410076
3,2325.0,4,2325.1,13:00:43.865594003
3,2325.0,3,2325.1,13:00:43.865614854
4,2325.0,3,2325.1,13:00:43.865741826
4,2325.0,2,2325.1,13:00:43.865865281
4,2325.0,2,2325.1,13:00:43.874280091
4,2325.0,2,2325.1,13:00:44.026115232
4,2325.0,2,2325.1,13:00:44.246287243
3,2325.0,2,2325.1,13:00:44.515551604
3,2325.0,1,2325.1,13:00:44.673295573
4,2325.0,1,2325.1,13:00:44.673433647
4,2325.0,1,2325.1,13:00:44.684231551
4,2325.0,1,2325.1,13:00:44.684244349
9,2325.0,1,2325.1,13:00:44.686004189
9,2325.0,9,2325.2,13:00:44.686273228
9,2325.0,9,2325.2,13:00:44.686273228
10,2325.0,9,2325.2,13:00:44.686319159
10,2325.0,8,2325.2,13:00:44.686400091
10,2325.0,7,2325.2,13:00:44.686570933
10,2325.0,7,2325.2,13:00:44.686750437
10,2325.0,7,2325.2,13:00:44.686875173
10,2325.0,6,2325.2,13:00:44.686977127
10,2325.0,6,2325.2,13:00:44.686977127
10,2325.0,6,2325.2,13:00:44.687695503
10,2325.0,6,2325.2,13:00:44.687695503
10,2325.0,6,2325.2,13:00:44.696276540
9,2325.0,6,2325.2,13:00:44.697145600
9,2325.0,6,2325.2,13:00:44.869897218
1,2325.1,6,2325.2,13:00:44.915397947
1,2325.1,6,2325.2,13:00:44.915524833
1,2325.1,5,2325.2,13:00:44.915561230
1,2325.1,5,2325.2,13:00:44.915577910
1,2325.1,4,2325.2,13:00:44.915691079
1,2325.1,3,2325.2,13:00:44.915803526
1,2325.1,3,2325.2,13:00:44.915817661
1,2325.1,3,2325.2,13:00:44.934090856
1,2325.1,2,2325.2,13:00:45.120189826
2,2325.1,2,2325.2,13:00:45.120261616
3,2325.1,2,2325.2,13:00:45.120573501
3,2325.1,2,2325.2,13:00:45.129703554
2,2325.1,2,2325.2,13:00:45.161337249
1,2325.1,2,2325.2,13:00:45.161498954
1,2325.1,3,2325.2,13:00:45.161852200
1,2325.1,4,2325.2,13:00:45.162107834
1,2325.1,3,2325.2,13:00:45.725278911
1,2325.1,3,2325.2,13:00:45.733781106
1,2325.1,4,2325.2,13:00:46.292219594
1,2325.1,5,2325.2,13:00:46.292288542
1,2325.1,6,2325.2,13:00:46.292331091
1,2325.1,5,2325.2,13:00:46.292363863
10,2325.0,5,2325.2,13:00:46.310612957
10,2325.0,5,2325.2,13:00:46.310612957
10,2325.0,5,2325.2,13:00:46.310737494
9,2325.0,5,2325.2,13:00:46.310756605
9,2325.0,4,2325.2,13:00:46.310803672
9,2325.0,4,2325.2,13:00:46.319154749
9,2325.0,5,2325.2,13:00:46.319415566
9,2325.0,5,2325.2,13:00:46.329505920
9,2325.0,6,2325.2,13:00:46.404953865
9,2325.0,7,2325.2,13:00:46.404992906
8,2325.0,7,2325.2,13:00:46.405151097
8,2325.0,8,2325.2,13:00:46.405151097
8,2325.0,9,2325.2,13:00:46.405155235
8,2325.0,8,2325.2,13:00:46.405165667
8,2325.0,1,2325.1,13:00:46.405262821
8,2325.0,2,2325.1,13:00:46.405344289
8,2325.0,3,2325.1,13:00:46.405363124
8,2325.0,3,2325.1,13:00:46.405491665
8,2325.0,3,2325.1,13:00:46.405509313
8,2325.0,4,2325.1,13:00:46.405509313
8,2325.0,4,2325.1,13:00:46.405527252
8,2325.0,4,2325.1,13:00:46.405553144
8,2325.0,5,2325.1,13:00:46.405588975
7,2325.0,5,2325.1,13:00:46.405883100
7,2325.0,5,2325.1,13:00:46.406360383
7,2325.0,5,2325.1,13:00:46.406360383
7,2325.0,5,2325.1,13:00:46.410138024
7,2325.0,5,2325.1,13:00:46.410138024
7,2325.0,4,2325.1,13:00:46.411308028
7,2325.0,3,2325.1,13:00:46.411434594
7,2325.0,2,2325.1,13:00:46.411473212
7,2325.0,1,2325.1,13:00:46.411649395
7,2325.0,1,2325.1,13:00:46.515856221
7,2325.0,9,2325.2,13:00:46.558196733
7,2325.0,9,2325.2,13:00:46.558196733
7,2325.0,9,2325.2,13:00:46.571764095
7,2325.0,9,2325.2,13:00:46.571764095
7,2325.0,9,2325.2,13:00:46.589900077
6,2325.0,9,2325.2,13:00:46.646140629
6,2325.0,1,2325.1,13:00:46.646268183
6,2325.0,2,2325.1,13:00:46.646395747
6,2325.0,2,2325.1,13:00:46.646402718
6,2325.0,1,2325.1,13:00:46.646546122
6,2325.0,9,2325.2,13:00:46.646655244
6,2325.0,9,2325.2,13:00:46.646655244
6,2325.0,9,2325.2,13:00:46.647979169
6,2325.0,9,2325.2,13:00:46.647979169
6,2325.0,9,2325.2,13:00:46.649474946
6,2325.0,9,2325.2,13:00:46.649474946
6,2325.0,9,2325.2,13:00:46.661213339
6,2325.0,9,2325.2,13:00:46.661228133
6,2325.0,9,2325.2,13:00:46.674336237
6,2325.0,9,2325.2,13:00:46.829908507
5,2325.0,9,2325.2,13:00:47.505638848
5,2325.0,1,2325.1,13:00:47.505775685
5,2325.0,2,2325.1,13:00:47.505915209
5,2325.0,2,2325.1,13:00:47.505917599
5,2325.0,2,2325.1,13:00:47.505930649
5,2325.0,2,2325.1,13:00:47.507327103
5,2325.0,2,2325.1,13:00:47.507327103
5,2325.0,1,2325.1,13:00:47.507470500
5,2325.0,9,2325.2,13:00:47.507579809
5,2325.0,9,2325.2,13:00:47.507579809
5,2325.0,9,2325.2,13:00:47.512493057
5,2325.0,9,2325.2,13:00:47.512493057
5,2325.0,9,2325.2,13:00:47.519224440
6,2325.0,9,2325.2,13:00:47.519345835
6,2325.0,9,2325.2,13:00:47.689911033
7,2325.0,9,2325.2,13:00:47.857375027
8,2325.0,9,2325.2,13:00:47.857634341
8,2325.0,9,2325.2,13:00:47.857706035
8,2325.0,9,2325.2,13:00:47.869238101
8,2325.0,8,2325.2,13:00:47.869498350
8,2325.0,7,2325.2,13:00:47.869622515
8,2325.0,7,2325.2,13:00:48.748580421
8,2325.0,6,2325.2,13:00:49.099428607
1,2325.1,6,2325.2,13:00:49.349349087
1,2325.1,6,2325.2,13:00:49.349467682
1,2325.1,6,2325.2,13:00:49.349483279
1,2325.1,6,2325.2,13:00:49.349496748
1,2325.1,6,2325.2,13:00:49.349513856
1,2325.1,5,2325.2,13:00:49.349630200
1,2325.1,5,2325.2,13:00:49.349762273
1,2325.1,5,2325.2,13:00:50.005493473
1,2325.1,5,2325.2,13:00:50.005511111
1,2325.1,5,2325.2,13:00:50.005531777
1,2325.1,5,2325.2,13:00:50.005831598
1,2325.1,5,2325.2,13:00:50.006439985
1,2325.1,5,2325.2,13:00:50.006492270
1,2325.1,5,2325.2,13:00:50.006681090
1,2325.1,5,2325.2,13:00:50.006711225
1,2325.1,5,2325.2,13:00:50.006730227
1,2325.1,5,2325.2,13:00:50.006760404
1,2325.1,5,2325.2,13:00:50.006985436
1,2325.1,5,2325.2,13:00:50.007320161
1,2325.1,5,2325.2,13:00:50.007539277
1,2325.1,5,2325.2,13:00:50.008057988
1,2325.1,5,2325.2,13:00:50.008071976
1,2325.1,5,2325.2,13:00:50.008085339
1,2325.1,5,2325.2,13:00:50.008098853
1,2325.1,5,2325.2,13:00:50.008303814
1,2325.1,5,2325.2,13:00:50.008314992
1,2325.1,5,2325.2,13:00:50.008327661
1,2325.1,5,2325.2,13:00:50.008339792
1,2325.1,5,2325.2,13:00:51.044070631
1,2325.1,5,2325.2,13:00:51.588285230
1,2325.1,5,2325.2,13:00:51.590778142
2,2325.1,5,2325.2,13:00:52.309226330
2,2325.1,4,2325.2,13:00:52.309424959
2,2325.1,3,2325.2,13:00:52.309517402
4,2325.1,3,2325.2,13:00:52.328565364
4,2325.1,2,2325.2,13:00:52.328867631
4,2325.1,1,2325.2,13:00:52.328867631
4,2325.1,1,2325.2,13:00:52.328919323
4,2325.1,10,2325.3,13:00:52.328928290
4,2325.1,10,2325.3,13:00:52.328928290
4,2325.1,9,2325.3,13:00:52.328950630
5,2325.1,9,2325.3,13:00:52.329145043
7,2325.1,9,2325.3,13:00:52.329168346
7,2325.1,8,2325.3,13:00:52.329185991
8,2325.1,8,2325.3,13:00:52.329203437
6,2325.1,8,2325.3,13:00:52.329363486
6,2325.1,8,2325.3,13:00:52.329390511
6,2325.1,7,2325.3,13:00:52.329409141
6,2325.1,7,2325.3,13:00:52.330342270
6,2325.1,6,2325.3,13:00:52.330361205
6,2325.1,6,2325.3,13:00:52.330374028
6,2325.1,6,2325.3,13:00:52.330374028
6,2325.1,6,2325.3,13:00:52.337101213
6,2325.1,6,2325.3,13:00:52.339239682
6,2325.1,6,2325.3,13:00:52.339255119
6,2325.1,6,2325.3,13:00:52.339269110
6,2325.1,6,2325.3,13:00:52.339780938
6,2325.1,6,2325.3,13:00:52.340079376
6,2325.1,6,2325.3,13:00:52.347867980
6,2325.1,6,2325.3,13:00:52.363739504
6,2325.1,6,2325.3,13:00:52.363757078
6,2325.1,6,2325.3,13:00:52.363796804
6,2325.1,6,2325.3,13:00:52.363813532
6,2325.1,6,2325.3,13:00:52.423455222
6,2325.1,6,2325.3,13:00:52.442232571
6,2325.1,7,2325.3,13:00:52.513206482
6,2325.1,7,2325.3,13:00:52.519923408
6,2325.1,7,2325.3,13:00:52.690107876
6,2325.1,7,2325.3,13:00:53.046671624
6,2325.1,7,2325.3,13:00:53.046671624
6,2325.1,7,2325.3,13:00:53.438928829
6,2325.1,7,2325.3,13:00:53.593241823
6,2325.1,1,2325.2,13:00:53.977703443
5,2325.1,1,2325.2,13:00:53.977818806
5,2325.1,1,2325.2,13:00:53.977847011
4,2325.1,1,2325.2,13:00:53.977984448
2,2325.1,1,2325.2,13:00:53.996420426
1,2325.1,1,2325.2,13:00:53.996572419
3,2325.1,1,2325.2,13:00:53.996625118
2,2325.1,1,2325.2,13:00:53.996646523
2,2325.1,2,2325.2,13:00:53.996801332
3,2325.1,2,2325.2,13:00:53.996836559
2,2325.1,2,2325.2,13:00:53.996927822
10,2325.0,2,2325.2,13:00:54.023051603
10,2325.0,2,2325.2,13:00:54.023051603
10,2325.0,2,2325.2,13:00:54.023178050
10,2325.0,2,2325.2,13:00:54.023190428
9,2325.0,2,2325.2,13:00:54.023208992
9,2325.0,3,2325.2,13:00:54.023246144
9,2325.0,4,2325.2,13:00:54.023326511
9,2325.0,4,2325.2,13:00:54.033590308
9,2325.0,5,2325.2,13:00:54.043717207
9,2325.0,6,2325.2,13:00:54.043843907
8,2325.0,6,2325.2,13:00:54.043958716
8,2325.0,6,2325.2,13:00:54.044025629
8,2325.0,7,2325.2,13:00:54.076984860
8,2325.0,8,2325.2,13:00:54.264611496
8,2325.0,8,2325.2,13:00:54.264740939
8,2325.0,8,2325.2,13:00:54.278313619
8,2325.0,7,2325.2,13:00:54.875452411
8,2325.0,6,2325.2,13:00:54.875464760
8,2325.0,6,2325.2,13:00:54.947225625
8,2325.0,6,2325.2,13:00:55.317489576
8,2325.0,1,2325.1,13:00:55.634644992
8,2325.0,1,2325.1,13:00:55.634669178
8,2325.0,1,2325.1,13:00:55.634686945
7,2325.0,1,2325.1,13:00:55.634764427
7,2325.0,1,2325.1,13:00:55.634779878
7,2325.0,2,2325.1,13:00:55.634899032
6,2325.0,2,2325.1,13:00:55.634905881
6,2325.0,2,2325.1,13:00:55.635152157
5,2325.0,2,2325.1,13:00:55.635152157
5,2325.0,3,2325.1,13:00:55.635267578
5,2325.0,3,2325.1,13:00:55.636360656
5,2325.0,3,2325.1,13:00:55.636360656
5,2325.0,2,2325.1,13:00:55.636419726
5,2325.0,1,2325.1,13:00:55.636579169
5,2325.0,1,2325.1,13:00:55.700264245
5,2325.0,2,2325.1,13:00:56.353977999
5,2325.0,3,2325.1,13:00:56.427405973
5,2325.0,3,2325.1,13:00:56.807120788
5,2325.0,4,2325.1,13:00:57.794365731
5,2325.0,5,2325.1,13:00:57.794485609
5,2325.0,6,2325.1,13:00:57.794500976
5,2325.0,5,2325.1,13:00:57.794518819
5,2325.0,4,2325.1,13:00:58.571122211
5,2325.0,3,2325.1,13:00:58.571245573
5,2325.0,5,2325.1,13:00:58.571450060
5,2325.0,5,2325.1,13:00:58.577212887
5,2325.0,4,2325.1,13:00:58.860242740
5,2325.0,5,2325.1,13:00:58.860815340
5,2325.0,6,2325.1,13:00:58.860884711
7,2324.9,6,2325.1,13:00:58.861010409
7,2324.9,6,2325.1,13:00:58.861010409
7,2324.9,1,2325.0,13:00:58.861040768
7,2324.9,6,2325.1,13:00:58.861107918
7,2324.9,6,2325.1,13:00:58.861107918
6,2324.9,6,2325.1,13:00:58.861164086
6,2324.9,1,2325.0,13:00:58.861241229
6,2324.9,2,2325.0,13:00:58.861349261
6,2324.9,2,2325.0,13:00:58.861394158
5,2324.9,2,2325.0,13:00:58.861412756
5,2324.9,2,2325.0,13:00:58.861441375
5,2324.9,2,2325.0,13:00:58.861500828
5,2324.9,2,2325.0,13:00:58.861513785
5,2324.9,2,2325.0,13:00:58.861526387
5,2324.9,2,2325.0,13:00:58.861543149
5,2324.9,2,2325.0,13:00:58.861558180
5,2324.9,4,2325.0,13:00:58.861582010
5,2324.9,3,2325.0,13:00:58.861617762
5,2324.9,3,2325.0,13:00:58.861698887
4,2324.9,3,2325.0,13:00:58.861811993
4,2324.9,3,2325.0,13:00:58.862625289
4,2324.9,3,2325.0,13:00:58.862625289
4,2324.9,3,2325.0,13:00:58.865275961
4,2324.9,3,2325.0,13:00:58.869180558
4,2324.9,3,2325.0,13:00:58.869303818
4,2324.9,2,2325.0,13:00:58.879756669
4,2324.9,1,2325.0,13:00:58.957624598
5,2324.9,1,2325.0,13:00:59.595150069
5,2324.9,6,2325.1,13:00:59.934547870
5,2324.9,6,2325.1,13:00:59.934547870
6,2324.9,6,2325.1,13:00:59.934684090
6,2324.9,5,2325.1,13:00:59.934740556
7,2324.9,5,2325.1,13:00:59.934859217
7,2324.9,5,2325.1,13:00:59.934994429
7,2324.9,5,2325.1,13:00:59.935986776
7,2324.9,5,2325.1,13:00:59.935986776
7,2324.9,5,2325.1,13:00:59.946219145
7,2324.9,3,2325.1,13:00:59.953288840
7,2324.9,3,2325.1,13:00:59.953407194
7,2324.9,2,2325.1,13:01:00.075743133
1,2325.0,2,2325.1,13:01:00.075888531
2,2325.0,2,2325.1,13:01:00.076025173
2,2325.0,2,2325.1,13:01:00.076041664
2,2325.0,2,2325.1,13:01:00.076055382
3,2325.0,2,2325.1,13:01:00.076078839
3,2325.0,1,2325.1,13:01:00.076184345
3,2325.0,2,2325.1,13:01:00.076745841
2,2325.0,2,2325.1,13:01:00.076868042
2,2325.0,2,2325.1,13:01:00.084792650
2,2325.0,2,2325.1,13:01:00.095391584
2,2325.0,3,2325.1,13:01:00.379923165
1,2325.0,3,2325.1,13:01:00.380553375
7,2324.9,3,2325.1,13:01:00.380612989
7,2324.9,3,2325.1,13:01:00.380612989
7,2324.9,3,2325.1,13:01:00.380723830
7,2324.9,2,2325.1,13:01:00.381398055
7,2324.9,2,2325.1,13:01:00.549179137
7,2324.9,3,2325.1,13:01:00.843497835
7,2324.9,4,2325.1,13:01:00.843622070
7,2324.9,5,2325.1,13:01:00.843637104
6,2324.9,5,2325.1,13:01:00.843771610
6,2324.9,5,2325.1,13:01:00.843785591
6,2324.9,7,2325.1,13:01:00.849973073
6,2324.9,7,2325.1,13:01:00.850142996
6,2324.9,7,2325.1,13:01:00.859224696
6,2324.9,7,2325.1,13:01:01.209968997
6,2324.9,6,2325.1,13:01:01.210097876
7,2324.9,6,2325.1,13:01:01.210245688
7,2324.9,6,2325.1,13:01:01.210326753
6,2324.9,6,2325.1,13:01:01.421409956
7,2324.9,6,2325.1,13:01:01.598589654
7,2324.9,5,2325.1,13:01:02.317957930
7,2324.9,5,2325.1,13:01:03.483287639
7,2324.9,5,2325.1,13:01:03.483287639
6,2324.9,5,2325.1,13:01:03.494471791
5,2324.9,5,2325.1,13:01:04.392209318
5,2324.9,6,2325.1,13:01:04.467565282
5,2324.9,5,2325.1,13:01:04.476148092
6,2324.9,5,2325.1,13:01:04.476512102
7,2324.9,5,2325.1,13:01:04.477796557
7,2324.9,5,2325.1,13:01:04.482233043
6,2324.9,5,2325.1,13:01:04.738887350
6,2324.9,6,2325.1,13:01:04.739023596
6,2324.9,5,2325.1,13:01:04.741941281
7,2324.9,5,2325.1,13:01:04.765874784
7,2324.9,5,2325.1,13:01:04.878223487
6,2324.9,5,2325.1,13:01:04.970281010
7,2324.9,5,2325.1,13:01:05.106013890
7,2324.9,4,2325.1,13:01:07.157631775
8,2324.9,4,2325.1,13:01:07.163307719
8,2324.9,3,2325.1,13:01:07.168211079
1,2325.0,3,2325.1,13:01:07.176338497
2,2325.0,3,2325.1,13:01:07.176473838
3,2325.0,3,2325.1,13:01:07.176545360
3,2325.0,3,2325.1,13:01:07.176554786
3,2325.0,3,2325.1,13:01:07.176584092
3,2325.0,3,2325.1,13:01:07.176630979
3,2325.0,2,2325.1,13:01:07.176693685
4,2325.0,2,2325.1,13:01:07.176829813
3,2325.0,2,2325.1,13:01:08.229503728
2,2325.0,2,2325.1,13:01:08.287689364
1,2325.0,2,2325.1,13:01:08.287811177
8,2324.9,2,2325.1,13:01:08.287838289
8,2324.9,2,2325.1,13:01:08.287838289
8,2324.9,2,2325.1,13:01:08.287959181
8,2324.9,2,2325.1,13:01:08.296322712
8,2324.9,2,2325.1,13:01:08.463669716
1,2325.0,2,2325.1,13:01:10.022655788
2,2325.0,2,2325.1,13:01:10.022796514
2,2325.0,2,2325.1,13:01:10.022833843
2,2325.0,2,2325.1,13:01:10.022864186
3,2325.0,2,2325.1,13:01:10.022886836
4,2325.0,2,2325.1,13:01:10.023005827
4,2325.0,2,2325.1,13:01:10.031366930
4,2325.0,2,2325.1,13:01:10.041776071
4,2325.0,1,2325.1,13:01:10.109788763
5,2325.0,1,2325.1,13:01:10.109898784
5,2325.0,8,2325.2,13:01:10.110178249
5,2325.0,8,2325.2,13:01:10.110178249
5,2325.0,7,2325.2,13:01:10.110288434
5,2325.0,7,2325.2,13:01:10.110333500
6,2325.0,7,2325.2,13:01:10.110354012
1,2325.1,7,2325.2,13:01:10.110396855
1,2325.1,6,2325.2,13:01:10.110507674
1,2325.1,6,2325.2,13:01:10.110520384
1,2325.1,6,2325.2,13:01:10.110536497
1,2325.1,6,2325.2,13:01:10.110552612
1,2325.1,5,2325.2,13:01:10.110571426
1,2325.1,5,2325.2,13:01:10.110584766
1,2325.1,5,2325.2,13:01:10.110600543
1,2325.1,4,2325.2,13:01:10.110620556
7,2325.0,4,2325.2,13:01:10.110824957
7,2325.0,4,2325.2,13:01:10.110824957
6,2325.0,4,2325.2,13:01:10.110949875
5,2325.0,4,2325.2,13:01:10.110966723
5,2325.0,5,2325.2,13:01:10.111010957
5,2325.0,5,2325.2,13:01:10.111854242
5,2325.0,5,2325.2,13:01:10.111854242
5,2325.0,4,2325.2,13:01:10.153814856
5,2325.0,4,2325.2,13:01:10.219998459
5,2325.0,4,2325.2,13:01:10.290002891
5,2325.0,4,2325.2,13:01:11.914726261
5,2325.0,3,2325.2,13:01:11.955573631
1,2325.1,3,2325.2,13:01:11.956654382
1,2325.1,2,2325.2,13:01:11.956696588
1,2325.1,1,2325.2,13:01:11.956802529
1,2325.1,9,2325.3,13:01:11.956825931
1,2325.1,9,2325.3,13:01:11.956825931
2,2325.1,9,2325.3,13:01:11.956878620
2,2325.1,8,2325.3,13:01:11.957025430
3,2325.1,8,2325.3,13:01:11.957376999
4,2325.1,8,2325.3,13:01:11.957398148
4,2325.1,8,2325.3,13:01:11.957451141
4,2325.1,8,2325.3,13:01:11.957500525
4,2325.1,7,2325.3,13:01:11.957550487
5,2325.1,7,2325.3,13:01:11.957624174
6,2325.1,7,2325.3,13:01:11.957657762
8,2325.1,7,2325.3,13:01:11.957684308
9,2325.1,7,2325.3,13:01:11.957704909
9,2325.1,7,2325.3,13:01:11.957817094
9,2325.1,7,2325.3,13:01:11.957980000
8,2325.1,7,2325.3,13:01:11.958229144
9,2325.1,7,2325.3,13:01:11.958392376
9,2325.1,7,2325.3,13:01:11.958406722
10,2325.1,7,2325.3,13:01:11.958839451
10,2325.1,6,2325.3,13:01:11.958904194
1,2325.2,6,2325.3,13:01:11.958934639
1,2325.2,6,2325.3,13:01:11.959206655
2,2325.2,6,2325.3,13:01:11.959336673
2,2325.2,6,2325.3,13:01:11.959398054
2,2325.2,6,2325.3,13:01:11.959409846
1,2325.2,6,2325.3,13:01:11.959573078
1,2325.2,5,2325.3,13:01:11.959597091
1,2325.2,5,2325.3,13:01:11.959612218
1,2325.2,5,2325.3,13:01:11.959627105
9,2325.1,5,2325.3,13:01:11.959771719
9,2325.1,5,2325.3,13:01:11.959771719
9,2325.1,6,2325.3,13:01:11.959881164
9,2325.1,7,2325.3,13:01:11.959932791
9,2325.1,6,2325.3,13:01:11.960209862
9,2325.1,6,2325.3,13:01:11.965032074
10,2325.1,6,2325.3,13:01:11.965056920
10,2325.1,5,2325.3,13:01:11.965143065
9,2325.1,5,2325.3,13:01:11.965974282
1,2325.2,5,2325.3,13:01:11.966967793
1,2325.2,5,2325.3,13:01:11.967055025
2,2325.2,5,2325.3,13:01:11.967265207
1,2325.2,5,2325.3,13:01:11.967911131
1,2325.2,5,2325.3,13:01:11.967930860
9,2325.1,5,2325.3,13:01:11.967967887
9,2325.1,5,2325.3,13:01:11.967967887
10,2325.1,5,2325.3,13:01:11.968097484
1,2325.2,5,2325.3,13:01:11.968320371
1,2325.2,5,2325.3,13:01:11.968345150
2,2325.2,5,2325.3,13:01:11.968450723
3,2325.2,5,2325.3,13:01:11.968480623
2,2325.2,5,2325.3,13:01:11.968584566
2,2325.2,5,2325.3,13:01:11.968720040
2,2325.2,5,2325.3,13:01:11.968762662
2,2325.2,5,2325.3,13:01:11.968778272
3,2325.2,5,2325.3,13:01:11.968821962
2,2325.2,5,2325.3,13:01:11.968963507
3,2325.2,5,2325.3,13:01:11.969854722
2,2325.2,5,2325.3,13:01:11.969984648
3,2325.2,5,2325.3,13:01:11.970325723
2,2325.2,5,2325.3,13:01:11.970455019
2,2325.2,5,2325.3,13:01:11.971261412
3,2325.2,5,2325.3,13:01:11.972205182
2,2325.2,5,2325.3,13:01:11.973425921
3,2325.2,5,2325.3,13:01:11.976581696
2,2325.2,5,2325.3,13:01:11.976719145
3,2325.2,5,2325.3,13:01:11.986657902
4,2325.2,5,2325.3,13:01:11.987045695
3,2325.2,5,2325.3,13:01:11.987165350
2,2325.2,5,2325.3,13:01:11.987574292
2,2325.2,5,2325.3,13:01:11.987776168
1,2325.2,5,2325.3,13:01:11.992632451
9,2325.1,5,2325.3,13:01:11.996706841
9,2325.1,5,2325.3,13:01:11.996706841
9,2325.1,6,2325.3,13:01:11.996888387
9,2325.1,6,2325.3,13:01:12.056279021
11,2325.1,6,2325.3,13:01:12.065624387
11,2325.1,6,2325.3,13:01:12.134258195
11,2325.1,6,2325.3,13:01:12.134375548
11,2325.1,6,2325.3,13:01:12.138913080
11,2325.1,6,2325.3,13:01:12.166630941
1,2325.2,6,2325.3,13:01:12.213398862
1,2325.2,6,2325.3,13:01:12.213398862
2,2325.2,6,2325.3,13:01:12.213535476
2,2325.2,5,2325.3,13:01:12.213544120
2,2325.2,5,2325.3,13:01:12.213557797
4,2325.2,5,2325.3,13:01:12.222056544
5,2325.2,5,2325.3,13:01:12.222250215
5,2325.2,5,2325.3,13:01:12.232411930
4,2325.2,5,2325.3,13:01:12.355673442
12,2325.1,5,2325.3,13:01:12.537704900
12,2325.1,5,2325.3,13:01:12.537704900
12,2325.1,6,2325.3,13:01:12.537772377
11,2325.1,6,2325.3,13:01:12.537902454
11,2325.1,7,2325.3,13:01:12.537957764
11,2325.1,1,2325.2,13:01:12.538087420
11,2325.1,1,2325.2,13:01:12.538245190
10,2325.1,1,2325.2,13:01:12.538263603
10,2325.1,1,2325.2,13:01:12.538280039
10,2325.1,1,2325.2,13:01:12.538296164
10,2325.1,1,2325.2,13:01:12.538307537
10,2325.1,2,2325.2,13:01:12.538447700
9,2325.1,2,2325.2,13:01:12.538475377
9,2325.1,2,2325.2,13:01:12.538584474
9,2325.1,2,2325.2,13:01:12.538702402
8,2325.1,2,2325.2,13:01:12.538741446
6,2325.1,2,2325.2,13:01:12.538762646
6,2325.1,2,2325.2,13:01:12.538775767
5,2325.1,2,2325.2,13:01:12.538794493
4,2325.1,2,2325.2,13:01:12.538812029
3,2325.1,2,2325.2,13:01:12.539200131
2,2325.1,2,2325.2,13:01:12.539221373
2,2325.1,3,2325.2,13:01:12.539289255
2,2325.1,5,2325.2,13:01:12.539439751
2,2325.1,5,2325.2,13:01:12.539585691
2,2325.1,4,2325.2,13:01:12.542207964
2,2325.1,2,2325.2,13:01:12.542328153
2,2325.1,3,2325.2,13:01:12.544009376
2,2325.1,3,2325.2,13:01:12.547761078
3,2325.1,3,2325.2,13:01:12.550517680
2,2325.1,3,2325.2,13:01:12.550662611
8,2325.0,3,2325.2,13:01:12.563093461
8,2325.0,3,2325.2,13:01:12.563093461
7,2325.0,3,2325.2,13:01:12.563218071
7,2325.0,3,2325.2,13:01:12.563229310
7,2325.0,3,2325.2,13:01:12.563242228
7,2325.0,3,2325.2,13:01:12.563255374
7,2325.0,2,2325.2,13:01:12.563635257
7,2325.0,2,2325.2,13:01:12.563743438
7,2325.0,2,2325.2,13:01:12.590227272
7,2325.0,3,2325.2,13:01:12.609085748
7,2325.0,4,2325.2,13:01:12.609623970
7,2325.0,3,2325.2,13:01:12.620896591
7,2325.0,4,2325.2,13:01:12.670848408
7,2325.0,4,2325.2,13:01:12.670985262
7,2325.0,3,2325.2,13:01:12.731930328
7,2325.0,4,2325.2,13:01:12.825764672
7,2325.0,4,2325.2,13:01:13.009202672
7,2325.0,4,2325.2,13:01:13.009212605
7,2325.0,3,2325.2,13:01:13.054315911
7,2325.0,3,2325.2,13:01:13.054445501
7,2325.0,3,2325.2,13:01:13.059227956
7,2325.0,3,2325.2,13:01:13.109231226
7,2325.0,4,2325.2,13:01:13.159344167
7,2325.0,4,2325.2,13:01:13.159481340
7,2325.0,4,2325.2,13:01:13.893133569
7,2325.0,3,2325.2,13:01:14.032989182
7,2325.0,3,2325.2,13:01:14.400293440
8,2325.0,3,2325.2,13:01:14.400436499
1,2325.1,3,2325.2,13:01:14.400577974
1,2325.1,3,2325.2,13:01:14.400711045
1,2325.1,3,2325.2,13:01:14.400746960
1,2325.1,3,2325.2,13:01:14.543889393
1,2325.1,2,2325.2,13:01:14.556791285
1,2325.1,1,2325.2,13:01:14.556961771
1,2325.1,1,2325.2,13:01:14.556972642
2,2325.1,1,2325.2,13:01:14.557112133
2,2325.1,9,2325.3,13:01:14.557165126
2,2325.1,9,2325.3,13:01:14.557165126
3,2325.1,9,2325.3,13:01:14.557326326
3,2325.1,8,2325.3,13:01:14.557360462
2,2325.1,8,2325.3,13:01:14.557433947
3,2325.1,8,2325.3,13:01:14.557452332
4,2325.1,8,2325.3,13:01:14.565087116
4,2325.1,8,2325.3,13:01:14.568223624
4,2325.1,8,2325.3,13:01:14.568236498
5,2325.1,8,2325.3,13:01:14.635619782
6,2325.1,8,2325.3,13:01:14.635743279
6,2325.1,7,2325.3,13:01:14.635762061
6,2325.1,7,2325.3,13:01:14.635777770
6,2325.1,1,2325.2,13:01:14.653939677
5,2325.1,1,2325.2,13:01:14.654064836
5,2325.1,1,2325.2,13:01:14.654078346
4,2325.1,1,2325.2,13:01:14.654096747
3,2325.1,1,2325.2,13:01:14.654117745
4,2325.1,1,2325.2,13:01:14.654306665
3,2325.1,1,2325.2,13:01:14.659452179
3,2325.1,7,2325.3,13:01:14.797741257
3,2325.1,6,2325.3,13:01:14.797741257
3,2325.1,6,2325.3,13:01:14.797741257
4,2325.1,6,2325.3,13:01:14.797933239
5,2325.1,6,2325.3,13:01:14.798043391
6,2325.1,6,2325.3,13:01:14.798076800
6,2325.1,6,2325.3,13:01:14.817591551
6,2325.1,6,2325.3,13:01:14.830030666
6,2325.1,6,2325.3,13:01:14.918526718
6,2325.1,5,2325.3,13:01:15.778043266
6,2325.1,4,2325.3,13:01:15.778170046
6,2325.1,3,2325.3,13:01:15.778185682
5,2325.1,3,2325.3,13:01:15.778238181
5,2325.1,4,2325.3,13:01:15.778351298
5,2325.1,5,2325.3,13:01:15.787384920
5,2325.1,5,2325.3,13:01:15.960709380
5,2325.1,5,2325.3,13:01:15.960900123
5,2325.1,4,2325.3,13:01:16.491506989
5,2325.1,5,2325.3,13:01:16.491640246
5,2325.1,5,2325.3,13:01:16.646233571
5,2325.1,5,2325.3,13:01:16.727771652
4,2325.1,5,2325.3,13:01:17.377894425
4,2325.1,6,2325.3,13:01:17.377916352
4,2325.1,6,2325.3,13:01:17.380241961
4,2325.1,6,2325.3,13:01:17.390226664
4,2325.1,5,2325.3,13:01:17.398454660
5,2325.1,5,2325.3,13:01:17.398473451
5,2325.1,5,2325.3,13:01:17.413226091
5,2325.1,5,2325.3,13:01:18.220234660
5,2325.1,5,2325.3,13:01:18.787956936
10,2325.0,5,2325.3,13:01:19.018953113
10,2325.0,1,2325.1,13:01:19.018953113
10,2325.0,1,2325.1,13:01:19.018953113
10,2325.0,1,2325.1,13:01:19.019094469
10,2325.0,1,2325.1,13:01:19.019112518
10,2325.0,1,2325.1,13:01:19.019126550
10,2325.0,1,2325.1,13:01:19.019161239
10,2325.0,1,2325.1,13:01:19.019176948
10,2325.0,1,2325.1,13:01:19.019194395
10,2325.0,1,2325.1,13:01:19.019646078
10,2325.0,1,2325.1,13:01:19.019679413
10,2325.0,6,2325.2,13:01:19.019888822
10,2325.0,6,2325.2,13:01:19.019888822
10,2325.0,6,2325.2,13:01:19.020077776
10,2325.0,6,2325.2,13:01:19.020097536
1,2325.1,6,2325.2,13:01:19.020123267
1,2325.1,6,2325.2,13:01:19.020147682
1,2325.1,7,2325.2,13:01:19.020178978
1,2325.1,7,2325.2,13:01:19.020209980
1,2325.1,8,2325.2,13:01:19.020226733
2,2325.1,8,2325.2,13:01:19.020311147
2,2325.1,8,2325.2,13:01:19.020339679
2,2325.1,8,2325.2,13:01:19.020353753
1,2325.1,8,2325.2,13:01:19.020387890
1,2325.1,7,2325.2,13:01:19.020595882
2,2325.1,7,2325.2,13:01:19.020637979
1,2325.1,7,2325.2,13:01:19.020712886
1,2325.1,7,2325.2,13:01:19.020730630
2,2325.1,7,2325.2,13:01:19.020760372
2,2325.1,7,2325.2,13:01:19.020777649
2,2325.1,6,2325.2,13:01:19.020796190
2,2325.1,5,2325.2,13:01:19.020849016
2,2325.1,5,2325.2,13:01:19.021018627
2,2325.1,5,2325.2,13:01:19.021018627
2,2325.1,4,2325.2,13:01:19.021312118
2,2325.1,3,2325.2,13:01:19.021339658
2,2325.1,3,2325.2,13:01:19.022494369
2,2325.1,3,2325.2,13:01:19.022494369
2,2325.1,3,2325.2,13:01:19.027255184
2,2325.1,2,2325.2,13:01:19.029256080
2,2325.1,1,2325.2,13:01:19.029282371
2,2325.1,1,2325.2,13:01:19.029412716
3,2325.1,1,2325.2,13:01:19.029534002
3,2325.1,8,2325.3,13:01:19.029663079
3,2325.1,8,2325.3,13:01:19.029663079
3,2325.1,7,2325.3,13:01:19.029686235
4,2325.1,7,2325.3,13:01:19.029831761
4,2325.1,7,2325.3,13:01:19.029926311
4,2325.1,7,2325.3,13:01:19.035230987
4,2325.1,7,2325.3,13:01:19.041264299
4,2325.1,7,2325.3,13:01:19.070040175
4,2325.1,7,2325.3,13:01:19.070176907
4,2325.1,7,2325.3,13:01:19.131621673
4,2325.1,7,2325.3,13:01:19.196662776
4,2325.1,7,2325.3,13:01:19.198481785
10,2325.0,7,2325.3,13:01:19.389777917
10,2325.0,7,2325.3,13:01:19.389777917
10,2325.0,8,2325.3,13:01:19.389875740
10,2325.0,1,2325.2,13:01:19.389940528
10,2325.0,2,2325.2,13:01:19.389973470
10,2325.0,3,2325.2,13:01:19.390070566
9,2325.0,3,2325.2,13:01:19.390217008
9,2325.0,3,2325.2,13:01:19.390253255
9,2325.0,4,2325.2,13:01:19.390274532
9,2325.0,5,2325.2,13:01:19.390290219
9,2325.0,5,2325.2,13:01:19.390326511
8,2325.0,5,2325.2,13:01:19.390360863
8,2325.0,4,2325.2,13:01:19.390428487
8,2325.0,4,2325.2,13:01:19.390459192
8,2325.0,5,2325.2,13:01:19.390522220
1,2325.1,5,2325.2,13:01:19.390620753
3,2325.1,5,2325.2,13:01:19.390652677
4,2325.1,5,2325.2,13:01:19.390673304
4,2325.1,4,2325.2,13:01:19.390687696
4,2325.1,3,2325.2,13:01:19.390721764
5,2325.1,3,2325.2,13:01:19.390737785
5,2325.1,3,2325.2,13:01:19.390756580
5,2325.1,2,2325.2,13:01:19.390780161
5,2325.1,2,2325.2,13:01:19.390805925
5,2325.1,1,2325.2,13:01:19.390872359
5,2325.1,1,2325.2,13:01:19.390903463
5,2325.1,8,2325.3,13:01:19.391560999
5,2325.1,8,2325.3,13:01:19.391560999
5,2325.1,7,2325.3,13:01:19.391682932
5,2325.1,7,2325.3,13:01:19.391697248
5,2325.1,7,2325.3,13:01:19.405220139
5,2325.1,7,2325.3,13:01:19.568798976
6,2325.1,7,2325.3,13:01:19.862339575
6,2325.1,7,2325.3,13:01:19.862471049
5,2325.1,7,2325.3,13:01:19.863775280
5,2325.1,7,2325.3,13:01:19.870035026
5,2325.1,7,2325.3,13:01:19.976221274
6,2325.1,7,2325.3,13:01:20.264216305
6,2325.1,6,2325.3,13:01:20.264347434
6,2325.1,5,2325.3,13:01:20.264462396
6,2325.1,5,2325.3,13:01:20.587223624
7,2325.1,5,2325.3,13:01:21.082119866
7,2325.1,5,2325.3,13:01:21.089234927
2,2325.2,5,2325.3,13:01:21.205398878
2,2325.2,4,2325.3,13:01:21.205560050
2,2325.2,3,2325.3,13:01:21.205633617
2,2325.2,3,2325.3,13:01:21.205645370
2,2325.2,3,2325.3,13:01:21.205659745
2,2325.2,3,2325.3,13:01:21.205677102
4,2325.2,3,2325.3,13:01:21.205717541
4,2325.2,3,2325.3,13:01:21.217230976
4,2325.2,3,2325.3,13:01:21.217245025
4,2325.2,3,2325.3,13:01:21.657172032
5,2325.2,3,2325.3,13:01:22.749814610
5,2325.2,3,2325.3,13:01:22.753496502
5,2325.2,3,2325.3,13:01:22.753496502
5,2325.2,3,2325.3,13:01:22.760121554
5,2325.2,2,2325.3,13:01:22.857320328
6,2325.2,2,2325.3,13:01:22.857327761
6,2325.2,12,2325.4,13:01:22.857380214
6,2325.2,12,2325.4,13:01:22.857380214
1,2325.3,12,2325.4,13:01:22.857496750
1,2325.3,12,2325.4,13:01:22.857550515
7,2325.2,12,2325.4,13:01:22.857583524
7,2325.2,12,2325.4,13:01:22.857583524
7,2325.2,12,2325.4,13:01:22.857610605
8,2325.2,12,2325.4,13:01:22.857610605
8,2325.2,11,2325.4,13:01:22.857635855
8,2325.2,11,2325.4,13:01:22.857651455
8,2325.2,11,2325.4,13:01:22.857680831
8,2325.2,11,2325.4,13:01:22.857696278
8,2325.2,11,2325.4,13:01:22.857707619
8,2325.2,11,2325.4,13:01:22.857722195
8,2325.2,10,2325.4,13:01:22.857739057
2,2325.3,10,2325.4,13:01:22.857768250
2,2325.3,10,2325.4,13:01:22.857794757
2,2325.3,10,2325.4,13:01:22.858946095
2,2325.3,10,2325.4,13:01:22.858946095
2,2325.3,10,2325.4,13:01:22.867222463
2,2325.3,9,2325.4,13:01:22.872063217
2,2325.3,8,2325.4,13:01:22.873745289
2,2325.3,7,2325.4,13:01:22.874368979
2,2325.3,7,2325.4,13:01:22.874497579
2,2325.3,7,2325.4,13:01:22.874629341
2,2325.3,7,2325.4,13:01:22.881655813
3,2325.3,7,2325.4,13:01:22.883941545
3,2325.3,7,2325.4,13:01:22.884065027
2,2325.3,7,2325.4,13:01:22.885029632
2,2325.3,7,2325.4,13:01:22.898225101
2,2325.3,7,2325.4,13:01:22.940056318
2,2325.3,7,2325.4,13:01:22.948297226
2,2325.3,7,2325.4,13:01:22.964961260
2,2325.3,7,2325.4,13:01:23.030864509
2,2325.3,7,2325.4,13:01:23.140057960
3,2325.3,7,2325.4,13:01:23.621027885
3,2325.3,7,2325.4,13:01:23.621027885
3,2325.3,7,2325.4,13:01:23.640443918
3,2325.3,7,2325.4,13:01:23.715467257
8,2325.2,7,2325.4,13:01:23.821133274
1,2325.2,7,2325.4,13:01:23.821133274
1,2325.2,7,2325.4,13:01:23.821133274
2,2325.3,7,2325.4,13:01:23.821152888
1,2325.3,7,2325.4,13:01:23.821437297
1,2325.2,7,2325.4,13:01:23.821497900
1,2325.2,7,2325.4,13:01:23.821497900
9,2325.1,7,2325.4,13:01:23.821717549
9,2325.1,7,2325.4,13:01:23.821717549
9,2325.1,1,2325.3,13:01:23.821778932
9,2325.1,1,2325.3,13:01:23.821854627
9,2325.1,2,2325.3,13:01:23.821903511
9,2325.1,2,2325.3,13:01:23.821959861
9,2325.1,2,2325.3,13:01:23.821975449
9,2325.1,2,2325.3,13:01:23.822017289
1,2325.2,2,2325.3,13:01:23.822043747
2,2325.2,2,2325.3,13:01:23.822154233
2,2325.2,2,2325.3,13:01:23.822181459
3,2325.2,2,2325.3,13:01:23.822239977
4,2325.2,2,2325.3,13:01:23.822284695
5,2325.2,2,2325.3,13:01:23.822301877
5,2325.2,2,2325.3,13:01:23.822420046
5,2325.2,2,2325.3,13:01:23.822437589
5,2325.2,3,2325.3,13:01:23.822546129
5,2325.2,4,2325.3,13:01:23.822566938
5,2325.2,4,2325.3,13:01:23.822578475
5,2325.2,4,2325.3,13:01:23.822595903
5,2325.2,5,2325.3,13:01:23.822637967
5,2325.2,4,2325.3,13:01:23.822737076
5,2325.2,3,2325.3,13:01:23.822791698
5,2325.2,2,2325.3,13:01:23.822847888
4,2325.2,2,2325.3,13:01:23.823136617
3,2325.2,2,2325.3,13:01:23.823227861
2,2325.2,2,2325.3,13:01:23.823248351
2,2325.2,1,2325.3,13:01:23.823280787
2,2325.2,1,2325.3,13:01:23.823306490
2,2325.2,1,2325.3,13:01:23.823434133
2,2325.2,1,2325.3,13:01:23.823434133
2,2325.2,1,2325.3,13:01:23.823525487
1,2325.2,1,2325.3,13:01:23.829302680
1,2325.2,1,2325.3,13:01:23.832219786
1,2325.2,1,2325.3,13:01:23.832936687
1,2325.2,2,2325.3,13:01:23.862856138
1,2325.2,2,2325.3,13:01:24.005287517
1,2325.2,2,2325.3,13:01:24.005302119
1,2325.2,2,2325.3,13:01:24.005315928
1,2325.2,2,2325.3,13:01:24.005359397
1,2325.2,2,2325.3,13:01:24.005386684
1,2325.2,2,2325.3,13:01:24.005401494
1,2325.2,2,2325.3,13:01:24.005414906
1,2325.2,2,2325.3,13:01:24.005429392
1,2325.2,2,2325.3,13:01:24.005442433
1,2325.2,2,2325.3,13:01:24.005456958
1,2325.2,2,2325.3,13:01:24.005476273
1,2325.2,2,2325.3,13:01:24.005488056
1,2325.2,2,2325.3,13:01:24.005502594
1,2325.2,2,2325.3,13:01:24.005516786
1,2325.2,2,2325.3,13:01:24.005529954
1,2325.2,2,2325.3,13:01:24.005543139
1,2325.2,2,2325.3,13:01:24.005557648
1,2325.2,2,2325.3,13:01:24.005572781
1,2325.2,2,2325.3,13:01:24.005583722
1,2325.2,2,2325.3,13:01:24.005596817
1,2325.2,2,2325.3,13:01:24.005610417
1,2325.2,2,2325.3,13:01:24.005624311
1,2325.2,2,2325.3,13:01:24.005637781
1,2325.2,2,2325.3,13:01:24.005680783
1,2325.2,2,2325.3,13:01:24.005693686
1,2325.2,2,2325.3,13:01:24.005707152
1,2325.2,2,2325.3,13:01:24.005721142
8,2325.1,2,2325.3,13:01:24.005888573
8,2325.1,2,2325.3,13:01:24.005888573
8,2325.1,1,2325.3,13:01:24.006445031
7,2325.1,1,2325.3,13:01:24.022411830
7,2325.1,2,2325.3,13:01:24.022534080
9,2325.1,2,2325.3,13:01:24.024031502
9,2325.1,3,2325.3,13:01:24.024162269
1,2325.2,3,2325.3,13:01:24.024292831
1,2325.2,4,2325.3,13:01:24.024331034
1,2325.2,4,2325.3,13:01:24.024347073
1,2325.2,3,2325.3,13:01:24.024423551
1,2325.2,2,2325.3,13:01:24.024446722
1,2325.2,2,2325.3,13:01:24.034575404
1,2325.2,2,2325.3,13:01:24.432553758
9,2325.1,2,2325.3,13:01:25.193333272
9,2325.1,2,2325.3,13:01:25.193333272
9,2325.1,3,2325.3,13:01:25.193507157
8,2325.1,3,2325.3,13:01:25.193525266
2,2325.2,3,2325.3,13:01:25.193554303
2,2325.2,4,2325.3,13:01:25.193638138
2,2325.2,3,2325.3,13:01:25.193673813
2,2325.2,2,2325.3,13:01:25.193695835
2,2325.2,2,2325.3,13:01:25.203812897
3,2325.2,2,2325.3,13:01:25.203933059
4,2325.2,2,2325.3,13:01:25.204050815
4,2325.2,1,2325.3,13:01:25.204079331
4,2325.2,13,2325.4,13:01:25.215413476
4,2325.2,13,2325.4,13:01:25.215413476
4,2325.2,12,2325.4,13:01:25.215437477
4,2325.2,11,2325.4,13:01:25.215535358
4,2325.2,10,2325.4,13:01:25.215550590
4,2325.2,9,2325.4,13:01:25.215654109
5,2325.2,9,2325.4,13:01:25.311672047
5,2325.2,9,2325.4,13:01:25.311808635
5,2325.2,9,2325.4,13:01:26.008124711
5,2325.2,9,2325.4,13:01:26.008254742
4,2325.2,9,2325.4,13:01:26.008363973
4,2325.2,9,2325.4,13:01:26.016903185
4,2325.2,9,2325.4,13:01:27.250441344
5,2325.2,9,2325.4,13:01:27.250561555
6,2325.2,9,2325.4,13:01:27.250689497
6,2325.2,8,2325.4,13:01:27.250856847
6,2325.2,1,2325.3,13:01:27.267967886
5,2325.2,1,2325.3,13:01:27.268114897
5,2325.2,1,2325.3,13:01:27.268132399
4,2325.2,1,2325.3,13:01:27.268150412
5,2325.2,1,2325.3,13:01:27.410949260
5,2325.2,9,2325.4,13:01:27.411103097
5,2325.2,9,2325.4,13:01:27.411103097
6,2325.2,9,2325.4,13:01:27.411138247
6,2325.2,8,2325.4,13:01:27.411267939
1,2325.3,8,2325.4,13:01:27.411295190
1,2325.3,7,2325.4,13:01:27.411399839
1,2325.3,7,2325.4,13:01:27.411431526
6,2325.2,7,2325.4,13:01:27.421990203
6,2325.2,7,2325.4,13:01:27.421990203
5,2325.2,7,2325.4,13:01:27.422136251
5,2325.2,8,2325.4,13:01:28.108971392
4,2325.2,8,2325.4,13:01:28.109088787
4,2325.2,9,2325.4,13:01:28.109143876
5,2325.2,9,2325.4,13:01:28.593749017
5,2325.2,8,2325.4,13:01:28.845853416
1,2325.3,8,2325.4,13:01:29.046418235
2,2325.3,8,2325.4,13:01:29.046455119
2,2325.3,6,2325.4,13:01:29.046599852
1,2325.3,6,2325.4,13:01:29.047207073
2,2325.3,6,2325.4,13:01:29.055236371
3,2325.3,6,2325.4,13:01:29.055370418
3,2325.3,6,2325.4,13:01:29.055383120
3,2325.3,6,2325.4,13:01:29.055647234
2,2325.3,6,2325.4,13:01:29.056060644
2,2325.3,6,2325.4,13:01:29.057252614
2,2325.3,6,2325.4,13:01:29.057252614
1,2325.3,6,2325.4,13:01:29.081589999
6,2325.2,6,2325.4,13:01:31.225269517
6,2325.2,6,2325.4,13:01:31.225269517
6,2325.2,7,2325.4,13:01:31.225515488
5,2325.2,7,2325.4,13:01:31.233740212
5,2325.2,6,2325.4,13:01:31.473448406
5,2325.2,7,2325.4,13:01:31.498905501
4,2325.2,7,2325.4,13:01:32.045095309
3,2325.2,7,2325.4,13:01:32.045345417
4,2325.2,7,2325.4,13:01:32.045632722
5,2325.2,7,2325.4,13:01:32.045647292
6,2325.2,7,2325.4,13:01:32.347194788
5,2325.2,7,2325.4,13:01:33.220991300
5,2325.2,6,2325.4,13:01:35.014694389
6,2325.2,6,2325.4,13:01:35.014808811
6,2325.2,6,2325.4,13:01:36.790615124
6,2325.2,6,2325.4,13:01:37.592477105
5,2325.2,6,2325.4,13:01:37.887344013
5,2325.2,7,2325.4,13:01:37.890953202
5,2325.2,6,2325.4,13:01:37.906326210
5,2325.2,7,2325.4,13:01:38.117510217
5,2325.2,7,2325.4,13:01:38.189098834
5,2325.2,7,2325.4,13:01:38.516158193
5,2325.2,7,2325.4,13:01:38.681561138
5,2325.2,7,2325.4,13:01:38.922678619
5,2325.2,7,2325.4,13:01:38.963437677
6,2325.2,7,2325.4,13:01:39.852674156
6,2325.2,8,2325.4,13:01:40.326270206
5,2325.2,8,2325.4,13:01:40.326500521
4,2325.2,8,2325.4,13:01:40.394653012
4,2325.2,9,2325.4,13:01:40.394685752
3,2325.2,9,2325.4,13:01:40.394761293
3,2325.2,1,2325.3,13:01:40.394899759
3,2325.2,2,2325.3,13:01:40.394981326
3,2325.2,2,2325.3,13:01:40.395106874
2,2325.2,2,2325.3,13:01:40.395179190
2,2325.2,1,2325.3,13:01:40.395209154
2,2325.2,1,2325.3,13:01:40.395221187
9,2325.1,1,2325.3,13:01:40.395320440
9,2325.1,1,2325.3,13:01:40.395320440
9,2325.1,2,2325.3,13:01:40.395446587
9,2325.1,3,2325.3,13:01:40.395480991
9,2325.1,2,2325.3,13:01:40.395607511
9,2325.1,3,2325.3,13:01:40.395607511
8,2325.1,3,2325.3,13:01:40.395677248
1,2325.2,3,2325.3,13:01:40.395741434
1,2325.2,2,2325.3,13:01:40.395774590
1,2325.2,2,2325.3,13:01:40.395791119
2,2325.2,2,2325.3,13:01:40.395822085
2,2325.2,1,2325.3,13:01:40.395914509
2,2325.2,10,2325.4,13:01:40.395956866
2,2325.2,10,2325.4,13:01:40.395956866
1,2325.2,10,2325.4,13:01:40.396068061
2,2325.2,10,2325.4,13:01:40.396155452
3,2325.2,10,2325.4,13:01:40.396188192
3,2325.2,9,2325.4,13:01:40.396242808
4,2325.2,9,2325.4,13:01:40.396438767
4,2325.2,9,2325.4,13:01:40.397163777
4,2325.2,9,2325.4,13:01:40.397163777
4,2325.2,9,2325.4,13:01:40.398966827
4,2325.2,9,2325.4,13:01:40.398966827
4,2325.2,9,2325.4,13:01:40.407696052
3,2325.2,9,2325.4,13:01:40.444147999
3,2325.2,1,2325.3,13:01:40.444289361
2,2325.2,1,2325.3,13:01:40.444404881
2,2325.2,1,2325.3,13:01:40.444451423
1,2325.2,1,2325.3,13:01:40.444498316
10,2325.1,1,2325.3,13:01:40.444528624
10,2325.1,1,2325.3,13:01:40.444528624
1,2325.2,1,2325.3,13:01:40.445488989
2,2325.2,1,2325.3,13:01:40.445630723
3,2325.2,1,2325.3,13:01:40.445647776
3,2325.2,10,2325.4,13:01:40.445744613
3,2325.2,10,2325.4,13:01:40.445744613
4,2325.2,10,2325.4,13:01:40.445773600
4,2325.2,10,2325.4,13:01:40.445785335
4,2325.2,10,2325.4,13:01:40.445785335
4,2325.2,9,2325.4,13:01:40.445894204
4,2325.2,1,2325.3,13:01:40.445973024
4,2325.2,2,2325.3,13:01:40.446139405
3,2325.2,2,2325.3,13:01:40.446284826
3,2325.2,2,2325.3,13:01:40.447216819
3,2325.2,2,2325.3,13:01:40.447216819
3,2325.2,2,2325.3,13:01:40.448633635
3,2325.2,2,2325.3,13:01:40.448633635
2,2325.2,2,2325.3,13:01:40.452607315
1,2325.2,2,2325.3,13:01:40.455927183
1,2325.2,2,2325.3,13:01:40.456051934
10,2325.1,2,2325.3,13:01:40.456078565
10,2325.1,2,2325.3,13:01:40.456078565
9,2325.1,2,2325.3,13:01:40.456186065
9,2325.1,3,2325.3,13:01:40.456208319
8,2325.1,3,2325.3,13:01:40.456238370
8,2325.1,4,2325.3,13:01:40.456351684
8,2325.1,4,2325.3,13:01:40.456483713
8,2325.1,3,2325.3,13:01:40.456771548
6,2325.1,3,2325.3,13:01:40.458383591
7,2325.1,3,2325.3,13:01:40.459116716
7,2325.1,3,2325.3,13:01:40.538940978
7,2325.1,4,2325.3,13:01:40.627389430
6,2325.1,4,2325.3,13:01:40.627589847
5,2325.1,4,2325.3,13:01:40.627681878
5,2325.1,5,2325.3,13:01:40.627710403
4,2325.1,5,2325.3,13:01:40.627795711
3,2325.1,5,2325.3,13:01:40.627838109
3,2325.1,6,2325.3,13:01:40.627859568
1,2325.1,6,2325.3,13:01:40.627945905
2,2325.1,6,2325.3,13:01:40.627972165
2,2325.1,1,2325.2,13:01:40.628097400
2,2325.1,1,2325.2,13:01:40.628120744
2,2325.1,1,2325.2,13:01:40.628133667
2,2325.1,1,2325.2,13:01:40.628151145
3,2325.1,1,2325.2,13:01:40.628251390
3,2325.1,5,2325.3,13:01:40.629071490
3,2325.1,5,2325.3,13:01:40.629071490
3,2325.1,5,2325.3,13:01:40.629886505
3,2325.1,5,2325.3,13:01:40.629886505
3,2325.1,5,2325.3,13:01:40.630848070
3,2325.1,5,2325.3,13:01:40.632350651
3,2325.1,5,2325.3,13:01:40.632350651
3,2325.1,5,2325.3,13:01:40.634658518
3,2325.1,5,2325.3,13:01:40.636116218
3,2325.1,5,2325.3,13:01:40.637864810
3,2325.1,5,2325.3,13:01:41.005916358
3,2325.1,4,2325.3,13:01:41.006044555
3,2325.1,5,2325.3,13:01:41.264650116
3,2325.1,5,2325.3,13:01:41.264650116
3,2325.1,6,2325.3,13:01:41.326477638
3,2325.1,6,2325.3,13:01:41.326477638
3,2325.1,1,2325.2,13:01:43.161651350
3,2325.1,1,2325.2,13:01:43.161791383
3,2325.1,1,2325.2,13:01:43.163117563
3,2325.1,1,2325.2,13:01:43.163117563
3,2325.1,7,2325.3,13:01:43.163741239
2,2325.1,7,2325.3,13:01:43.163741239
2,2325.1,7,2325.3,13:01:43.163741239
2,2325.1,1,2325.2,13:01:43.163841698
1,2325.1,1,2325.2,13:01:43.163929834
1,2325.1,2,2325.2,13:01:43.163961707
1,2325.1,3,2325.2,13:01:43.164012486
9,2325.0,3,2325.2,13:01:43.164056967
9,2325.0,3,2325.2,13:01:43.164056967
8,2325.0,3,2325.2,13:01:43.164126511
8,2325.0,3,2325.2,13:01:43.164142265
8,2325.0,3,2325.2,13:01:43.164200205
8,2325.0,3,2325.2,13:01:43.164216513
7,2325.0,3,2325.2,13:01:43.164288935
7,2325.0,4,2325.2,13:01:43.164362608
7,2325.0,4,2325.2,13:01:43.165001261
7,2325.0,4,2325.2,13:01:43.165001261
7,2325.0,4,2325.2,13:01:43.166419972
7,2325.0,4,2325.2,13:01:43.166419972
7,2325.0,4,2325.2,13:01:43.174577297
7,2325.0,5,2325.2,13:01:43.326572165
7,2325.0,5,2325.2,13:01:43.326572165
7,2325.0,5,2325.2,13:01:43.326697441
7,2325.0,4,2325.2,13:01:43.407011184
7,2325.0,5,2325.2,13:01:43.407278524
9,2325.0,5,2325.2,13:01:43.410066072
7,2325.0,5,2325.2,13:01:43.412359333
7,2325.0,6,2325.2,13:01:44.407662404
7,2325.0,6,2325.2,13:01:44.407662404
7,2325.0,6,2325.2,13:01:44.418855161
7,2325.0,1,2325.1,13:01:44.603370497
7,2325.0,1,2325.1,13:01:44.603642536
7,2325.0,3,2325.1,13:01:44.603724320
6,2325.0,3,2325.1,13:01:44.603730534
5,2325.0,3,2325.1,13:01:44.603865484
4,2325.0,3,2325.1,13:01:44.603883078
3,2325.0,3,2325.1,13:01:44.604109531
2,2325.0,3,2325.1,13:01:44.604242231
1,2325.0,3,2325.1,13:01:44.604358198
1,2325.0,3,2325.1,13:01:44.604393191
1,2325.0,3,2325.1,13:01:44.604496783
1,2325.0,3,2325.1,13:01:44.604991136
1,2325.0,3,2325.1,13:01:44.604991136
1,2325.0,4,2325.1,13:01:44.605957433
8,2324.9,4,2325.1,13:01:44.606054891
8,2324.9,4,2325.1,13:01:44.606054891
8,2324.9,5,2325.1,13:01:44.606196049
7,2324.9,5,2325.1,13:01:44.606316017
7,2324.9,5,2325.1,13:01:44.606351582
7,2324.9,5,2325.1,13:01:44.606365368
7,2324.9,6,2325.1,13:01:44.606438080
6,2324.9,6,2325.1,13:01:44.606455699
5,2324.9,6,2325.1,13:01:44.621414090
5,2324.9,1,2325.0,13:01:44.621544133
4,2324.9,1,2325.0,13:01:44.621587011
4,2324.9,1,2325.0,13:01:44.621617442
4,2324.9,1,2325.0,13:01:44.621666508
4,2324.9,1,2325.0,13:01:44.621702503
4,2324.9,1,2325.0,13:01:44.621734628
4,2324.9,1,2325.0,13:01:44.623471918
4,2324.9,1,2325.0,13:01:44.623471918
4,2324.9,3,2325.0,13:01:44.630877107
4,2324.9,3,2325.0,13:01:44.631018303
3,2324.9,3,2325.0,13:01:44.664982536
1,2324.9,3,2325.0,13:01:44.665160274
20,2324.8,3,2325.0,13:01:44.665302821
20,2324.8,3,2325.0,13:01:44.665302821
20,2324.8,4,2325.0,13:01:44.665327455
20,2324.8,4,2325.0,13:01:44.665392170
20,2324.8,5,2325.0,13:01:44.665413204
20,2324.8,1,2324.9,13:01:44.665445931
20,2324.8,1,2324.9,13:01:44.665524973
20,2324.8,1,2324.9,13:01:44.665540503
20,2324.8,1,2324.9,13:01:44.665584984
20,2324.8,1,2324.9,13:01:44.665617247
20,2324.8,1,2324.9,13:01:44.665656493
20,2324.8,1,2324.9,13:01:44.665672083
20,2324.8,1,2324.9,13:01:44.665720792
20,2324.8,2,2324.9,13:01:44.665771419
20,2324.8,2,2324.9,13:01:44.665888020
20,2324.8,2,2324.9,13:01:44.666780522
20,2324.8,2,2324.9,13:01:44.666780522
20,2324.8,2,2324.9,13:01:44.675350864
20,2324.8,5,2324.9,13:01:45.008702078
20,2324.8,5,2324.9,13:01:45.008904789
19,2324.8,5,2324.9,13:01:45.008927135
17,2324.8,5,2324.9,13:01:45.105738376
17,2324.8,5,2324.9,13:01:45.105955567
16,2324.8,5,2324.9,13:01:45.156190823
15,2324.8,5,2324.9,13:01:45.156401019
13,2324.8,5,2324.9,13:01:45.156401019
13,2324.8,7,2324.9,13:01:45.156410462
11,2324.7,7,2324.9,13:01:45.156632870
11,2324.7,7,2324.9,13:01:45.156632870
11,2324.7,8,2324.9,13:01:45.156661433
11,2324.7,8,2324.9,13:01:45.156680218
11,2324.7,7,2324.9,13:01:45.156775752
11,2324.7,1,2324.8,13:01:45.156800454
10,2324.7,1,2324.8,13:01:45.156857771
10,2324.7,1,2324.8,13:01:45.156877490
10,2324.7,1,2324.8,13:01:45.156933391
10,2324.7,1,2324.8,13:01:45.157041876
9,2324.7,1,2324.8,13:01:45.157060033
9,2324.7,1,2324.8,13:01:45.157072594
9,2324.7,1,2324.8,13:01:45.157101564
9,2324.7,2,2324.8,13:01:45.157162237
9,2324.7,1,2324.8,13:01:45.157186590
8,2324.7,1,2324.8,13:01:45.157223570
8,2324.7,1,2324.8,13:01:45.157233996
8,2324.7,3,2324.8,13:01:45.157270847
8,2324.7,8,2324.9,13:01:45.157322776
12,2324.8,8,2324.9,13:01:45.157322776
12,2324.8,8,2324.9,13:01:45.157322776
13,2324.8,8,2324.9,13:01:45.157361656
13,2324.8,8,2324.9,13:01:45.157404025
13,2324.8,8,2324.9,13:01:45.157718015
13,2324.8,5,2324.9,13:01:45.157771869
13,2324.8,4,2324.9,13:01:45.157802173
13,2324.8,2,2324.9,13:01:45.157864123
13,2324.8,8,2325.0,13:01:45.158333970
13,2324.8,8,2325.0,13:01:45.158333970
1,2324.9,8,2325.0,13:01:45.158394969
1,2324.9,7,2325.0,13:01:45.158451898
13,2324.8,7,2325.0,13:01:45.158539299
13,2324.8,1,2324.9,13:01:45.158539299
13,2324.8,1,2324.9,13:01:45.158539299
13,2324.8,1,2324.9,13:01:45.158579447
13,2324.8,7,2325.0,13:01:45.158649698
13,2324.8,7,2325.0,13:01:45.158649698
13,2324.8,7,2325.0,13:01:45.158734890
13,2324.8,7,2325.0,13:01:45.158734890
13,2324.8,6,2325.0,13:01:45.158837871
13,2324.8,5,2325.0,13:01:45.158955851
13,2324.8,5,2325.0,13:01:45.158970088
14,2324.8,5,2325.0,13:01:45.158988188
14,2324.8,5,2325.0,13:01:45.159309049
14,2324.8,5,2325.0,13:01:45.160272182
14,2324.8,5,2325.0,13:01:45.160272182
14,2324.8,5,2325.0,13:01:45.161654351
14,2324.8,5,2325.0,13:01:45.161654351
14,2324.8,5,2325.0,13:01:45.176594827
13,2324.8,5,2325.0,13:01:45.241914346
13,2324.8,6,2325.0,13:01:45.241914346
13,2324.8,7,2325.0,13:01:45.242096278
13,2324.8,8,2325.0,13:01:45.242112909
13,2324.8,9,2325.0,13:01:45.325957840
13,2324.8,9,2325.0,13:01:45.325957840
13,2324.8,9,2325.0,13:01:46.139966713
13,2324.8,9,2325.0,13:01:46.795052068
14,2324.8,9,2325.0,13:01:46.859823332
14,2324.8,8,2325.0,13:01:46.859918327
1,2324.9,8,2325.0,13:01:46.859978314
2,2324.9,8,2325.0,13:01:46.860032619
2,2324.9,7,2325.0,13:01:46.860109485
2,2324.9,6,2325.0,13:01:46.860130625
2,2324.9,5,2325.0,13:01:46.860147614
2,2324.9,4,2325.0,13:01:46.860310743
2,2324.9,2,2325.0,13:01:46.861271256
3,2324.9,2,2325.0,13:01:46.861407307
4,2324.9,2,2325.0,13:01:46.861459593
4,2324.9,9,2325.1,13:01:46.861567319
4,2324.9,9,2325.1,13:01:46.861567319
5,2324.9,9,2325.1,13:01:46.861596731
7,2324.9,9,2325.1,13:01:46.861696007
7,2324.9,8,2325.1,13:01:46.861710743
2,2325.0,8,2325.1,13:01:46.861744280
3,2325.0,8,2325.1,13:01:46.861773890
3,2325.0,7,2325.1,13:01:46.861875041
3,2325.0,7,2325.1,13:01:46.861906914
3,2325.0,7,2325.1,13:01:46.861937247
3,2325.0,6,2325.1,13:01:46.861954735
3,2325.0,5,2325.1,13:01:46.861988672
1,2325.0,5,2325.1,13:01:46.862033376
1,2325.0,5,2325.1,13:01:46.862059354
7,2324.9,5,2325.1,13:01:46.862281328
7,2324.9,5,2325.1,13:01:46.862281328
7,2324.9,4,2325.1,13:01:46.862377646
7,2324.9,4,2325.1,13:01:46.864868823
7,2324.9,4,2325.1,13:01:46.864868823
7,2324.9,2,2325.1,13:01:46.875875927
7,2324.9,3,2325.1,13:01:47.140575856
7,2324.9,4,2325.1,13:01:47.140634503
7,2324.9,5,2325.1,13:01:47.140924189
7,2324.9,5,2325.1,13:01:47.283117411
7,2324.9,5,2325.1,13:01:47.284343387
7,2324.9,5,2325.1,13:01:47.284392355
15,2324.8,5,2325.1,13:01:47.444273199
15,2324.8,5,2325.1,13:01:47.444273199
15,2324.8,6,2325.1,13:01:47.444358797
15,2324.8,1,2325.0,13:01:47.444431736
15,2324.8,2,2325.0,13:01:47.444523943
15,2324.8,3,2325.0,13:01:47.444620144
15,2324.8,3,2325.0,13:01:47.444818772
15,2324.8,4,2325.0,13:01:47.445047230
15,2324.8,5,2325.0,13:01:47.445073385
15,2324.8,5,2325.0,13:01:47.445087747
15,2324.8,6,2325.0,13:01:47.445127562
14,2324.8,6,2325.0,13:01:47.445144849
14,2324.8,5,2325.0,13:01:47.445176075
14,2324.8,6,2325.0,13:01:47.445232985
14,2324.8,6,2325.0,13:01:47.445245823
14,2324.8,5,2325.0,13:01:47.445347486
1,2324.9,5,2325.0,13:01:47.445464330
1,2324.9,6,2325.0,13:01:47.445482542
14,2324.8,6,2325.0,13:01:47.445523909
14,2324.8,6,2325.0,13:01:47.445523909
14,2324.8,6,2325.0,13:01:47.445609098
14,2324.8,5,2325.0,13:01:47.445628881
14,2324.8,4,2325.0,13:01:47.445892553
14,2324.8,1,2324.9,13:01:47.445939347
14,2324.8,1,2324.9,13:01:47.446077514
14,2324.8,1,2324.9,13:01:47.446077514
14,2324.8,4,2325.0,13:01:47.446177321
14,2324.8,4,2325.0,13:01:47.446177321
1,2324.9,4,2325.0,13:01:47.446245101
2,2324.9,4,2325.0,13:01:47.446387104
3,2324.9,4,2325.0,13:01:47.446420139
2,2324.9,4,2325.0,13:01:47.446448142
2,2324.9,3,2325.0,13:01:47.446503801
1,2324.9,3,2325.0,13:01:47.446537113
1,2324.9,2,2325.0,13:01:47.446609400
1,2324.9,1,2325.0,13:01:47.446634776
1,2324.9,1,2325.0,13:01:47.446662434
1,2324.9,9,2325.1,13:01:47.446904282
1,2324.9,9,2325.1,13:01:47.446904282
2,2324.9,9,2325.1,13:01:47.447029245
2,2324.9,8,2325.1,13:01:47.447050036
3,2324.9,8,2325.1,13:01:47.447164563
3,2324.9,7,2325.1,13:01:47.447290822
3,2324.9,7,2325.1,13:01:47.447307359
3,2324.9,9,2325.1,13:01:47.448808535
3,2324.9,9,2325.1,13:01:47.449214595
3,2324.9,9,2325.1,13:01:47.449214595
3,2324.9,1,2325.0,13:01:47.450741719
3,2324.9,2,2325.0,13:01:47.450800227
3,2324.9,2,2325.0,13:01:47.450854836
2,2324.9,2,2325.0,13:01:47.450881393
14,2324.8,2,2325.0,13:01:47.450987702
14,2324.8,2,2325.0,13:01:47.450987702
14,2324.8,4,2324.9,13:01:47.451099011
4,2324.8,4,2324.9,13:01:47.451188144
3,2324.8,4,2324.9,13:01:47.451258533
3,2324.8,4,2324.9,13:01:47.451469376
5,2324.7,4,2324.9,13:01:47.452442275
12,2324.6,4,2324.9,13:01:47.452442275
14,2324.5,4,2324.9,13:01:47.452442275
9,2324.4,4,2324.9,13:01:47.452442275
3,2324.4,4,2324.9,13:01:47.452442275
3,2324.4,4,2324.9,13:01:47.452442275
3,2324.4,4,2324.9,13:01:47.452442275
3,2324.4,4,2324.9,13:01:47.452442275
3,2324.4,4,2324.9,13:01:47.452442275
3,2324.4,4,2324.9,13:01:47.452542019
3,2324.4,4,2324.9,13:01:47.452729898
3,2324.4,4,2324.9,13:01:47.452832584
3,2324.4,5,2324.9,13:01:47.452881609
3,2324.4,5,2324.9,13:01:47.452910150
3,2324.4,5,2324.9,13:01:47.452987374
3,2324.4,5,2324.9,13:01:47.453085533
3,2324.4,6,2324.9,13:01:47.453180931
3,2324.4,6,2324.9,13:01:47.453195045
3,2324.4,6,2324.9,13:01:47.453266112
3,2324.4,6,2324.9,13:01:47.453281069
3,2324.4,6,2324.9,13:01:47.453416570
3,2324.4,2,2324.9,13:01:47.453697754
3,2324.4,4,2324.9,13:01:47.453796107
3,2324.4,1,2324.8,13:01:47.453870854
3,2324.4,1,2324.8,13:01:47.454152579
3,2324.4,1,2324.8,13:01:47.454374262
3,2324.4,2,2324.8,13:01:47.454407522
3,2324.4,5,2324.8,13:01:47.454425025
3,2324.4,5,2324.8,13:01:47.454636816
3,2324.4,6,2324.8,13:01:47.455708536
3,2324.4,7,2324.8,13:01:47.456054386
3,2324.4,7,2324.8,13:01:47.456295195
3,2324.4,8,2324.8,13:01:47.456422257
3,2324.4,8,2324.8,13:01:47.456550774
3,2324.4,9,2324.8,13:01:47.456606017
3,2324.4,10,2324.8,13:01:47.456621306
3,2324.4,1,2324.7,13:01:47.456681508
3,2324.4,1,2324.7,13:01:47.456714825
3,2324.4,1,2324.7,13:01:47.456837685
2,2324.5,1,2324.7,13:01:47.456961268
3,2324.4,1,2324.7,13:01:47.456988822
3,2324.4,1,2324.7,13:01:47.456988822
3,2324.4,1,2324.7,13:01:47.457022480
3,2324.4,1,2324.7,13:01:47.457058227
3,2324.4,1,2324.7,13:01:47.457087866
3,2324.4,1,2324.7,13:01:47.457124648
3,2324.4,1,2324.7,13:01:47.457230593
3,2324.4,2,2324.7,13:01:47.457362279
3,2324.4,2,2324.7,13:01:47.457373943
3,2324.4,2,2324.7,13:01:47.457416135
2,2324.4,2,2324.7,13:01:47.457442898
2,2324.4,2,2324.7,13:01:47.457648377
2,2324.4,2,2324.7,13:01:47.457721489
2,2324.4,2,2324.7,13:01:47.457780012
3,2324.4,2,2324.7,13:01:47.457873879
3,2324.4,2,2324.7,13:01:47.457891681
7,2324.3,2,2324.7,13:01:47.458021172
7,2324.3,2,2324.7,13:01:47.458021172
7,2324.3,2,2324.7,13:01:47.458243378
7,2324.3,2,2324.7,13:01:47.458263394
7,2324.3,2,2324.7,13:01:47.458370161
7,2324.3,2,2324.7,13:01:47.458411099
5,2324.3,2,2324.7,13:01:47.458448086
5,2324.3,2,2324.7,13:01:47.458463167
1,2324.4,2,2324.7,13:01:47.458611196
5,2324.3,2,2324.7,13:01:47.458706718
5,2324.3,2,2324.7,13:01:47.458706718
5,2324.3,16,2324.8,13:01:47.458843473
5,2324.3,3,2324.8,13:01:47.458843473
5,2324.3,3,2324.8,13:01:47.458843473
5,2324.3,2,2324.8,13:01:47.458949700
1,2324.4,2,2324.8,13:01:47.458973008
1,2324.4,2,2324.8,13:01:47.458996780
1,2324.4,3,2324.8,13:01:47.459171275
5,2324.3,3,2324.8,13:01:47.459211989
5,2324.3,3,2324.8,13:01:47.459211989
5,2324.3,4,2324.8,13:01:47.459228598
5,2324.3,6,2324.8,13:01:47.459269901
5,2324.3,7,2324.8,13:01:47.459545330
5,2324.3,1,2324.7,13:01:47.459614199
5,2324.3,2,2324.7,13:01:47.459650795
5,2324.3,2,2324.7,13:01:47.459661416
4,2324.3,2,2324.7,13:01:47.459945422
4,2324.3,3,2324.7,13:01:47.460023180
4,2324.3,4,2324.7,13:01:47.460948795
4,2324.3,1,2324.6,13:01:47.460983570
4,2324.3,1,2324.6,13:01:47.461053044
4,2324.3,1,2324.6,13:01:47.461837057
4,2324.3,1,2324.6,13:01:47.461856631
4,2324.3,1,2324.6,13:01:47.461876293
4,2324.3,1,2324.6,13:01:47.461907337
4,2324.3,1,2324.6,13:01:47.461983181
4,2324.3,2,2324.6,13:01:47.462441184
4,2324.3,2,2324.6,13:01:47.462518526
4,2324.3,2,2324.6,13:01:47.462571033
4,2324.3,2,2324.6,13:01:47.462583487
4,2324.3,2,2324.6,13:01:47.462610381
4,2324.3,2,2324.6,13:01:47.462650718
4,2324.3,2,2324.6,13:01:47.462680619
4,2324.3,2,2324.6,13:01:47.462693214
4,2324.3,2,2324.6,13:01:47.462747187
4,2324.3,2,2324.6,13:01:47.462770026
4,2324.3,3,2324.6,13:01:47.462897478
2,2324.3,3,2324.6,13:01:47.463027932
6,2324.2,3,2324.6,13:01:47.463065414
6,2324.2,3,2324.6,13:01:47.463065414
6,2324.2,4,2324.6,13:01:47.463172091
1,2324.3,4,2324.6,13:01:47.463202053
6,2324.2,4,2324.6,13:01:47.463224483
6,2324.2,4,2324.6,13:01:47.463224483
6,2324.2,4,2324.6,13:01:47.463279316
6,2324.2,4,2324.6,13:01:47.463292510
6,2324.2,5,2324.6,13:01:47.463360835
6,2324.2,7,2324.6,13:01:47.463451009
6,2324.2,7,2324.6,13:01:47.463467159
1,2324.4,7,2324.6,13:01:47.463571373
1,2324.4,7,2324.6,13:01:47.463598048
1,2324.5,7,2324.6,13:01:47.463684054
1,2324.4,7,2324.6,13:01:47.463818113
6,2324.2,7,2324.6,13:01:47.463818113
6,2324.2,7,2324.6,13:01:47.463818113
6,2324.2,7,2324.6,13:01:47.463818113
1,2324.4,7,2324.6,13:01:47.463849938
6,2324.2,7,2324.6,13:01:47.463979653
6,2324.2,7,2324.6,13:01:47.463979653
6,2324.2,8,2324.6,13:01:47.464088900
6,2324.2,8,2324.6,13:01:47.464101121
3,2324.2,8,2324.6,13:01:47.464180252
3,2324.2,8,2324.6,13:01:47.464429617
2,2324.2,8,2324.6,13:01:47.464468991
1,2324.3,8,2324.6,13:01:47.464554407
1,2324.3,8,2324.6,13:01:47.464599538
2,2324.4,8,2324.6,13:01:47.464628319
2,2324.4,8,2324.6,13:01:47.464646079
4,2324.4,8,2324.6,13:01:47.464652393
5,2324.4,8,2324.6,13:01:47.464768285
4,2324.4,8,2324.6,13:01:47.464821814
5,2324.4,8,2324.6,13:01:47.464836400
5,2324.4,8,2324.6,13:01:47.464866205
5,2324.4,8,2324.6,13:01:47.464880241
5,2324.4,8,2324.6,13:01:47.464894234
5,2324.4,8,2324.6,13:01:47.464911111
5,2324.4,9,2324.6,13:01:47.465491575
5,2324.4,10,2324.6,13:01:47.466184420
4,2324.4,10,2324.6,13:01:47.466223516
4,2324.4,11,2324.6,13:01:47.466239286
4,2324.4,13,2324.6,13:01:47.466269354
4,2324.4,2,2324.5,13:01:47.466297619
4,2324.4,2,2324.5,13:01:47.466315271
4,2324.4,3,2324.5,13:01:47.466441549
3,2324.4,3,2324.5,13:01:47.466472065
3,2324.4,3,2324.5,13:01:47.466615223
3,2324.4,3,2324.5,13:01:47.466739935
3,2324.4,3,2324.5,13:01:47.466759126
3,2324.4,5,2324.5,13:01:47.466859631
3,2324.4,6,2324.5,13:01:47.466900851
3,2324.4,6,2324.5,13:01:47.466914028
1,2324.4,6,2324.5,13:01:47.466987348
1,2324.3,6,2324.5,13:01:47.467055775
2,2324.2,6,2324.5,13:01:47.467055775
2,2324.2,6,2324.5,13:01:47.467055775
2,2324.2,6,2324.5,13:01:47.467055775
2,2324.2,5,2324.5,13:01:47.467089363
2,2324.2,1,2324.4,13:01:47.467272640
2,2324.2,1,2324.4,13:01:47.467295525
2,2324.2,1,2324.4,13:01:47.467340358
2,2324.2,1,2324.4,13:01:47.467617794
2,2324.2,1,2324.4,13:01:47.467725508
2,2324.2,1,2324.4,13:01:47.467747646
2,2324.2,1,2324.4,13:01:47.467832377
1,2324.2,1,2324.4,13:01:47.467875024
2,2324.2,1,2324.4,13:01:47.467907409
2,2324.2,1,2324.4,13:01:47.467988009
1,2324.2,1,2324.4,13:01:47.468049479
1,2324.2,1,2324.4,13:01:47.468083323
1,2324.2,1,2324.4,13:01:47.468112555
9,2324.1,1,2324.4,13:01:47.468168230
9,2324.1,1,2324.4,13:01:47.468168230
9,2324.1,1,2324.4,13:01:47.468803241
9,2324.1,1,2324.4,13:01:47.468827959
9,2324.1,1,2324.4,13:01:47.468890632
9,2324.1,1,2324.4,13:01:47.469103382
9,2324.1,1,2324.4,13:01:47.469117913
9,2324.1,1,2324.4,13:01:47.469495108
9,2324.1,1,2324.4,13:01:47.469899113
9,2324.1,1,2324.4,13:01:47.470105991
9,2324.1,1,2324.4,13:01:47.470122679
9,2324.1,1,2324.4,13:01:47.470138532
9,2324.1,1,2324.4,13:01:47.470151320
6,2324.0,1,2324.4,13:01:47.470269271
6,2324.0,1,2324.4,13:01:47.470269271
6,2324.0,2,2324.4,13:01:47.470302955
6,2324.0,2,2324.4,13:01:47.470349128
6,2324.0,3,2324.4,13:01:47.470460936
6,2324.0,3,2324.4,13:01:47.470473099
6,2324.0,5,2324.4,13:01:47.470502546
6,2324.0,5,2324.4,13:01:47.470909802
6,2324.0,5,2324.4,13:01:47.470925866
6,2324.0,5,2324.4,13:01:47.471003740
6,2324.0,6,2324.4,13:01:47.471195894
6,2324.0,7,2324.4,13:01:47.471213811
1,2324.2,7,2324.4,13:01:47.471283112
1,2324.2,9,2324.4,13:01:47.471306302
2,2324.2,9,2324.4,13:01:47.471329557
6,2324.0,9,2324.4,13:01:47.471422955
6,2324.0,9,2324.4,13:01:47.471422955
6,2324.0,1,2324.3,13:01:47.471526041
6,2324.0,3,2324.3,13:01:47.471558836
6,2324.0,3,2324.3,13:01:47.471638911
6,2324.0,3,2324.3,13:01:47.471805576
6,2324.0,3,2324.3,13:01:47.471912808
6,2324.0,4,2324.3,13:01:47.471933989
5,2324.0,4,2324.3,13:01:47.471973680
5,2324.0,4,2324.3,13:01:47.471998195
4,2324.0,4,2324.3,13:01:47.472047898
4,2324.0,4,2324.3,13:01:47.472067764
4,2324.0,4,2324.3,13:01:47.472083099
4,2324.0,4,2324.3,13:01:47.472127443
4,2324.0,4,2324.3,13:01:47.472191741
4,2324.0,4,2324.3,13:01:47.472205585
4,2324.0,4,2324.3,13:01:47.472292076
4,2324.0,3,2324.3,13:01:47.473232675
4,2324.0,3,2324.3,13:01:47.473439286
4,2324.0,3,2324.3,13:01:47.473474263
4,2324.0,3,2324.3,13:01:47.474030539
4,2324.0,3,2324.3,13:01:47.474168821
4,2324.0,3,2324.3,13:01:47.474183228
4,2324.0,3,2324.3,13:01:47.474226621
4,2324.0,3,2324.3,13:01:47.474263355
1,2324.0,3,2324.3,13:01:47.474360322
6,2323.9,3,2324.3,13:01:47.474401546
6,2323.9,3,2324.3,13:01:47.474401546
6,2323.9,3,2324.3,13:01:47.474467333
6,2323.9,3,2324.3,13:01:47.474488770
6,2323.9,3,2324.3,13:01:47.474537792
7,2323.9,3,2324.3,13:01:47.474555786
7,2323.9,3,2324.3,13:01:47.474585533
7,2323.9,1,2324.2,13:01:47.474716310
7,2323.9,1,2324.2,13:01:47.474786696
7,2323.9,1,2324.2,13:01:47.474818405
6,2323.9,1,2324.2,13:01:47.474918014
6,2323.9,1,2324.2,13:01:47.474930498
6,2323.9,1,2324.2,13:01:47.474930498
6,2323.9,1,2324.2,13:01:47.475613737
6,2323.9,1,2324.2,13:01:47.475636614
5,2323.9,1,2324.2,13:01:47.475838388
5,2323.9,1,2324.2,13:01:47.475913007
5,2323.9,1,2324.2,13:01:47.475959254
5,2323.9,1,2324.2,13:01:47.476062415
5,2323.9,1,2324.2,13:01:47.476263337
5,2323.9,1,2324.2,13:01:47.476277821
5,2323.9,1,2324.2,13:01:47.476314529
5,2323.9,2,2324.2,13:01:47.476358859
5,2323.9,2,2324.2,13:01:47.476371874
5,2323.9,3,2324.2,13:01:47.476409349
5,2323.9,4,2324.2,13:01:47.476427439
5,2323.9,4,2324.2,13:01:47.476447507
5,2323.9,6,2324.2,13:01:47.476550220
5,2323.9,6,2324.2,13:01:47.476617319
5,2323.9,6,2324.2,13:01:47.476642391
1,2324.0,6,2324.2,13:01:47.476674919
1,2324.0,6,2324.2,13:01:47.476697339
5,2323.9,6,2324.2,13:01:47.476741571
5,2323.9,6,2324.2,13:01:47.476741571
2,2324.1,6,2324.2,13:01:47.476775664
2,2324.1,6,2324.2,13:01:47.476804660
4,2323.9,6,2324.2,13:01:47.476841845
4,2323.9,6,2324.2,13:01:47.476841845
4,2323.9,5,2324.2,13:01:47.476965018
3,2323.9,5,2324.2,13:01:47.476999358
3,2323.9,5,2324.2,13:01:47.477011042
3,2323.9,5,2324.2,13:01:47.477152107
3,2323.9,6,2324.2,13:01:47.477659973
3,2323.9,6,2324.2,13:01:47.477672975
3,2323.9,1,2324.1,13:01:47.477733897
3,2323.9,1,2324.1,13:01:47.477828623
2,2323.9,1,2324.1,13:01:47.478104142
2,2323.9,6,2324.2,13:01:47.478201229
2,2323.9,6,2324.2,13:01:47.478201229
2,2323.9,7,2324.2,13:01:47.478507171
2,2323.9,7,2324.2,13:01:47.478538643
1,2323.9,7,2324.2,13:01:47.478613720
10,2323.8,7,2324.2,13:01:47.478651739
10,2323.8,7,2324.2,13:01:47.478651739
10,2323.8,7,2324.2,13:01:47.478692010
1,2323.9,7,2324.2,13:01:47.478727047
10,2323.8,7,2324.2,13:01:47.478761314
10,2323.8,7,2324.2,13:01:47.478761314
10,2323.8,6,2324.2,13:01:47.478880215
10,2323.8,6,2324.2,13:01:47.478893441
10,2323.8,6,2324.2,13:01:47.478912894
10,2323.8,7,2324.2,13:01:47.478946578
10,2323.8,8,2324.2,13:01:47.478979065
10,2323.8,10,2324.2,13:01:47.479066564
10,2323.8,2,2324.1,13:01:47.479111234
10,2323.8,3,2324.1,13:01:47.479143603
10,2323.8,2,2324.1,13:01:47.479561630
10,2323.8,3,2324.1,13:01:47.479791212
10,2323.8,1,2324.0,13:01:47.480080886
10,2323.8,1,2324.0,13:01:47.480096790
10,2323.8,1,2324.0,13:01:47.480111741
10,2323.8,1,2324.0,13:01:47.480143959
10,2323.8,1,2324.0,13:01:47.480233458
10,2323.8,1,2324.0,13:01:47.480246774
10,2323.8,1,2324.0,13:01:47.480335828
10,2323.8,1,2324.0,13:01:47.480361609
10,2323.8,1,2324.0,13:01:47.480361609
10,2323.8,1,2324.0,13:01:47.480418826
10,2323.8,1,2324.0,13:01:47.480449133
10,2323.8,1,2324.0,13:01:47.480553906
10,2323.8,1,2324.0,13:01:47.480566169
10,2323.8,1,2324.0,13:01:47.480662117
1,2323.9,1,2324.0,13:01:47.480710088
10,2323.8,1,2324.0,13:01:47.480790013
10,2323.8,1,2324.0,13:01:47.480790013
10,2323.8,1,2324.0,13:01:47.481327836
9,2323.8,1,2324.0,13:01:47.481361042
9,2323.8,1,2324.0,13:01:47.481379645
9,2323.8,1,2324.0,13:01:47.481396432
9,2323.8,1,2324.0,13:01:47.481416599
9,2323.8,2,2324.0,13:01:47.481476206
9,2323.8,4,2324.0,13:01:47.481494562
9,2323.8,4,2324.0,13:01:47.481532624
9,2323.8,4,2324.0,13:01:47.481638021
9,2323.8,5,2324.0,13:01:47.481659110
9,2323.8,5,2324.0,13:01:47.481694838
9,2323.8,5,2324.0,13:01:47.481725460
9,2323.8,5,2324.0,13:01:47.481747882
9,2323.8,5,2324.0,13:01:47.481768849
8,2323.8,5,2324.0,13:01:47.481789167
8,2323.8,5,2324.0,13:01:47.481813442
8,2323.8,5,2324.0,13:01:47.481933259
2,2323.9,5,2324.0,13:01:47.482011420
2,2323.9,5,2324.0,13:01:47.482029575
8,2323.8,5,2324.0,13:01:47.482045153
8,2323.8,5,2324.0,13:01:47.482045153
8,2323.8,5,2324.0,13:01:47.482160902
1,2323.9,5,2324.0,13:01:47.482259288
8,2323.8,5,2324.0,13:01:47.482313350
29,2323.7,5,2324.0,13:01:47.482313350
29,2323.7,5,2324.0,13:01:47.482313350
29,2323.7,5,2324.0,13:01:47.482313350
29,2323.7,6,2324.0,13:01:47.482385748
1,2323.9,6,2324.0,13:01:47.482493875
1,2323.9,7,2324.0,13:01:47.482854590
1,2323.9,7,2324.0,13:01:47.482895800
1,2323.9,7,2324.0,13:01:47.482931644
1,2323.9,9,2324.0,13:01:47.482970912
28,2323.7,9,2324.0,13:01:47.483114800
28,2323.7,9,2324.0,13:01:47.483114800
28,2323.7,1,2323.9,13:01:47.483184202
28,2323.7,1,2323.9,13:01:47.483201697
28,2323.7,1,2323.9,13:01:47.483214872
28,2323.7,10,2324.0,13:01:47.483256623
28,2323.7,10,2324.0,13:01:47.483256623
28,2323.7,9,2324.0,13:01:47.483322234
28,2323.7,10,2324.0,13:01:47.483444594
28,2323.7,1,2323.9,13:01:47.483467104
28,2323.7,3,2323.9,13:01:47.483500970
28,2323.7,4,2323.9,13:01:47.483652042
28,2323.7,5,2323.9,13:01:47.483715590
28,2323.7,5,2323.9,13:01:47.483726236
28,2323.7,4,2323.9,13:01:47.483819998
28,2323.7,4,2323.9,13:01:47.483830187
28,2323.7,3,2323.9,13:01:47.483883324
28,2323.7,3,2323.9,13:01:47.483935338
28,2323.7,3,2323.9,13:01:47.483950071
28,2323.7,3,2323.9,13:01:47.483950071
28,2323.7,4,2323.9,13:01:47.484326357
28,2323.7,4,2323.9,13:01:47.484429340
28,2323.7,5,2323.9,13:01:47.484471298
28,2323.7,5,2323.9,13:01:47.484745581
28,2323.7,5,2323.9,13:01:47.484819083
1,2323.7,5,2323.9,13:01:47.484896550
2,2323.8,5,2323.9,13:01:47.484937412
2,2323.8,5,2323.9,13:01:47.484960420
2,2323.8,6,2323.9,13:01:47.484988281
2,2323.8,7,2323.9,13:01:47.485024515
2,2323.8,7,2323.9,13:01:47.485045178
2,2323.8,7,2323.9,13:01:47.485073671
2,2323.8,9,2323.9,13:01:47.485191343
2,2323.8,9,2323.9,13:01:47.485275611
2,2323.8,9,2323.9,13:01:47.485290667
1,2323.7,9,2323.9,13:01:47.485363219
1,2323.7,9,2323.9,13:01:47.485363219
1,2323.7,10,2323.9,13:01:47.485388429
1,2323.7,9,2323.9,13:01:47.485537156
1,2323.7,8,2323.9,13:01:47.485553162
1,2323.7,2,2323.8,13:01:47.485607073
1,2323.7,3,2323.8,13:01:47.486150499
1,2323.7,4,2323.8,13:01:47.486210429
1,2323.7,4,2323.8,13:01:47.486230606
1,2323.7,5,2323.8,13:01:47.486289238
1,2323.7,5,2323.8,13:01:47.486334384
5,2323.6,5,2323.8,13:01:47.486383758
5,2323.6,5,2323.8,13:01:47.486383758
5,2323.6,5,2323.8,13:01:47.486408453
4,2323.6,5,2323.8,13:01:47.486434312
4,2323.6,5,2323.8,13:01:47.486445762
4,2323.6,5,2323.8,13:01:47.486595464
4,2323.6,4,2323.8,13:01:47.486638294
4,2323.6,4,2323.8,13:01:47.486743259
4,2323.6,5,2323.8,13:01:47.486777245
4,2323.6,4,2323.8,13:01:47.486926022
4,2323.6,3,2323.8,13:01:47.486942771
1,2323.7,3,2323.8,13:01:47.486969302
1,2323.7,3,2323.8,13:01:47.487146202
1,2323.7,4,2323.8,13:01:47.487165841
1,2323.7,4,2323.8,13:01:47.487216949
1,2323.7,6,2323.8,13:01:47.487297767
1,2323.7,5,2323.8,13:01:47.487315211
4,2323.6,5,2323.8,13:01:47.487484539
4,2323.6,5,2323.8,13:01:47.487484539
4,2323.6,5,2323.8,13:01:47.487553231
4,2323.6,5,2323.8,13:01:47.487761037
4,2323.6,1,2323.7,13:01:47.487913740
4,2323.6,1,2323.7,13:01:47.487976216
4,2323.6,1,2323.7,13:01:47.488008934
4,2323.6,1,2323.7,13:01:47.488022278
4,2323.6,1,2323.7,13:01:47.488037878
5,2323.6,1,2323.7,13:01:47.488154437
5,2323.6,6,2323.8,13:01:47.488408592
5,2323.6,6,2323.8,13:01:47.488408592
5,2323.6,1,2323.7,13:01:47.488518636
5,2323.6,1,2323.7,13:01:47.488564307
5,2323.6,1,2323.7,13:01:47.488733214
4,2323.6,1,2323.7,13:01:47.488766791
4,2323.6,1,2323.7,13:01:47.488778382
4,2323.6,2,2323.7,13:01:47.488911885
5,2323.6,2,2323.7,13:01:47.489161606
5,2323.6,4,2323.8,13:01:47.489337808
5,2323.6,4,2323.8,13:01:47.489337808
1,2323.7,4,2323.8,13:01:47.489369046
1,2323.7,4,2323.8,13:01:47.489517802
5,2323.6,4,2323.8,13:01:47.489562523
5,2323.6,4,2323.8,13:01:47.489562523
5,2323.6,1,2323.7,13:01:47.489591313
5,2323.6,4,2323.8,13:01:47.489884308
5,2323.6,4,2323.8,13:01:47.489884308
1,2323.7,4,2323.8,13:01:47.490109097
1,2323.7,4,2323.8,13:01:47.490251874
2,2323.7,4,2323.8,13:01:47.490840023
2,2323.7,4,2323.8,13:01:47.490861115
3,2323.7,4,2323.8,13:01:47.490960237
3,2323.7,9,2323.9,13:01:47.491028255
3,2323.7,9,2323.9,13:01:47.491028255
1,2323.8,9,2323.9,13:01:47.491057567
1,2323.8,9,2323.9,13:01:47.491080918
2,2323.7,9,2323.9,13:01:47.491132542
2,2323.7,9,2323.9,13:01:47.491132542
1,2323.7,9,2323.9,13:01:47.491153348
1,2323.7,1,2323.8,13:01:47.491444371
1,2323.7,1,2323.8,13:01:47.491467326
2,2323.7,1,2323.8,13:01:47.491579501
3,2323.7,1,2323.8,13:01:47.491646625
3,2323.7,1,2323.8,13:01:47.491660140
4,2323.7,1,2323.8,13:01:47.491687260
4,2323.7,8,2323.9,13:01:47.491758794
4,2323.7,8,2323.9,13:01:47.491758794
5,2323.7,8,2323.9,13:01:47.491817934
5,2323.7,8,2323.9,13:01:47.491962661
1,2323.8,8,2323.9,13:01:47.492066915
1,2323.8,8,2323.9,13:01:47.492237063
4,2323.7,8,2323.9,13:01:47.492263374
4,2323.7,8,2323.9,13:01:47.492263374
5,2323.7,8,2323.9,13:01:47.492521839
1,2323.8,8,2323.9,13:01:47.492572138
1,2323.8,8,2323.9,13:01:47.492607496
1,2323.8,7,2323.9,13:01:47.492684009
1,2323.8,6,2323.9,13:01:47.492699492
1,2323.8,4,2323.9,13:01:47.492718202
1,2323.8,4,2323.9,13:01:47.492869063
1,2323.8,4,2323.9,13:01:47.493023757
1,2323.8,4,2323.9,13:01:47.493062295
1,2323.8,4,2323.9,13:01:47.493158089
2,2323.8,4,2323.9,13:01:47.493490672
2,2323.8,3,2323.9,13:01:47.493586063
4,2323.8,3,2323.9,13:01:47.493608402
4,2323.8,2,2323.9,13:01:47.493813139
4,2323.8,2,2323.9,13:01:47.493830932
4,2323.8,2,2323.9,13:01:47.493929196
4,2323.8,8,2324.0,13:01:47.493966890
4,2323.8,8,2324.0,13:01:47.493966890
4,2323.8,8,2324.0,13:01:47.494184334
2,2323.9,8,2324.0,13:01:47.494207429
2,2323.9,6,2324.0,13:01:47.494262342
3,2323.9,6,2324.0,13:01:47.494381276
3,2323.9,5,2324.0,13:01:47.494447562
3,2323.9,5,2324.0,13:01:47.494462951
3,2323.9,5,2324.0,13:01:47.494478689
2,2323.9,5,2324.0,13:01:47.494582061
1,2323.9,5,2324.0,13:01:47.494614352
1,2323.9,4,2324.0,13:01:47.494635050
5,2323.8,4,2324.0,13:01:47.494821303
5,2323.8,4,2324.0,13:01:47.494821303
5,2323.8,5,2324.0,13:01:47.495211244
4,2323.8,5,2324.0,13:01:47.495357043
5,2323.8,5,2324.0,13:01:47.503789234
5,2323.8,4,2324.0,13:01:47.503807369
5,2323.8,4,2324.0,13:01:47.504025242
5,2323.8,4,2324.0,13:01:47.504028449
5,2323.8,3,2324.0,13:01:47.504039505
5,2323.8,3,2324.0,13:01:47.504039505
5,2323.8,2,2324.0,13:01:47.504262364
5,2323.8,3,2324.0,13:01:47.504262364
1,2323.9,3,2324.0,13:01:47.504372295
2,2323.9,3,2324.0,13:01:47.504390540
1,2323.9,3,2324.0,13:01:47.504597202
1,2323.9,4,2324.0,13:01:47.504720418
1,2323.9,4,2324.0,13:01:47.504738111
1,2323.9,5,2324.0,13:01:47.504761472
1,2323.9,5,2324.0,13:01:47.504785917
1,2323.9,5,2324.0,13:01:47.504810119
1,2323.9,5,2324.0,13:01:47.504831847
1,2323.9,5,2324.0,13:01:47.504852075
4,2323.8,5,2324.0,13:01:47.504943299
4,2323.8,5,2324.0,13:01:47.504943299
4,2323.8,1,2323.9,13:01:47.505063724
4,2323.8,1,2323.9,13:01:47.505161573
2,2323.8,1,2323.9,13:01:47.505169621
2,2323.8,1,2323.9,13:01:47.505188114
2,2323.8,1,2323.9,13:01:47.505201996
2,2323.8,6,2324.0,13:01:47.505336827
2,2323.8,6,2324.0,13:01:47.505336827
3,2323.8,6,2324.0,13:01:47.505453594
4,2323.8,6,2324.0,13:01:47.505473550
6,2323.8,6,2324.0,13:01:47.505508872
6,2323.8,6,2324.0,13:01:47.505521308
5,2323.8,6,2324.0,13:01:47.509777992
3,2323.8,6,2324.0,13:01:47.509895777
3,2323.8,6,2324.0,13:01:47.509907370
3,2323.8,6,2324.0,13:01:47.510454032
3,2323.8,6,2324.0,13:01:47.514357313
3,2323.8,6,2324.0,13:01:47.520770543
3,2323.8,6,2324.0,13:01:47.520770543
4,2323.8,6,2324.0,13:01:47.524110961
1,2323.9,6,2324.0,13:01:47.524254266
1,2323.9,5,2324.0,13:01:47.524278651
1,2323.9,11,2324.1,13:01:47.524418011
1,2323.9,11,2324.1,13:01:47.524418011
1,2323.9,11,2324.1,13:01:47.524444335
1,2323.9,11,2324.1,13:01:47.524457058
3,2323.9,11,2324.1,13:01:47.524668045
4,2323.9,11,2324.1,13:01:47.524764920
1,2324.0,11,2324.1,13:01:47.524942002
1,2324.0,10,2324.1,13:01:47.524959712
1,2324.0,9,2324.1,13:01:47.524978522
1,2324.0,9,2324.1,13:01:47.524991923
4,2323.9,9,2324.1,13:01:47.525289155
4,2323.9,9,2324.1,13:01:47.525289155
4,2323.9,9,2324.1,13:01:47.525348379
4,2323.9,8,2324.1,13:01:47.525368401
4,2323.9,8,2324.1,13:01:47.526922939
4,2323.9,8,2324.1,13:01:47.526922939
4,2323.9,9,2324.1,13:01:47.527732363
4,2323.9,8,2324.1,13:01:47.528118012
4,2323.9,8,2324.1,13:01:47.532334619
4,2323.9,8,2324.1,13:01:47.532334619
4,2323.9,8,2324.1,13:01:47.534504848
4,2323.9,8,2324.1,13:01:47.534504848
4,2323.9,1,2324.0,13:01:47.534634715
4,2323.9,8,2324.1,13:01:47.535232427
4,2323.9,8,2324.1,13:01:47.535232427
4,2323.9,8,2324.1,13:01:47.535849153
4,2323.9,8,2324.1,13:01:47.535849153
4,2323.9,8,2324.1,13:01:47.537565082
4,2323.9,8,2324.1,13:01:47.537565082
4,2323.9,8,2324.1,13:01:47.538954397
4,2323.9,8,2324.1,13:01:47.538954397
5,2323.9,8,2324.1,13:01:47.540641749
5,2323.9,8,2324.1,13:01:47.540641749
5,2323.9,8,2324.1,13:01:47.546914905
5,2323.9,8,2324.1,13:01:47.546914905
5,2323.9,8,2324.1,13:01:47.547575277
5,2323.9,8,2324.1,13:01:47.547586634
5,2323.9,8,2324.1,13:01:47.547606759
5,2323.9,7,2324.1,13:01:47.550251058
1,2324.0,7,2324.1,13:01:47.550361073
3,2324.0,7,2324.1,13:01:47.550378354
3,2324.0,7,2324.1,13:01:47.550439514
3,2324.0,7,2324.1,13:01:47.550455517
2,2324.0,7,2324.1,13:01:47.550624266
2,2324.0,7,2324.1,13:01:47.550729743
2,2324.0,7,2324.1,13:01:47.550742787
2,2324.0,7,2324.1,13:01:47.550773667
2,2324.0,7,2324.1,13:01:47.550805041
2,2324.0,7,2324.1,13:01:47.552161257
5,2323.9,7,2324.1,13:01:47.561681720
5,2323.9,7,2324.1,13:01:47.561681720
5,2323.9,7,2324.1,13:01:47.561818610
