price,volume,timestamp
2324.9,1,13:00:00.478696996
2324.9,10,13:00:00.478904389
2325.0,1,13:00:02.230704817
2325.0,2,13:00:03.136210772
2324.8,1,13:00:03.157715646
2324.9,1,13:00:06.145356958
2325.0,1,13:00:10.890224871
2324.9,3,13:00:15.732853563
2325.0,1,13:00:16.156552353
2325.0,2,13:00:16.157170074
2325.0,3,13:00:16.157371167
2325.0,1,13:00:16.157406482
2325.0,1,13:00:16.157481786
2325.0,1,13:00:16.882586039
2325.2,5,13:00:19.756030611
2325.2,1,13:00:19.756281988
2325.2,1,13:00:19.757005930
2325.2,1,13:00:20.434887070
2325.2,2,13:00:21.117874489
2325.2,1,13:00:21.118104250
2325.2,1,13:00:21.118161823
2325.2,2,13:00:21.118582266
2325.2,1,13:00:21.253774613
2324.9,1,13:00:21.622270419
2325.1,9,13:00:21.622270419
2325.0,10,13:00:21.622270419
2325.1,1,13:00:21.624597126
2325.1,1,13:00:21.625068732
2325.2,6,13:00:21.625068732
2325.1,1,13:00:21.634661029
2325.2,1,13:00:24.596191397
2325.0,2,13:00:25.241510464
2325.0,2,13:00:25.242098633
2325.1,1,13:00:25.654629806
2325.0,1,13:00:26.893306291
2325.1,2,13:00:27.584704818
2325.1,2,13:00:27.625567757
2325.1,1,13:00:27.626319314
2325.1,1,13:00:27.676673481
2325.1,2,13:00:28.054885345
2325.2,2,13:00:28.096542281
2325.2,1,13:00:28.142417459
2325.0,5,13:00:39.403976384
2325.0,1,13:00:40.524382429
2325.0,1,13:00:42.713657318
2325.1,1,13:00:44.686266012
2325.0,1,13:00:46.405132538
2325.0,1,13:00:46.646130203
2325.0,1,13:00:47.505628326
2325.2,1,13:00:52.328813484
2325.2,1,13:00:52.328867631
2325.2,1,13:00:52.328919826
2325.1,1,13:00:58.571109500
2325.0,5,13:00:58.860976281
2325.1,1,13:01:10.109773554
2325.1,1,13:01:10.110169389
2325.1,1,13:01:10.110817290
2325.2,3,13:01:11.956794491
2325.2,2,13:01:11.956823244
2325.2,1,13:01:11.959547974
2325.2,1,13:01:11.959763684
2325.2,1,13:01:11.996699235
2325.2,4,13:01:12.537695607
2325.3,1,13:01:14.797733353
2325.2,1,13:01:14.797733353
2325.1,5,13:01:19.018940950
2325.1,1,13:01:19.019860812
2325.2,1,13:01:19.029654718
2325.1,4,13:01:19.389768633
2325.2,1,13:01:19.390407399
2325.3,1,13:01:22.857306341
2325.3,2,13:01:22.857373536
2325.2,7,13:01:23.821122522
2325.3,3,13:01:23.821122522
2325.3,1,13:01:23.821420881
2325.3,1,13:01:23.821479580
2325.2,1,13:01:23.821709961
2325.3,1,13:01:27.411095308
2325.3,1,13:01:40.395592881
2325.1,1,13:01:43.163733444
2325.2,1,13:01:43.407000196
2325.0,1,13:01:44.606043118
2324.9,1,13:01:44.621404206
2324.9,1,13:01:44.664970847
2324.9,2,13:01:44.665150623
2324.9,1,13:01:44.665272501
2324.8,2,13:01:45.105727934
2324.8,1,13:01:45.156181207
2324.8,1,13:01:45.156373191
2324.8,2,13:01:45.156401019
2324.8,13,13:01:45.156623327
2324.8,3,13:01:45.157279978
2324.9,3,13:01:45.157759718
2324.9,2,13:01:45.157864123
2324.9,2,13:01:45.158326805
2324.9,1,13:01:45.158501887
2324.9,1,13:01:45.158625025
2324.8,1,13:01:45.241902768
2325.0,2,13:01:46.861259234
2325.0,2,13:01:46.861558376
2325.0,2,13:01:46.862003764
2324.9,7,13:01:47.444262671
2325.0,1,13:01:47.445157556
2324.9,1,13:01:47.446169737
2324.9,2,13:01:47.450976099
2324.8,10,13:01:47.451176618
2324.8,3,13:01:47.452102499
2324.7,5,13:01:47.452102499
2324.6,2,13:01:47.452102499
2324.5,14,13:01:47.452114217
2324.6,11,13:01:47.452114217
2324.4,5,13:01:47.452114217
2324.4,1,13:01:47.452359221
2324.5,2,13:01:47.456988822
2324.4,3,13:01:47.457991388
2324.4,1,13:01:47.458183684
2324.3,2,13:01:47.458425097
2324.4,1,13:01:47.458675582
2324.7,2,13:01:47.458815600
2324.8,13,13:01:47.458815600
2324.8,1,13:01:47.458924668
2324.4,1,13:01:47.459178520
2324.3,1,13:01:47.459918554
2324.5,1,13:01:47.461931151
2324.5,1,13:01:47.462259136
2324.3,2,13:01:47.462997374
2324.3,2,13:01:47.463032889
2324.3,1,13:01:47.463224483
2324.5,1,13:01:47.463790555
2324.4,1,13:01:47.463790555
2324.4,1,13:01:47.463951665
2324.2,3,13:01:47.464157887
2324.2,1,13:01:47.464440562
2324.4,1,13:01:47.464800566
2324.4,1,13:01:47.466199775
2324.4,1,13:01:47.466449585
2324.4,2,13:01:47.466955416
2324.4,1,13:01:47.467026345
2324.3,1,13:01:47.467026345
2324.5,1,13:01:47.467089363
2324.2,1,13:01:47.467845408
2324.2,1,13:01:47.468021699
2324.2,1,13:01:47.468135657
2324.1,9,13:01:47.470231356
2324.2,2,13:01:47.471422955
2324.3,1,13:01:47.473206309
2324.0,3,13:01:47.474329176
2324.0,1,13:01:47.474376026
2324.0,1,13:01:47.476708924
2324.1,2,13:01:47.476813902
2324.2,1,13:01:47.476943543
2323.9,1,13:01:47.476972724
2323.9,1,13:01:47.478082817
2324.1,1,13:01:47.478175011
2323.9,1,13:01:47.478583025
2323.9,1,13:01:47.478626975
2323.9,1,13:01:47.478761314
2324.2,1,13:01:47.478860039
2324.1,1,13:01:47.479534849
2323.9,1,13:01:47.480761792
2323.8,1,13:01:47.481339014
2323.9,2,13:01:47.482045153
2323.8,8,13:01:47.482282075
2323.9,1,13:01:47.482282075
2323.9,1,13:01:47.483085980
2323.9,1,13:01:47.483232280
2324.0,1,13:01:47.483301767
2323.9,1,13:01:47.483798900
2323.7,27,13:01:47.484864358
2323.8,2,13:01:47.485332873
2323.9,1,13:01:47.485518378
2323.7,1,13:01:47.486351207
2323.8,1,13:01:47.486902780
2323.7,1,13:01:47.487454279
2323.7,2,13:01:47.489305990
2323.7,1,13:01:47.489534007
2323.7,1,13:01:47.489857665
2323.8,4,13:01:47.490996644
2323.7,1,13:01:47.491153348
2323.8,1,13:01:47.491728810
2323.9,1,13:01:47.492660099
2323.9,1,13:01:47.493787414
2323.9,2,13:01:47.493939411
2323.9,1,13:01:47.494569433
2323.9,1,13:01:47.494606852
2323.9,1,13:01:47.494813361
2324.0,1,13:01:47.504247359
2323.9,1,13:01:47.504589734
2323.9,1,13:01:47.504934999
2323.9,1,13:01:47.505329051
2324.0,5,13:01:47.524407505
2324.0,1,13:01:47.525259897
2324.1,1,13:01:47.528108188
2324.1,1,13:01:47.550240995
2324.0,1,13:01:47.550605687
2324.1,1,13:01:47.564930496
2324.1,1,13:01:47.565123915
2324.1,1,13:01:47.565165998
2324.1,3,13:01:47.565286893
2324.2,1,13:01:47.565805285
2324.1,1,13:01:47.566308204
2324.2,1,13:01:47.567978842
2324.3,1,13:01:47.571082198
2324.2,1,13:01:47.571845957
2324.2,1,13:01:47.572060825
2324.2,1,13:01:47.577852974
2324.3,1,13:01:47.583410161
2324.2,1,13:01:47.588262908
2324.3,3,13:01:47.590936539
2324.2,2,13:01:47.590936539
2324.2,2,13:01:47.591280325
2324.2,1,13:01:47.591699451
2324.3,1,13:01:47.593929607
2324.2,1,13:01:47.594461945
2324.3,1,13:01:47.599770467
2324.2,1,13:01:47.600334677
2324.2,1,13:01:47.600533913
2324.3,1,13:01:47.607640626
2324.2,1,13:01:47.610979602
2324.3,3,13:01:47.613407545
2324.4,1,13:01:47.620512465
2324.3,1,13:01:47.620999950
2324.2,1,13:01:47.628696732
2324.3,1,13:01:47.642700553
2324.2,2,13:01:47.650542929
2324.2,1,13:01:47.650834048
2324.3,1,13:01:47.655641325
2324.3,1,13:01:47.660396509
2324.2,2,13:01:47.661294822
2324.2,1,13:01:47.661546823
2324.3,1,13:01:47.662124336
2324.3,1,13:01:47.662661422
2324.3,1,13:01:47.663062550
2324.3,1,13:01:47.663495675
2324.4,1,13:01:47.663862630
2324.3,1,13:01:47.664165734
2324.4,1,13:01:47.664235898
2324.4,1,13:01:47.664638623
2324.4,1,13:01:47.670018303
2324.4,1,13:01:47.673286727
2324.4,1,13:01:47.690081279
2324.3,2,13:01:47.865134921
2324.3,1,13:01:47.897384948
2324.4,1,13:01:47.914399518
2324.4,1,13:01:47.914546334
2324.3,2,13:01:48.007217791
2324.3,3,13:01:48.007244927
2324.3,1,13:01:48.007418313
2324.3,1,13:01:48.007838357
2324.3,1,13:01:48.007880844
2324.2,1,13:01:48.113083891
2324.2,1,13:01:48.144119455
2324.2,4,13:01:48.144341760
2324.3,1,13:01:48.385772936
2324.3,2,13:01:48.422159457
2324.3,1,13:01:48.456460927
2324.4,3,13:01:48.485247544
2324.3,1,13:01:48.771092096
2324.3,1,13:01:49.163065136
2324.3,2,13:01:49.163285118
2324.2,2,13:01:49.460993850
2324.4,3,13:01:49.588741600
2324.4,1,13:01:49.589464172
2324.4,1,13:01:49.713472286
2324.3,4,13:01:49.872613072
2324.3,1,13:01:49.872665797
2324.2,1,13:01:49.992141686
2324.2,2,13:01:50.276335235
2324.2,2,13:01:50.276567566
2324.2,1,13:01:50.453262961
2324.3,3,13:01:50.455575250
2324.1,1,13:01:50.455707586
2324.2,1,13:01:50.456729366
2324.3,2,13:01:50.457849603
2324.3,3,13:01:50.458002701
2324.5,3,13:01:51.626228698
2324.8,2,13:01:51.626242661
2324.7,13,13:01:51.626242661
2324.6,12,13:01:51.626242661
2324.6,2,13:01:51.673241850
2324.6,2,13:01:51.710220287
2324.6,1,13:01:51.710697874
2324.5,2,13:01:52.489862494
2324.5,1,13:01:52.490548460
2324.5,8,13:01:52.490785738
2324.5,2,13:01:52.491475099
2324.4,1,13:01:52.491959477
2324.3,1,13:01:52.537821462
2324.4,1,13:01:52.538192433
2324.5,1,13:01:53.300158039
2324.5,3,13:01:54.923366753
2324.5,1,13:01:56.102772923
2324.4,1,13:01:56.303293675
2324.5,4,13:01:56.318951529
2324.6,1,13:01:56.374356689
2324.6,3,13:01:56.374614378
2324.5,2,13:01:57.737499710
2324.6,1,13:01:57.738055789
2324.6,1,13:01:57.743351197
2324.6,1,13:01:58.637699170
2324.3,2,13:02:00.020932066
2324.2,1,13:02:01.196853667
2324.3,1,13:02:01.518040541
2324.4,1,13:02:01.722223994
2324.4,1,13:02:03.305616339
2324.4,4,13:02:03.981578891
2324.4,1,13:02:03.982294772
2324.4,1,13:02:03.982984191
2324.4,1,13:02:04.641452715
2324.3,1,13:02:05.966584549
2324.5,1,13:02:06.090255475
2324.5,3,13:02:06.091053604
2324.4,3,13:02:07.745133655
2324.4,1,13:02:08.077636785
2324.5,2,13:02:08.832808870
2324.6,4,13:02:09.140242831
2324.6,2,13:02:10.964695851
2324.5,1,13:02:11.571601991
2324.6,1,13:02:12.147373387
2324.4,2,13:02:16.038922059
2324.5,1,13:02:16.694139757
2324.4,2,13:02:21.086316554
2324.4,1,13:02:21.213797629
2324.4,1,13:02:24.089378711
2324.4,1,13:02:24.089626713
2324.4,1,13:02:24.123480804
2324.4,1,13:02:24.925692206
2324.4,1,13:02:24.925889807
2324.4,2,13:02:24.925923440
2324.4,1,13:02:24.925991806
2324.5,5,13:02:29.046223998
2324.4,1,13:02:30.629164257
2324.5,3,13:02:31.169339479
2324.6,1,13:02:31.169339479
2324.6,2,13:02:33.506871816
2324.6,2,13:02:35.173796832
2324.6,2,13:02:35.184086351
2324.6,1,13:02:35.804176677
2324.7,4,13:02:37.669078136
2324.7,1,13:02:37.697586495
2324.6,1,13:02:38.281143343
2324.6,1,13:02:38.281289990
2324.5,1,13:02:40.248940050
2324.5,1,13:02:42.567260725
2324.5,1,13:02:42.567306412
2324.4,2,13:02:44.588666933
2324.2,1,13:02:46.308794044
2324.1,1,13:02:46.370838390
2324.0,1,13:02:46.370838390
2324.0,1,13:02:47.976457269
2324.0,1,13:02:47.976819126
2324.0,4,13:02:48.066649879
2324.1,1,13:02:49.280376761
2324.0,7,13:02:50.161255528
2323.9,2,13:02:50.161895934
2323.9,1,13:02:50.162397669
2323.9,2,13:02:50.163179733
2323.9,1,13:02:50.163782497
2323.9,1,13:02:50.164514278
2324.0,5,13:02:51.009013596
2324.0,2,13:02:51.009303567
2324.0,10,13:02:51.009561828
2324.0,1,13:02:51.009761384
2324.0,3,13:02:51.009861936
2323.9,3,13:02:51.488824992
2323.9,2,13:02:52.133205555
2323.9,1,13:02:52.133398989
2324.0,1,13:02:52.670520236
2324.0,1,13:02:53.026204105
2324.1,4,13:02:58.039485759
2324.2,1,13:02:58.395240721
2324.1,2,13:03:00.985705564
2324.2,1,13:03:08.943084289
2324.1,1,13:03:14.331316569
2324.1,1,13:03:14.698477690
2324.2,5,13:03:15.699393585
2324.1,1,13:03:21.106001575
2324.1,1,13:03:21.106248540
2324.1,1,13:03:24.762455687
2324.1,1,13:03:25.343779893
2324.0,1,13:03:28.749260016
2324.0,1,13:03:28.749667052
2324.1,1,13:03:30.084792455
2324.0,1,13:03:30.625538494
2324.0,1,13:03:30.638369560
2323.9,1,13:03:33.200878197
2324.0,2,13:03:34.871735118
2324.1,4,13:03:35.887836711
2323.9,2,13:03:38.752566374
2323.2,4,13:03:42.121076200
2323.6,7,13:03:42.121076200
2323.5,7,13:03:42.121076200
2323.4,10,13:03:42.121076200
2323.8,7,13:03:42.121076200
2323.7,8,13:03:42.121076200
2323.3,7,13:03:42.121076200
2323.2,1,13:03:42.121364638
2323.2,1,13:03:42.121375582
2323.3,1,13:03:42.123698735
2323.4,1,13:03:42.123752509
2323.3,1,13:03:42.123752509
2323.3,1,13:03:42.126196722
2323.4,1,13:03:42.126729002
2323.4,1,13:03:42.126991592
2323.3,1,13:03:42.127093326
2323.4,1,13:03:42.127699927
2323.4,1,13:03:42.127847910
2323.4,1,13:03:42.127885511
2323.5,2,13:03:42.129078303
2323.5,2,13:03:42.131497315
2323.5,1,13:03:42.131896305
2323.5,1,13:03:42.132050187
2323.5,1,13:03:42.132916755
2323.5,1,13:03:42.133012949
2323.5,1,13:03:42.133136937
2323.5,1,13:03:42.135473672
2323.5,1,13:03:42.135627071
2323.4,1,13:03:42.140007086
2323.5,1,13:03:42.145729700
2323.5,1,13:03:42.148627627
2323.7,5,13:03:42.191572564
2323.6,1,13:03:42.191572564
2323.6,1,13:03:42.192431647
2323.6,1,13:03:42.192476870
2323.6,1,13:03:42.193780349
2323.5,1,13:03:42.196994110
2323.5,5,13:03:42.214298941
2323.4,4,13:03:42.214298941
2323.5,1,13:03:42.214813534
2323.5,1,13:03:42.214848261
2323.5,1,13:03:42.214907561
2323.5,1,13:03:42.215033655
2323.6,2,13:03:42.215720237
2323.6,1,13:03:42.281952659
2323.6,2,13:03:42.306424054
2323.7,1,13:03:42.493914045
2323.7,3,13:03:43.210631528
2323.7,1,13:03:43.235245133
2323.6,7,13:03:43.380326689
2323.6,1,13:03:43.474557080
2323.7,1,13:03:44.277344562
2323.6,1,13:03:44.277745079
2323.6,1,13:03:44.277933230
2323.6,1,13:03:44.277975522
2323.7,5,13:03:45.008374960
2323.6,9,13:03:45.264678628
2323.5,1,13:03:45.264678628
2323.6,1,13:03:46.722601804
2323.6,1,13:03:46.722778340
2323.6,2,13:03:47.186787332
2323.6,1,13:03:47.187224368
2323.6,1,13:03:47.187340456
2323.6,1,13:03:47.979969350
2323.6,1,13:03:49.785390054
2323.7,5,13:03:54.607067384
2323.7,1,13:03:54.607278278
2323.6,9,13:03:57.304905342
2323.5,1,13:03:57.304905342
2323.5,1,13:04:00.386836680
2323.6,1,13:04:03.766236331
2323.6,1,13:04:03.820594134
2323.6,1,13:04:03.827633664
2323.6,1,13:04:06.327625724
2323.5,1,13:04:09.746301894
2323.7,3,13:04:12.191139027
2323.7,1,13:04:18.079061278
2323.8,17,13:04:18.540833412
2323.8,2,13:04:18.540876120
2323.9,2,13:04:20.302932210
2323.9,1,13:04:20.303194966
2323.8,5,13:04:20.303537645
2323.7,1,13:04:20.645692518
2323.8,2,13:04:21.793321153
2323.8,2,13:04:21.793848159
2323.7,2,13:04:22.094741231
2323.9,2,13:04:24.187870571
2323.8,1,13:04:27.437528744
2323.7,1,13:04:27.437636157
2323.7,2,13:04:27.528490662
2323.7,1,13:04:27.528873582
2323.6,1,13:04:29.685578014
2323.6,6,13:04:30.705727984
2323.6,1,13:04:30.705850598
2323.5,1,13:04:34.201790899
2323.5,1,13:04:35.145799890
2323.6,2,13:04:38.549695265
2323.5,2,13:04:39.396386682
2323.6,1,13:04:41.381831579
2323.7,3,13:04:41.421809260
2323.7,1,13:04:41.422213060
2323.9,1,13:04:41.458066556
2323.8,3,13:04:41.458066556
2323.8,1,13:04:41.499390459
2323.9,1,13:04:41.532898659
2324.0,2,13:04:41.592630500
2323.9,6,13:04:41.592630500
2323.9,1,13:04:41.594703114
2324.0,1,13:04:41.621002920
2324.0,1,13:04:41.664766949
2324.0,2,13:04:42.841012760
2323.9,1,13:04:43.072310094
2324.0,3,13:04:46.331139139
2324.0,2,13:04:46.331331038
2324.0,2,13:04:46.351276779
2324.0,1,13:04:46.351498263
2323.9,1,13:04:48.368579111
2323.9,1,13:04:49.458912850
2324.0,1,13:04:49.656690572
2324.0,1,13:04:49.656716358
2324.0,1,13:04:49.656772871
2324.1,1,13:04:52.400816189
2324.1,2,13:04:52.401195045
2324.1,1,13:04:52.402264721
2324.2,2,13:04:52.403984007
2324.1,1,13:04:52.426077200
2324.0,1,13:04:54.969342757
2324.0,2,13:04:56.404818806
2324.0,1,13:04:56.404880660
2324.1,1,13:04:57.677134532
2324.0,1,13:05:00.512384738
2324.0,1,13:05:00.512658420
2324.1,1,13:05:01.227700070
2324.1,4,13:05:01.228238858
2324.1,1,13:05:01.252463894
2324.2,1,13:05:01.783458245
2324.1,1,13:05:01.783458245
2324.2,1,13:05:02.383223778
2324.2,2,13:05:04.639915558
2324.2,1,13:05:04.640772235
2324.1,1,13:05:04.643178210
2324.2,1,13:05:04.646216166
2324.2,1,13:05:04.646786507
2324.2,1,13:05:04.647282523
2324.2,2,13:05:05.304779497
2324.3,2,13:05:05.426832279
2324.3,2,13:05:05.427035016
2324.3,1,13:05:05.427072402
2324.3,2,13:05:05.427163940
2324.3,2,13:05:05.427206632
2324.4,3,13:05:09.437402420
2324.5,2,13:05:09.437518045
2324.4,3,13:05:09.438319338
2324.4,1,13:05:11.446968750
2324.4,1,13:05:11.447400288
2324.4,1,13:05:12.485467222
2324.5,1,13:05:12.512433490
2324.5,1,13:05:13.603435902
2324.5,2,13:05:13.603714675
2324.5,1,13:05:13.604089854
2324.5,1,13:05:13.704074410
2324.5,1,13:05:15.057629373
2324.6,2,13:05:16.421795804
2324.6,1,13:05:16.520379979
2324.5,4,13:05:18.224802588
2324.5,2,13:05:18.224927687
2324.5,1,13:05:18.224998353
2324.4,5,13:05:18.239533487
2324.3,1,13:05:18.842076219
2324.3,2,13:05:18.842565269
2324.3,2,13:05:18.851136667
2324.5,1,13:05:21.591889300
2324.5,1,13:05:21.592200065
2324.5,1,13:05:23.255572872
2324.5,1,13:05:24.504332590
2324.5,2,13:05:24.546042930
2324.4,2,13:05:24.771803947
2324.4,3,13:05:24.772115882
2324.4,1,13:05:24.812793409
2324.5,2,13:05:24.812793409
2324.5,1,13:05:24.855432721
2324.4,1,13:05:24.868532982
2324.5,3,13:05:24.912555998
2324.3,2,13:05:25.238119588
2324.3,3,13:05:25.238431127
2324.2,10,13:05:25.239262475
2324.1,2,13:05:25.252937054
2324.0,3,13:05:25.264655862
2324.0,1,13:05:25.264685985
2324.1,2,13:05:25.276699196
2324.1,1,13:05:25.277212007
2324.2,1,13:05:25.295710683
2324.3,1,13:05:25.854488551
2324.2,1,13:05:28.378465322
2324.3,1,13:05:29.735775523
2324.4,1,13:05:32.663116833
2324.4,1,13:05:33.155600704
2324.4,1,13:05:33.498543781
2324.4,1,13:05:33.769399058
2324.5,1,13:05:34.414933746
2324.4,1,13:05:36.136867071
2324.4,1,13:05:36.137121700
2324.4,1,13:05:36.156997364
2324.3,2,13:05:36.157047218
2324.3,1,13:05:40.057357404
2324.2,1,13:05:42.123655365
2324.2,1,13:05:42.123910090
2324.1,1,13:05:42.129721474
2324.1,1,13:05:45.542496069
2324.1,1,13:05:45.542528783
2324.1,1,13:05:45.542854985
2324.1,1,13:05:45.543053799
2324.1,1,13:05:47.442604369
2324.1,1,13:05:48.330561272
2324.1,1,13:05:48.349806004
2324.1,1,13:05:48.350020979
2324.0,3,13:05:48.422683635
2324.0,3,13:05:48.422950469
2324.0,7,13:05:48.423039459
2324.1,4,13:05:48.527240936
2324.0,1,13:05:48.527240936
2324.0,1,13:05:48.528177300
2323.9,4,13:05:48.528819092
2323.8,1,13:05:50.052804982
2323.8,2,13:05:50.068397206
2323.7,1,13:05:51.490041857
2323.6,1,13:05:56.711459004
2323.6,1,13:05:59.694927208
2323.7,3,13:06:00.755662965
2323.7,1,13:06:00.756478697
2323.7,1,13:06:00.756847646
2323.6,3,13:06:04.490032464
2323.6,1,13:06:05.291228460
2323.6,1,13:06:07.592685950
2323.6,1,13:06:15.369999310
2323.6,1,13:06:15.370910928
2323.7,1,13:06:18.935100861
2323.7,3,13:06:20.665787668
2323.8,1,13:06:22.417663457
2323.6,1,13:06:25.054390741
2323.7,3,13:06:27.247574844
2323.7,2,13:06:27.247953723
2323.6,1,13:06:34.661684939
2323.6,1,13:06:34.662408566
2323.5,2,13:06:35.318574796
2323.4,3,13:06:38.114083638
2323.4,2,13:06:42.951270714
2323.4,1,13:06:45.267163079
2323.4,1,13:06:47.956217030
2323.4,1,13:06:50.296654359
2323.3,1,13:06:51.873835809
2323.3,1,13:06:52.239574854
2323.2,1,13:06:53.037598009
2323.2,3,13:06:53.054500690
2323.1,1,13:06:53.067497660
2323.1,1,13:06:53.067504777
2323.1,1,13:06:53.068022099
2323.1,1,13:06:53.068056062
2323.1,3,13:06:53.068082699
2323.1,13,13:06:53.068258091
2323.1,1,13:06:53.070431146
2323.0,1,13:06:53.403025060
2322.7,2,13:06:53.403044168
2322.5,11,13:06:53.403044168
2322.6,11,13:06:53.403044168
2322.7,8,13:06:53.403044168
2322.9,8,13:06:53.403044168
2323.0,1,13:06:53.403044168
2323.0,3,13:06:53.403044168
2322.8,7,13:06:53.403044168
2322.5,5,13:06:53.403527871
2322.9,1,13:06:53.406061589
2322.9,1,13:06:53.406720383
2322.9,3,13:06:53.409077310
2322.8,1,13:06:53.409077310
2322.9,1,13:06:53.409441810
2322.8,1,13:06:53.410186468
2322.9,2,13:06:53.410457037
2322.9,2,13:06:53.411459457
2322.9,4,13:06:53.411578019
2322.8,1,13:06:53.412283102
2323.0,3,13:06:53.413294060
2323.0,2,13:06:53.413584738
2323.0,1,13:06:53.414031051
2323.0,1,13:06:53.415334037
2323.0,1,13:06:53.415559437
2323.0,4,13:06:53.416212900
2323.0,1,13:06:53.416436437
2323.0,5,13:06:53.473679744
2322.9,1,13:06:53.682687441
2323.0,1,13:06:53.687308709
2323.0,2,13:06:53.687558582
2323.0,1,13:06:53.736457987
2322.9,1,13:06:53.782275263
2323.0,1,13:06:54.008684795
2323.0,1,13:06:54.008902201
2323.0,1,13:06:54.042835315
2323.0,1,13:06:54.043060894
2323.0,1,13:06:54.043121730
2322.9,1,13:06:54.362794514
2323.1,2,13:06:54.363033176
2323.0,1,13:06:54.454434312
2323.0,1,13:06:54.595723452
2323.0,1,13:06:54.596073088
2323.0,1,13:06:54.596328309
2323.1,1,13:06:55.096311969
2323.1,3,13:06:55.096579228
2323.0,1,13:06:55.243675993
2323.0,1,13:06:55.335933075
2323.0,1,13:06:55.384493082
2323.2,1,13:06:57.872713790
2323.2,4,13:06:57.872978595
2323.2,1,13:06:57.873085746
2323.2,2,13:06:57.873226620
2323.2,1,13:06:58.227994076
2323.3,1,13:06:58.681944219
2323.3,3,13:06:59.494068603
2323.2,1,13:06:59.594980944
2323.2,1,13:06:59.595373012
2323.2,1,13:06:59.635510245
2323.1,5,13:07:00.496825407
2323.1,5,13:07:00.497410065
2323.2,1,13:07:00.499261015
2323.3,4,13:07:00.985980919
2323.3,1,13:07:00.987086154
2323.3,1,13:07:01.013439184
2323.2,1,13:07:01.606290711
2323.3,1,13:07:04.572552076
2323.2,1,13:07:10.124834650
2323.2,1,13:07:12.720364753
2323.3,2,13:07:13.011003175
2323.4,1,13:07:20.085915464
2323.4,4,13:07:20.086176352
2323.4,1,13:07:20.497842606
2323.4,1,13:07:20.835353489
2323.4,3,13:07:21.992027149
2323.5,2,13:07:24.397643210
2323.6,3,13:07:27.148541587
2323.6,1,13:07:27.148669126
2323.6,5,13:07:27.148756101
2323.7,1,13:07:27.152236804
2323.8,1,13:07:27.152243774
2323.8,1,13:07:27.474873121
2323.8,1,13:07:33.561686276
2323.8,1,13:07:33.600181315
2323.8,2,13:07:35.627629936
2323.9,2,13:07:36.926304300
2324.0,6,13:07:42.175505836
2324.0,1,13:07:42.426589787
2324.0,1,13:07:42.715232565
2323.9,1,13:07:45.841475665
2324.0,1,13:07:46.392030391
2324.0,1,13:07:46.392459465
2324.1,2,13:07:47.362205808
2324.0,1,13:07:51.387245697
2324.1,7,13:07:58.800423548
2324.1,1,13:07:58.800902479
2324.1,2,13:07:58.801490615
2324.1,1,13:07:58.802052745
2324.1,1,13:08:01.857935187
2324.2,1,13:08:01.876059727
2324.4,3,13:08:04.308362829
2324.4,1,13:08:06.317218606
2324.5,1,13:08:07.670762872
2324.5,1,13:08:08.694377229
2324.5,2,13:08:10.641545923
2324.4,4,13:08:10.641545923
2324.6,1,13:08:10.643073890
2324.7,5,13:08:10.652210214
2324.7,1,13:08:10.652226823
2324.7,7,13:08:10.652461122
2324.7,1,13:08:10.652624907
2324.6,1,13:08:11.018994530
2324.6,1,13:08:11.233182024
2324.4,1,13:08:12.115083258
2324.5,5,13:08:12.115083258
2324.6,1,13:08:12.117163255
2324.6,1,13:08:12.117938010
2324.5,1,13:08:13.983552341
2324.4,5,13:08:13.983552341
2324.6,2,13:08:14.036520151
2324.5,1,13:08:14.036966886
2324.6,3,13:08:15.157741147
2324.4,1,13:08:17.966586963
2324.3,1,13:08:19.073033558
2324.4,1,13:08:19.073467093
2324.4,1,13:08:19.073922158
2324.4,2,13:08:20.625703912
2324.3,3,13:08:20.987865490
2324.3,2,13:08:20.988223623
2324.4,3,13:08:22.546817229
2324.3,1,13:08:22.547605604
2324.2,2,13:08:22.593091702
2324.3,2,13:08:24.867131569
2324.4,1,13:08:26.809424596
2324.2,1,13:08:34.231687581
2324.1,1,13:08:34.338306283
2324.3,1,13:08:41.539100339
2324.4,1,13:08:42.552236276
2324.3,1,13:08:43.761022190
2324.4,1,13:08:43.933088652
2324.5,1,13:08:45.428026318
2324.4,1,13:08:45.442653124
2324.4,1,13:08:46.534437398
2324.5,1,13:08:53.985224619
2324.6,1,13:08:56.419932373
2324.5,1,13:08:57.090378410
2324.6,5,13:08:57.364784501
2324.6,2,13:08:57.365141146
2324.6,3,13:08:57.365326095
2324.5,1,13:08:59.890294341
2324.5,1,13:08:59.890619154
2324.4,1,13:09:03.802924175
2324.4,2,13:09:05.711162607
2324.2,1,13:09:10.748581927
2324.2,1,13:09:10.748970898
2324.2,1,13:09:14.578278227
2324.1,3,13:09:15.090740891
2324.1,2,13:09:16.233494312
2324.1,1,13:09:18.944525141
2324.0,3,13:09:20.625908802
2323.9,1,13:09:23.426547071
2324.0,1,13:09:28.305618139
2324.1,1,13:09:28.305937889
2324.1,1,13:09:28.306002765
2324.0,3,13:09:29.326109594
2323.9,1,13:09:30.963946689
2323.8,1,13:09:31.345636203
2323.9,4,13:09:32.378705900
2324.1,1,13:09:40.007992485
2324.1,1,13:09:46.340828998
2324.1,1,13:09:56.224291437
2324.0,2,13:09:57.318932582
2324.1,1,13:09:58.413607327
2324.1,1,13:09:58.413979347
2324.0,3,13:09:58.414332051
2323.9,1,13:09:58.612313285
2323.9,1,13:10:00.041274035
2323.8,1,13:10:00.220635178
2323.8,1,13:10:01.062458650
2323.8,1,13:10:02.451896876
2323.7,1,13:10:03.205004366
2323.6,1,13:10:03.205017918
2323.7,1,13:10:03.806188600
2323.6,1,13:10:12.019680316
2323.7,1,13:10:14.182548070
2323.8,1,13:10:18.235111633
2323.7,6,13:10:18.235111633
2323.8,3,13:10:18.236813166
2323.8,2,13:10:18.239224689
2323.8,3,13:10:19.050970334
2323.7,1,13:10:19.051097313
2323.8,1,13:10:19.051444754
2323.7,2,13:10:21.944288754
2324.0,1,13:10:22.288316196
2324.0,1,13:10:22.872391092
2324.0,1,13:10:24.258070546
2324.0,2,13:10:24.258313947
2323.9,1,13:10:24.298716859
2323.9,1,13:10:24.298778651
2323.9,1,13:10:24.298804777
2323.9,1,13:10:24.298939375
2323.9,1,13:10:24.298980601
2323.9,4,13:10:24.299023662
2323.9,1,13:10:24.343722925
2323.9,2,13:10:24.344434438
2323.9,1,13:10:24.473595035
2323.9,1,13:10:24.474783033
2323.9,1,13:10:24.474987386
2323.8,2,13:10:24.860430047
2323.8,3,13:10:24.860667719
2323.8,3,13:10:24.860762472
2323.8,2,13:10:24.861209935
2323.9,4,13:10:33.478959070
2323.9,1,13:10:33.684122375
2324.0,1,13:10:34.095951743
2323.8,1,13:10:36.408491912
2323.8,3,13:10:43.464744708
2323.7,1,13:10:43.466733532
2323.7,1,13:10:43.538293338
2323.7,1,13:10:50.442123639
2323.7,1,13:10:57.595226072
2323.8,4,13:10:59.043755515
2323.7,1,13:10:59.132214089
2323.8,2,13:10:59.836114485
2323.8,2,13:10:59.836342899
2323.8,2,13:10:59.836616184
2323.7,2,13:11:00.991858693
2323.8,1,13:11:04.602252671
2323.8,3,13:11:04.602530609
2323.7,1,13:11:05.615163908
2323.6,1,13:11:12.963211675
2323.6,1,13:11:12.963250415
2323.6,2,13:11:12.963323927
2323.5,1,13:11:16.050074059
2323.6,1,13:11:17.237517941
2323.4,1,13:11:18.550105286
2323.3,1,13:11:18.569257989
2323.4,5,13:11:18.618061179
2323.4,2,13:11:18.618345308
2323.5,2,13:11:20.053332632
2323.6,3,13:11:23.231078305
2323.5,2,13:11:25.116373261
2323.6,1,13:11:35.506472388
2323.7,1,13:11:35.638852943
2323.8,1,13:11:35.658893305
2323.9,1,13:11:35.878444193
2323.7,1,13:11:39.699622247
2323.8,1,13:11:39.700019634
2323.8,1,13:11:39.700072838
2323.9,1,13:11:40.112127541
2323.9,1,13:11:40.878315077
2324.0,3,13:11:45.282867541
2324.0,1,13:11:45.291665971
2324.0,1,13:11:45.291904639
2324.1,5,13:11:46.682117592
2324.1,5,13:11:47.732121088
2324.2,5,13:11:49.015873865
2324.2,5,13:11:50.014472710
2324.1,5,13:11:50.034551834
2324.0,1,13:11:50.693982242
2324.2,8,13:11:53.566397473
2324.2,2,13:11:53.567406718
2324.2,1,13:11:53.567465071
2324.2,1,13:11:53.581284703
2324.3,10,13:11:54.782008178
2324.2,3,13:11:54.820550147
2324.1,1,13:11:54.826087596
2324.0,4,13:11:54.916769735
2324.0,5,13:11:57.922583992
2323.9,3,13:12:00.007268643
2323.8,1,13:12:00.098921364
2323.8,4,13:12:04.025716860
2323.7,2,13:12:04.027501725
2323.8,6,13:12:04.975557238
2323.7,2,13:12:04.975670489
2323.7,1,13:12:10.801475354
2323.7,1,13:12:12.841309208
2323.5,1,13:12:14.555298188
2323.7,1,13:12:15.393175223
2323.7,1,13:12:24.000463773
2323.6,4,13:12:24.007763769
2323.6,1,13:12:30.871594504
2323.6,1,13:12:30.885756055
2323.6,2,13:12:30.886036487
2323.6,1,13:12:30.886081902
2323.7,1,13:12:30.969822831
2323.6,2,13:12:30.971066049
2323.6,1,13:12:31.332531739
2323.6,1,13:12:31.695362740
2323.5,3,13:12:35.145202606
2323.6,2,13:12:36.133238024
2323.5,1,13:12:45.120891443
2323.4,1,13:12:45.330086760
2323.5,1,13:12:46.045178243
2323.6,1,13:12:46.066604916
2323.7,1,13:12:47.312926401
2323.7,1,13:12:47.313280306
2323.8,2,13:12:47.756747241
2323.9,2,13:12:47.795255790
2323.7,3,13:12:47.819640740
2323.7,1,13:12:52.165035434
2323.6,2,13:12:56.045955309
2323.7,3,13:12:57.940377670
2323.6,1,13:12:57.941854836
2323.7,1,13:13:06.831371793
2323.7,1,13:13:09.066855377
2323.7,1,13:13:10.641076854
2323.7,1,13:13:11.114025348
2323.7,1,13:13:11.535897809
2323.5,1,13:13:18.183790275
2323.4,1,13:13:36.022101331
2323.4,1,13:13:36.022369957
2323.4,1,13:13:36.023162549
2323.4,1,13:13:36.023430641
2323.5,2,13:13:36.445569683
2323.3,1,13:13:45.768901146
2323.2,1,13:13:45.877303917
2323.1,1,13:13:46.216264453
2323.0,1,13:13:47.975202208
2323.0,1,13:13:47.975401181
2323.0,1,13:13:47.975596232
2323.1,1,13:13:49.539579178
2323.1,1,13:13:50.226233835
2323.1,1,13:13:54.150941903
2323.1,1,13:13:54.152827372
2323.1,1,13:13:55.659222366
2323.1,1,13:13:55.659730155
2323.1,1,13:13:57.909620094
2323.1,1,13:13:57.911937631
2323.2,4,13:13:59.339590525
2323.1,1,13:13:59.340402853
2323.2,1,13:13:59.933513446
2323.0,1,13:14:02.692007742
2322.9,1,13:14:03.286057221
2323.0,1,13:14:03.900999209
2323.0,1,13:14:05.655479100
2322.9,3,13:14:05.693709410
2323.0,1,13:14:08.064394172
2322.9,3,13:14:26.182788800
2322.9,1,13:14:26.211460606
2323.0,5,13:14:27.491407184
2323.0,5,13:14:27.492250606
2323.1,8,13:14:39.522208113
2323.1,2,13:14:39.523015897
2323.1,1,13:14:39.824920669
2323.1,1,13:14:39.826071368
2323.1,1,13:14:40.206778202
2323.0,1,13:14:41.266931882
2323.0,7,13:14:42.019970816
2323.0,1,13:14:42.020775062
2323.1,1,13:14:44.737628297
2323.1,1,13:14:44.737706223
2323.2,3,13:14:45.788840242
2323.1,1,13:14:45.789332694
2323.1,2,13:14:45.789444180
2323.1,2,13:14:45.789756773
2323.1,1,13:14:48.961959577
2323.1,1,13:14:48.962924777
2323.0,4,13:14:52.499098544
2322.9,3,13:14:52.501658023
2322.9,2,13:14:52.501831773
2322.9,3,13:14:52.859056230
2323.0,19,13:14:52.912440322
2323.1,1,13:14:53.133515220
2323.2,1,13:14:53.175631670
2323.2,1,13:14:53.310011669
2323.2,1,13:14:53.545186558
2323.3,1,13:14:55.328245859
2323.2,1,13:14:56.688638717
2323.2,1,13:14:56.688690740
2323.2,1,13:14:56.689218575
2323.1,4,13:14:56.689451881
2323.2,1,13:14:56.842011284
2323.2,1,13:14:56.843165819
2323.2,1,13:14:56.853085395
2323.2,1,13:15:00.027540087
2323.2,1,13:15:00.028723567
2323.3,1,13:15:00.136714932
2323.2,1,13:15:00.303530366
2323.2,1,13:15:00.304499908
2323.3,4,13:15:00.447060362
2323.3,3,13:15:03.007974471
2323.3,1,13:15:04.399746265
2323.2,4,13:15:08.132586785
2323.2,1,13:15:08.133345985
2323.3,1,13:15:08.583704126
2323.3,1,13:15:08.583926821
2323.4,1,13:15:08.942018818
2323.4,2,13:15:09.909404755
2323.4,2,13:15:10.264182017
2323.4,3,13:15:10.264418402
2323.5,1,13:15:10.887823115
2323.3,4,13:15:11.240400208
2323.3,1,13:15:13.132743542
2323.3,1,13:15:13.133057634
2323.3,2,13:15:17.489329064
2323.3,1,13:15:23.426776114
2323.4,4,13:15:38.835307383
2323.4,1,13:15:38.836745973
2323.4,2,13:15:38.837284445
2323.4,1,13:15:38.837320333
2323.4,1,13:15:38.837511521
2323.4,1,13:15:38.837993300
2323.5,7,13:15:39.511291516
2323.4,4,13:15:39.513802340
2323.4,1,13:15:39.513906957
2323.4,1,13:15:39.514343040
2323.5,1,13:15:39.547231669
2323.3,1,13:15:42.064573984
2323.4,3,13:15:42.112620456
2323.4,1,13:15:43.844127464
2323.3,1,13:15:43.845635437
2323.3,1,13:15:43.845973940
2323.3,1,13:15:44.356307467
2323.3,1,13:15:44.356393973
2323.2,2,13:15:49.167624510
2323.2,1,13:15:49.167758852
2323.2,1,13:15:49.167793262
2323.2,2,13:15:49.167911066
2323.2,1,13:15:49.183747548
2323.1,1,13:15:50.689450214
2323.1,1,13:15:50.689483267
2323.1,2,13:15:50.689562153
2322.9,2,13:16:00.356316423
2322.9,1,13:16:00.357294566
2322.8,4,13:16:00.604288728
2322.8,1,13:16:00.955658489
2322.8,4,13:16:00.956003590
2322.8,1,13:16:00.980795017
2322.9,1,13:16:01.085842692
2322.9,1,13:16:02.262105660
2322.8,1,13:16:15.232525393
2322.9,1,13:16:15.699191911
2322.8,1,13:16:20.647409746
2322.8,1,13:16:20.648158817
2322.8,1,13:16:27.324769442
2322.7,1,13:16:27.407437976
2322.7,1,13:16:27.407710350
2322.7,2,13:16:27.407772498
2322.6,1,13:16:28.739856829
2322.6,1,13:16:32.540911261
2322.6,2,13:16:32.601332743
2322.5,1,13:16:41.234023436
2322.5,4,13:16:41.234037181
2322.6,4,13:16:41.692231966
2322.6,1,13:16:41.718109353
2322.6,1,13:16:41.718382965
2322.7,3,13:16:43.020419152
2322.7,1,13:16:43.021322278
2322.6,4,13:16:52.731156118
2322.6,2,13:16:53.085414376
2322.6,1,13:16:53.085620335
2322.6,1,13:16:53.086029877
2322.6,1,13:16:53.185668475
2322.7,2,13:16:55.064367352
2322.7,2,13:16:55.064391755
2322.7,2,13:16:55.064581769
2322.7,3,13:16:55.064643213
2322.7,2,13:16:55.064711813
2322.7,1,13:16:55.064711813
2322.7,1,13:16:55.064759238
2322.7,2,13:16:55.064790451
2322.8,1,13:16:55.308912887
2322.8,1,13:16:55.309310543
2322.9,1,13:16:56.497113720
2322.8,1,13:17:00.372392422
2322.8,2,13:17:00.373730086
2322.9,1,13:17:01.559883485
2322.8,2,13:17:01.872424130
2322.9,2,13:17:08.181333732
2323.0,2,13:17:08.234353587
2322.9,1,13:17:11.447216253
2322.9,1,13:17:11.447431806
2323.0,1,13:17:11.776084652
2323.0,4,13:17:16.028245422
2322.9,2,13:17:16.039856946
2322.8,1,13:17:19.352389272
2322.8,1,13:17:19.359450662
2322.8,1,13:17:19.359841444
2322.8,2,13:17:21.730369160
2322.7,1,13:17:23.667140252
2322.7,2,13:17:23.667368993
2322.7,2,13:17:23.667495578
2322.6,1,13:17:23.668955101
2322.5,1,13:17:25.051635788
2322.6,1,13:17:26.921675002
2322.7,1,13:17:28.080831068
2322.6,1,13:17:28.702391355
2322.6,1,13:17:28.705544112
2322.5,2,13:17:29.140412711
2322.5,1,13:17:29.195016739
2322.5,1,13:17:29.195410494
2322.6,1,13:17:30.114681859
2322.7,1,13:17:31.287858491
2322.6,1,13:17:31.748579690
2322.6,2,13:17:31.748759082
2322.6,1,13:17:31.748823093
2322.6,2,13:17:32.190407046
2322.6,1,13:17:32.365573329
2322.6,2,13:17:32.495894059
2322.7,1,13:17:32.496108354
2322.7,3,13:17:32.496213309
2322.7,1,13:17:32.496297008
2322.7,3,13:17:32.496504541
2322.7,1,13:17:32.496560606
2322.7,2,13:17:32.496624504
2322.7,1,13:17:32.601754838
2322.8,1,13:17:34.928976966
2322.8,6,13:17:39.012988394
2322.9,7,13:17:39.012988394
2323.0,5,13:17:39.012988394
2322.7,2,13:17:39.012988394
2322.8,1,13:17:39.016033284
2322.8,1,13:17:39.016073531
2322.8,1,13:17:39.016211515
2322.8,1,13:17:39.212711481
2322.8,1,13:17:39.229095762
2322.8,2,13:17:40.042653863
2322.8,2,13:17:40.058292907
2322.8,1,13:17:40.058320888
2322.8,1,13:17:40.058376492
2322.8,1,13:17:40.058441422
2322.9,1,13:17:40.284012439
2322.8,2,13:17:42.496493078
2322.2,8,13:17:44.636960416
2322.7,4,13:17:44.636960416
2322.6,8,13:17:44.636960416
2322.4,11,13:17:44.636960416
2322.5,7,13:17:44.636960416
2322.3,12,13:17:44.636960416
2322.2,1,13:17:44.637192360
2322.5,1,13:17:44.639833706
2322.5,1,13:17:44.642036070
2322.5,1,13:17:44.642078637
2322.5,1,13:17:44.644848847
2322.6,3,13:17:44.646323461
2322.6,2,13:17:44.646538894
2322.6,1,13:17:44.649019315
2322.6,1,13:17:44.661850725
2322.6,1,13:17:44.671972125
2322.5,1,13:17:44.905852395
2322.5,1,13:17:44.934088371
2322.5,3,13:17:44.948315171
2322.7,8,13:17:45.689459605
2322.6,3,13:17:45.689459605
2322.8,9,13:17:45.689459605
2322.8,1,13:17:45.690806275
2322.8,1,13:17:45.691175729
2322.7,1,13:17:45.691886998
2322.7,1,13:17:45.693506771
2322.7,1,13:17:45.693571329
2322.7,1,13:17:51.902148803
2322.8,6,13:17:59.051364890
2322.7,1,13:18:03.311578358
2322.7,2,13:18:08.062600167
2322.8,1,13:18:09.610164453
2322.7,1,13:18:18.159756034
2322.8,1,13:18:18.419162083
2322.8,3,13:18:19.804197717
2322.8,1,13:18:19.804266460
2322.8,1,13:18:19.804546898
2322.8,1,13:18:19.804677249
2322.8,1,13:18:19.823066764
2322.8,1,13:18:24.041149466
2322.8,2,13:18:24.041396626
2322.8,1,13:18:24.041430991
2322.8,1,13:18:24.070887961
2322.8,1,13:18:25.016351260
2322.8,2,13:18:25.020376539
2322.8,1,13:18:25.046336642
2322.8,1,13:18:25.046535528
2322.8,1,13:18:25.046572731
2322.8,1,13:18:25.046609383
2322.8,1,13:18:25.653147733
2322.8,1,13:18:25.653340370
2322.8,1,13:18:25.653384272
2322.8,2,13:18:25.653489397
2322.8,4,13:18:25.653587617
2322.8,1,13:18:25.653800191
2322.8,1,13:18:25.653856937
2322.8,1,13:18:25.654099461
2322.7,1,13:18:26.939605277
2322.7,1,13:18:26.939739037
2322.7,1,13:18:26.939939707
2322.7,2,13:18:26.940009350
2322.8,10,13:18:27.831638586
2322.9,1,13:18:37.357057495
2323.0,3,13:18:38.640346441
2323.0,1,13:18:38.640918398
2323.0,2,13:18:38.640998451
2322.9,1,13:18:41.763353714
2323.0,10,13:18:43.791230140
2323.0,25,13:18:45.350732882
2323.0,3,13:18:45.533049328
2323.0,1,13:18:45.533378739
2323.0,2,13:18:45.536487790
2323.0,1,13:18:45.536690313
2323.0,1,13:18:45.536730569
2322.9,1,13:18:46.781519177
2322.9,1,13:18:50.030618138
2323.0,1,13:18:50.774169273
2323.0,1,13:18:52.585323869
2322.8,9,13:18:54.461424454
2322.8,3,13:18:54.461841385
2322.7,2,13:18:55.655854450
2322.7,2,13:18:55.656199868
2322.7,1,13:18:55.656282795
2322.6,4,13:18:55.661784899
2322.6,4,13:18:55.662369857
2322.5,3,13:18:55.722670467
2322.4,1,13:18:55.727196670
2322.4,3,13:18:55.727283495
2322.4,2,13:18:55.727689195
2322.5,1,13:18:55.988910121
2322.5,1,13:18:55.989160549
2322.4,4,13:18:57.359102421
2322.2,2,13:19:01.331327533
2322.3,4,13:19:01.331327533
2322.4,3,13:19:03.230830603
2322.3,1,13:19:03.270938827
2322.4,1,13:19:03.271456143
2322.4,1,13:19:03.271862330
2322.4,1,13:19:03.271989225
2322.3,7,13:19:03.591221451
2322.2,4,13:19:03.591221451
2322.2,1,13:19:03.592283252
2322.3,1,13:19:03.592733287
2322.3,1,13:19:03.592872563
2322.4,3,13:19:03.603498792
2322.4,1,13:19:03.706999529
2322.3,6,13:19:05.648563309
2322.4,3,13:19:05.652122529
2322.5,5,13:19:29.256041479
2322.5,2,13:19:30.033005018
2322.5,2,13:19:30.037934379
2322.4,2,13:19:30.496363203
2322.5,1,13:19:30.786312631
2322.4,1,13:19:32.734366475
2322.5,1,13:19:36.419165580
2322.6,1,13:19:39.421799989
2322.6,1,13:19:39.789061610
2322.5,1,13:19:48.810118331
2322.5,1,13:19:48.810148722
2322.5,1,13:19:48.810247923
2322.4,1,13:19:52.048957091
2322.4,1,13:19:56.314365793
2322.3,1,13:19:59.052774111
2322.3,2,13:19:59.072665240
2322.3,1,13:19:59.073111783
2322.2,1,13:20:00.034110069
2322.3,1,13:20:03.768236883
2322.3,1,13:20:03.768711377
2322.3,1,13:20:03.796142892
2322.0,7,13:20:04.360988764
2322.1,10,13:20:04.360988764
2322.2,7,13:20:04.360988764
2322.0,1,13:20:04.361051630
2322.0,1,13:20:04.361060123
2322.0,1,13:20:04.361068328
2322.2,3,13:20:04.363453252
2322.3,2,13:20:04.364294982
2322.2,1,13:20:04.364725586
2322.2,1,13:20:04.364920437
2322.2,2,13:20:04.365119626
2322.3,1,13:20:04.482220436
2322.3,1,13:20:04.482608584
2322.3,1,13:20:04.482664671
2322.2,1,13:20:04.696901038
2322.3,2,13:20:05.256068104
2322.4,2,13:20:06.810599620
2322.3,1,13:20:08.463690246
2322.3,1,13:20:11.266129549
2322.4,5,13:20:11.864588005
2322.4,1,13:20:11.865081676
2322.4,1,13:20:11.865953881
2322.4,2,13:20:11.867106687
2322.4,1,13:20:13.839981421
2322.4,1,13:20:19.890881096
2322.3,1,13:20:20.656120822
2322.3,1,13:20:20.656519227
2322.3,1,13:20:21.441017572
2322.2,2,13:20:22.607207864
2322.1,1,13:20:23.040683528
2322.1,1,13:20:23.041292545
2322.2,4,13:20:24.109885127
2322.2,1,13:20:24.330707631
2322.1,4,13:20:24.380013820
2322.2,1,13:20:25.321850468
2322.1,1,13:20:25.438420113
2322.2,1,13:20:26.800957583
2322.2,3,13:20:26.801550596
2322.3,1,13:20:30.069848240
2322.2,1,13:20:30.131473173
2322.2,1,13:20:31.806179847
2322.2,1,13:20:34.592042947
2322.2,1,13:20:36.110769798
2322.2,1,13:20:36.377828876
2322.4,10,13:20:38.133184451
2322.3,6,13:20:38.133184451
2322.4,5,13:20:43.225219894
2322.4,2,13:20:43.225495844
2322.4,1,13:20:43.367265873
2322.5,1,13:20:48.702018502
2322.4,1,13:20:50.399160733
2322.5,1,13:20:54.689178524
2322.6,10,13:20:57.552806931
2322.5,7,13:20:57.552806931
2322.6,1,13:20:57.554855878
2322.6,1,13:20:57.555215888
2322.7,1,13:20:57.776241472
2322.7,6,13:20:57.776578455
2322.7,1,13:20:57.777441050
2322.7,1,13:20:57.777857796
2322.6,1,13:20:58.075671593
2322.7,1,13:21:01.382736296
2322.7,1,13:21:01.906390068
2322.6,1,13:21:01.906868794
2322.6,1,13:21:04.302506276
2322.6,4,13:21:06.809070718
2322.6,1,13:21:06.809367994
2322.5,3,13:21:08.381494070
2322.5,1,13:21:08.382105302
2322.5,2,13:21:08.383147028
2322.6,1,13:21:08.428798919
2322.5,3,13:21:14.287054984
2322.5,1,13:21:14.288564291
2322.5,2,13:21:16.381156175
2322.6,4,13:21:16.682601224
2322.6,1,13:21:17.725362258
2322.6,1,13:21:17.773121561
2322.5,1,13:21:19.117421177
2322.4,1,13:21:28.946581979
2322.4,1,13:21:31.390666578
2322.4,1,13:21:36.257483188
2322.4,1,13:21:36.257515354
2322.4,2,13:21:36.257722597
2322.4,1,13:21:36.258545084
2322.4,1,13:21:36.494685451
2322.4,1,13:21:36.820133144
2322.4,1,13:21:37.183799131
2322.4,2,13:21:37.184243156
2322.4,1,13:21:38.323924170
2322.4,1,13:21:41.186146857
2322.4,1,13:21:42.172979223
2322.3,1,13:21:42.187495315
2322.3,4,13:21:43.288175456
2322.3,1,13:21:46.048199983
2322.3,1,13:21:46.048701250
2322.4,1,13:21:48.055763174
2322.4,2,13:21:48.056076358
2322.4,2,13:21:48.056159168
2322.5,7,13:21:49.182198926
2322.5,1,13:21:49.823330116
2322.5,1,13:21:49.824597441
2322.4,1,13:21:52.798545331
2322.4,1,13:21:53.926663373
2322.5,1,13:21:54.530967994
2322.5,2,13:21:56.499293989
2322.5,3,13:21:56.499549152
2322.5,1,13:21:56.499985913
2322.5,2,13:21:56.500230715
2322.6,2,13:21:57.025389675
2322.6,3,13:21:57.025783304
2322.7,3,13:21:58.870685829
2322.7,2,13:21:58.870767297
2322.6,1,13:21:59.607457271
2322.7,1,13:21:59.965163349
2322.8,1,13:21:59.976768110
2322.7,2,13:21:59.977210878
2322.7,1,13:21:59.977254149
2322.7,1,13:21:59.977512228
2322.7,1,13:22:02.992668380
2322.7,2,13:22:02.993004960
2322.6,1,13:22:03.550109463
2322.7,1,13:22:03.579279703
2322.7,1,13:22:05.102164470
2322.7,1,13:22:06.406288608
2322.7,3,13:22:06.580478135
2322.8,1,13:22:07.827457702
2322.8,1,13:22:08.262305113
2322.7,1,13:22:09.199766383
2322.7,1,13:22:10.255407432
2322.7,3,13:22:14.566393894
2322.7,2,13:22:16.881009312
2322.7,2,13:22:16.881049239
2322.7,1,13:22:17.830142301
2322.8,10,13:22:18.154860003
2322.8,1,13:22:18.271940546
2322.7,1,13:22:19.177680057
2322.7,1,13:22:19.177929003
2322.7,1,13:22:19.919378072
2322.7,1,13:22:22.299454099
2322.6,1,13:22:23.019361517
2322.6,1,13:22:25.108527801
2322.6,2,13:22:28.223114558
2322.6,1,13:22:28.248100883
2322.6,5,13:22:29.748413330
2322.5,1,13:22:30.343755809
2322.6,1,13:22:31.444400236
2322.4,2,13:22:32.637983427
2322.5,1,13:22:34.074985797
2322.5,1,13:22:37.249908207
2322.4,3,13:22:39.173551465
2322.5,1,13:22:39.369684913
2322.5,1,13:22:39.391680381
2322.6,1,13:22:40.721825995
2322.5,4,13:22:40.721825995
2322.5,1,13:22:41.680511836
2322.4,2,13:22:44.391041877
2322.4,1,13:22:44.393534318
2322.4,2,13:22:44.414831980
2322.4,1,13:22:45.261052433
2322.4,1,13:22:46.389069638
2322.4,1,13:22:48.068967572
2322.4,2,13:22:48.069912180
2322.4,1,13:22:48.173807586
2322.4,1,13:22:49.197214369
2322.3,5,13:22:49.197576392
2322.3,1,13:22:49.211202010
2322.3,2,13:22:54.380932291
2322.3,1,13:22:54.419289640
2322.2,1,13:22:54.596459361
2322.2,1,13:22:54.961445488
2322.2,1,13:22:55.018366561
2322.2,1,13:22:55.652399596
2322.2,1,13:22:57.908353033
2322.3,1,13:22:59.070984952
2322.3,1,13:22:59.071185919
2322.3,2,13:22:59.071248685
2322.3,2,13:22:59.079524983
2322.3,1,13:22:59.079580193
2322.4,1,13:22:59.080043838
2322.4,3,13:22:59.080129229
2322.4,3,13:22:59.080284146
2322.5,1,13:22:59.081523122
2322.5,2,13:22:59.081574579
2322.4,1,13:22:59.081609719
2322.5,2,13:22:59.082392871
2322.6,1,13:22:59.082392871
2322.6,1,13:22:59.088271383
2322.6,3,13:22:59.131623121
2322.6,2,13:22:59.131879066
2322.6,1,13:22:59.136361168
2322.6,1,13:22:59.137540789
2322.6,2,13:22:59.137859285
2322.6,1,13:22:59.138024699
2322.6,1,13:22:59.138104778
2322.7,2,13:22:59.159021355
2322.6,2,13:22:59.159516549
2322.6,1,13:22:59.159782103
2322.6,2,13:22:59.169991713
2322.6,3,13:22:59.170042926
2322.7,1,13:22:59.414068552
2322.8,1,13:22:59.453261852
2322.7,1,13:22:59.460083938
2322.7,1,13:22:59.479431046
2322.7,2,13:22:59.510991457
2322.7,3,13:22:59.627998215
2322.7,1,13:22:59.645317276
2322.7,1,13:22:59.645527623
2322.7,1,13:23:01.188492041
2322.6,1,13:23:03.022976376
2322.6,1,13:23:03.180010539
2322.6,1,13:23:03.972329078
2322.6,2,13:23:03.972409723
2322.4,1,13:23:05.400334568
2322.6,7,13:23:05.575426468
2322.6,1,13:23:05.575455809
2322.6,1,13:23:06.005966096
2322.5,1,13:23:08.276039274
2322.4,1,13:23:09.382303346
2322.4,1,13:23:09.572222858
2322.6,2,13:23:10.519669186
2322.6,3,13:23:11.980126784
2322.5,3,13:23:11.980126784
2322.7,1,13:23:13.466742183
2322.8,3,13:23:14.198766505
2322.7,2,13:23:15.613560669
2322.8,2,13:23:17.896838491
2322.8,2,13:23:19.792315099
2322.8,1,13:23:19.792725296
2322.7,1,13:23:19.908011370
2322.7,1,13:23:20.014817260
2322.8,1,13:23:20.044343911
2322.8,2,13:23:20.045181074
2322.8,1,13:23:25.596172531
2322.8,2,13:23:25.596394914
2322.9,2,13:23:25.660183432
2322.8,1,13:23:26.028865690
2322.9,1,13:23:27.394812255
2322.9,3,13:23:27.395095918
2322.8,1,13:23:29.233053842
2322.8,1,13:23:29.448542040
2322.7,1,13:23:31.408380296
2322.7,1,13:23:31.408888962
2322.6,1,13:23:33.288290758
2322.5,2,13:23:35.803244940
2322.5,1,13:23:37.353826346
2322.5,1,13:23:37.353854420
2322.5,1,13:23:37.354091718
2322.5,1,13:23:37.354938337
2322.5,1,13:23:40.575651550
2322.5,1,13:23:40.576196204
2322.5,1,13:23:40.576677119
2322.5,1,13:23:41.817070504
2322.5,1,13:23:41.817334240
2322.5,1,13:23:50.086510518
2322.5,1,13:23:50.086549731
2322.5,2,13:23:50.086653820
2322.4,5,13:23:53.581854225
2322.5,3,13:23:55.754449810
2322.6,2,13:23:57.931174236
2322.6,1,13:23:57.931376112
2322.6,1,13:23:57.931682137
2322.6,2,13:24:00.064830021
2322.5,1,13:24:00.081964970
2322.4,1,13:24:02.370377488
2322.4,1,13:24:02.370605000
2322.4,1,13:24:02.370641285
2322.4,10,13:24:02.370751998
2322.3,1,13:24:02.372425936
2322.3,1,13:24:02.649076511
2322.4,1,13:24:03.439182697
2322.4,1,13:24:03.440607440
2322.3,2,13:24:09.013564943
2322.3,1,13:24:10.024933940
2322.3,2,13:24:12.827185485
2322.3,2,13:24:12.853155072
2322.3,1,13:24:12.853199994
2322.3,2,13:24:15.131328245
2322.3,1,13:24:17.020015349
2322.3,3,13:24:17.217561132
2322.3,2,13:24:17.218021766
2322.2,3,13:24:17.410118209
2322.1,1,13:24:17.627402156
2322.1,1,13:24:18.648919301
2322.1,1,13:24:20.848995614
2322.0,2,13:24:22.983100395
2321.9,4,13:24:22.983111560
2321.9,2,13:24:22.983111560
2321.8,2,13:24:22.983156553
2321.8,1,13:24:22.983163056
2321.8,1,13:24:22.983211722
2321.9,1,13:24:23.265220418
2321.9,1,13:24:23.265432467
2321.9,2,13:24:23.287423361
2321.9,2,13:24:23.287960933
2321.9,3,13:24:23.626830905
2322.0,1,13:24:23.823849764
2322.0,1,13:24:23.842771860
2322.1,1,13:24:23.891920601
2321.9,2,13:24:26.593542341
2322.0,1,13:24:27.428445297
2321.9,2,13:24:32.566233086
2321.9,1,13:24:32.566525924
2321.9,2,13:24:32.656760233
2321.9,1,13:24:32.657250208
2321.9,1,13:24:32.657450317
2321.9,1,13:24:32.657895033
2322.0,1,13:24:34.601994802
2321.9,1,13:24:36.358338491
2321.8,2,13:24:42.003826859
2321.9,1,13:24:42.020966188
2321.8,1,13:24:43.096632773
2321.8,1,13:24:43.269335016
2321.8,1,13:24:43.269815301
2321.7,1,13:24:44.705265356
2321.7,1,13:24:45.528026124
2321.9,1,13:24:46.218478193
2321.8,2,13:24:47.954400153
2321.8,1,13:24:49.997674276
2321.9,1,13:24:50.228402287
2321.9,1,13:24:50.228464428
2321.9,1,13:24:50.287520713
2322.0,1,13:24:50.363054718
2321.9,1,13:24:50.404322050
2321.9,1,13:24:50.968344933
2321.8,1,13:24:51.314889113
2321.8,1,13:24:51.317533243
2321.7,1,13:24:51.995994493
2321.7,2,13:24:54.582148422
2321.7,1,13:24:54.582448627
2321.6,1,13:24:57.298015825
2321.8,1,13:24:57.577047984
2321.8,2,13:25:00.038994971
2321.8,1,13:25:00.039033714
2321.8,1,13:25:00.039258237
2321.8,1,13:25:00.041149212
2321.8,1,13:25:01.775271332
2321.7,2,13:25:03.467147823
2321.6,1,13:25:06.909228063
2321.8,1,13:25:09.511547999
2321.7,6,13:25:09.511547999
2321.6,3,13:25:09.748226471
2321.6,2,13:25:10.057238778
2321.6,1,13:25:10.085507490
2321.6,1,13:25:10.115626864
2321.7,1,13:25:10.176858300
2321.7,1,13:25:10.897303962
2321.6,2,13:25:11.875995254
2321.6,1,13:25:11.902323300
2321.7,1,13:25:12.054618532
2321.6,1,13:25:15.682661102
2321.5,13,13:25:16.716209882
2321.4,1,13:25:16.716209882
2321.4,3,13:25:16.716226971
2321.4,1,13:25:16.716226971
2321.3,6,13:25:16.716226971
2321.3,2,13:25:16.716232228
2321.2,4,13:25:16.716232228
2321.2,1,13:25:16.716474787
2321.2,3,13:25:16.716481719
2321.2,4,13:25:16.716487961
2321.1,3,13:25:16.716487961
2321.1,3,13:25:16.716494419
2321.1,1,13:25:16.716503303
2321.0,4,13:25:16.716503303
2321.1,3,13:25:16.716503303
2321.0,6,13:25:16.716763842
2321.0,6,13:25:16.716769532
2321.1,1,13:25:16.718578253
2321.1,1,13:25:16.718837225
2321.5,1,13:25:16.718942440
2321.5,1,13:25:16.719439973
2321.4,1,13:25:16.719946220
2321.3,1,13:25:16.721627703
2321.3,1,13:25:16.721877366
2321.2,1,13:25:16.722427851
2321.3,1,13:25:16.724181022
2321.3,1,13:25:16.724270230
2321.3,1,13:25:16.725164699
2321.3,1,13:25:16.727384146
2321.3,1,13:25:16.728166817
2321.4,1,13:25:16.728901411
2321.3,1,13:25:16.728901411
2321.4,1,13:25:16.728951412
2321.4,2,13:25:16.731880265
2321.4,1,13:25:16.733468799
2321.4,1,13:25:16.733520461
2321.5,5,13:25:16.784363582
2321.6,2,13:25:16.784400838
2321.5,1,13:25:16.785093386
2321.6,1,13:25:16.861810394
2321.6,1,13:25:16.882210865
2321.6,1,13:25:16.882341706
2321.5,1,13:25:16.997415208
2321.6,1,13:25:17.103856811
2321.4,1,13:25:17.154854304
2321.6,1,13:25:18.656392850
2321.6,2,13:25:18.656693132
2321.5,4,13:25:18.657255517
2321.5,1,13:25:18.657822991
2321.5,1,13:25:18.657893373
2321.5,1,13:25:18.658057437
2321.6,2,13:25:20.422524965
2321.6,2,13:25:20.422834837
2321.5,1,13:25:20.603770148
2321.7,1,13:25:22.186425318
2321.7,4,13:25:22.186718600
2321.6,1,13:25:22.274929222
2321.6,1,13:25:23.003256172
2321.6,1,13:25:24.639322990
2321.6,2,13:25:24.639565500
2321.7,1,13:25:29.821887433
2321.6,4,13:25:32.047358046
2321.6,1,13:25:32.048336624
2321.6,1,13:25:33.243777913
2321.5,1,13:25:35.173945161
2321.5,2,13:25:35.457622830
2321.5,1,13:25:37.342030059
2321.5,2,13:25:38.131850110
2321.6,1,13:25:38.801121589
2321.6,1,13:25:38.916169490
2321.6,3,13:25:40.634341534
2321.7,1,13:25:40.634341534
2321.5,2,13:25:40.985514964
2321.5,1,13:25:41.778001611
2321.6,2,13:25:42.873000207
2321.5,1,13:25:45.272676440
2321.6,1,13:25:45.689703525
2321.6,1,13:25:45.689760982
2321.6,1,13:25:49.555469719
2321.6,7,13:25:50.535458789
2321.7,2,13:25:52.789886955
2321.9,10,13:25:53.792357209
2321.7,2,13:25:53.792357209
2321.8,7,13:25:53.792357209
2322.0,1,13:25:53.792357209
2321.8,1,13:25:53.793803674
2321.8,1,13:25:53.794160433
2321.8,2,13:25:53.795427786
2321.7,1,13:25:53.796025603
2321.7,4,13:25:53.796059543
2321.7,1,13:25:53.796097105
2321.7,1,13:25:53.803876238
2321.8,1,13:25:54.030617527
2321.6,1,13:25:55.236264051
2321.8,9,13:25:57.506277185
2322.0,13,13:25:57.506277185
2321.9,10,13:25:57.506277185
2322.0,2,13:25:57.507679523
2322.0,1,13:25:57.508038567
2322.0,1,13:25:57.508101765
2322.0,1,13:25:57.508206542
2322.0,1,13:25:57.508237090
2322.1,1,13:25:57.509150439
2322.0,1,13:25:57.510581789
2321.9,1,13:25:57.511648325
2321.9,1,13:25:59.027179523
2321.9,1,13:26:00.943342484
2321.9,1,13:26:02.831729588
2321.9,1,13:26:02.832018150
2322.0,3,13:26:03.299395888
2322.0,2,13:26:03.299738509
2322.0,1,13:26:03.299851160
2322.0,1,13:26:03.300151346
2321.9,1,13:26:03.757736445
2322.0,1,13:26:05.286381531
2322.0,1,13:26:06.392177113
2322.1,1,13:26:06.764952707
2322.1,1,13:26:08.032873877
2322.1,1,13:26:08.033099354
2322.2,1,13:26:08.244633558
2322.1,4,13:26:09.351543524
2322.0,2,13:26:09.547363050
2322.1,2,13:26:12.726790774
2322.0,3,13:26:16.011752557
2322.0,3,13:26:24.905591226
2322.1,1,13:26:28.527887412
2322.2,1,13:26:30.580176655
2322.2,2,13:26:30.580745326
2322.2,1,13:26:30.581036481
2322.2,1,13:26:30.581082879
2322.2,2,13:26:30.581147773
2322.2,3,13:26:33.277806552
2322.2,1,13:26:33.277856482
2322.2,1,13:26:33.450696789
2322.3,3,13:26:39.692525901
2322.2,1,13:26:44.553829319
2322.2,1,13:26:48.262346647
2322.1,3,13:26:48.407130492
2322.1,1,13:26:48.407460672
2322.0,1,13:26:48.564272706
2322.0,2,13:26:48.564832353
2322.0,5,13:26:50.537961199
2322.0,1,13:26:50.538692177
2322.1,1,13:27:02.044548333
2322.1,1,13:27:02.044899985
2322.1,2,13:27:02.044947378
2322.1,1,13:27:02.045011366
2322.1,2,13:27:02.045156880
2322.0,2,13:27:06.377524582
2322.1,1,13:27:06.433123355
2322.2,1,13:27:07.417852761
2322.1,2,13:27:10.306840693
2322.3,2,13:27:10.787019035
2322.3,2,13:27:10.787234573
2322.3,1,13:27:10.788160563
2322.3,1,13:27:10.788194656
2322.3,2,13:27:10.788470467
2322.3,3,13:27:10.789108924
2322.3,1,13:27:12.398046128
2322.4,1,13:27:12.402471628
2322.5,1,13:27:12.402484428
2322.3,1,13:27:12.421347105
2322.3,2,13:27:18.589370012
2322.3,1,13:27:18.589805855
2322.3,2,13:27:18.667074443
2322.2,1,13:27:24.227660085
2322.1,1,13:27:24.419030897
2322.2,1,13:27:24.510822420
2322.1,1,13:27:36.093172071
2322.1,1,13:27:36.093488574
2322.1,1,13:27:37.401916019
2322.0,3,13:27:40.681687782
2322.0,1,13:27:41.075510813
2321.9,3,13:27:41.925452388
2321.9,1,13:27:41.935536373
2322.1,1,13:27:44.662948275
2322.1,1,13:27:46.183636240
2322.1,2,13:27:46.448798961
2322.1,3,13:27:46.449106569
2322.2,1,13:27:47.184864532
2322.2,1,13:27:58.196557077
2322.2,1,13:28:00.005765834
2322.2,1,13:28:00.006112040
2322.2,1,13:28:00.102032169
2322.2,1,13:28:00.102345398
2322.2,1,13:28:01.495665636
2322.2,7,13:28:05.549551371
2322.3,3,13:28:05.549551371
2322.1,5,13:28:05.550939930
2322.2,1,13:28:12.169837459
2322.2,2,13:28:12.170091836
2322.2,1,13:28:12.170244216
2322.2,1,13:28:13.882848431
2322.3,3,13:28:16.098643560
2322.3,1,13:28:16.099260113
2322.3,2,13:28:16.176290405
2322.3,2,13:28:16.176831718
2322.3,1,13:28:18.155061238
2322.4,1,13:28:18.876371220
2322.4,1,13:28:20.230647968
2322.5,3,13:28:20.713979701
2322.5,1,13:28:20.714005823
2322.5,1,13:28:20.714080993
2322.5,1,13:28:20.714237115
2322.4,8,13:28:20.722329021
2322.5,5,13:28:22.625946425
2322.5,1,13:28:22.626564511
2322.4,3,13:28:22.628049221
2322.5,3,13:28:26.432443505
2322.4,2,13:28:28.759897076
2322.3,4,13:28:31.158873386
2322.3,1,13:28:31.160129917
2322.1,3,13:28:33.260091772
2322.1,2,13:28:40.102045870
2322.1,3,13:28:40.102263343
2322.1,1,13:28:41.371770640
2322.1,1,13:28:41.732373852
2322.1,1,13:28:42.707813245
2322.1,1,13:28:43.260461559
2322.1,1,13:28:46.524606879
2322.0,1,13:28:46.837801442
2322.0,1,13:28:46.838010903
2322.0,1,13:28:46.838053873
2322.0,1,13:28:46.838730402
2322.1,1,13:28:49.403876387
2322.1,4,13:28:49.404108010
2322.1,1,13:28:53.649649559
2322.0,1,13:28:55.073707456
2322.2,7,13:28:57.603964924
2322.3,5,13:28:57.604815598
2322.3,1,13:28:58.723249653
2322.3,1,13:29:00.006215490
2322.3,1,13:29:00.007460482
2322.3,1,13:29:00.007844122
2322.3,1,13:29:00.008122057
2322.3,1,13:29:00.009053516
2322.2,1,13:29:00.050408721
2322.2,14,13:29:00.052170130
2322.2,3,13:29:00.059026638
2322.2,1,13:29:00.060055212
2322.2,3,13:29:00.060767404
2322.2,1,13:29:00.104425202
2322.1,1,13:29:00.347666313
2322.1,1,13:29:00.619004621
2322.1,1,13:29:00.984400098
2322.1,1,13:29:01.183155247
2322.1,1,13:29:01.427136414
2322.3,4,13:29:01.504356959
2322.3,1,13:29:01.689152527
2322.3,1,13:29:02.517150608
2322.3,3,13:29:02.517509921
2322.4,2,13:29:03.200704257
2322.4,2,13:29:03.729466703
2322.4,1,13:29:05.395485822
2322.4,1,13:29:05.395936086
2322.4,1,13:29:05.395971405
2322.4,1,13:29:05.396036057
2322.4,3,13:29:05.396097348
2322.4,1,13:29:05.396992934
2322.4,2,13:29:05.397244379
2322.4,1,13:29:05.411255233
2322.4,1,13:29:05.417951038
2322.4,1,13:29:06.366040678
2322.3,3,13:29:06.387761089
2322.3,2,13:29:06.388043863
2322.4,1,13:29:06.389090856
2322.4,1,13:29:06.389180103
2322.4,1,13:29:06.389772259
2322.4,3,13:29:06.389807281
2322.4,2,13:29:06.410435135
2322.4,2,13:29:06.432198945
2322.4,2,13:29:06.432462515
2322.4,2,13:29:06.707124625
2322.4,1,13:29:07.427432680
2322.5,1,13:29:07.485371020
2322.5,1,13:29:07.504023340
2322.4,1,13:29:07.630378282
2322.5,1,13:29:07.811255673
2322.5,1,13:29:09.090341955
2322.5,1,13:29:09.361072013
2322.5,1,13:29:09.394755979
2322.5,1,13:29:09.504126029
2322.5,1,13:29:10.006030698
2322.5,1,13:29:10.120007200
2322.5,1,13:29:10.981225570
2322.4,14,13:29:11.041431824
2322.4,2,13:29:11.041497708
2322.4,1,13:29:11.048782287
2322.3,1,13:29:11.191035358
2322.2,1,13:29:11.427082553
2322.2,1,13:29:11.616992830
2322.2,1,13:29:11.617219824
2322.2,1,13:29:11.617462875
2322.2,2,13:29:13.181666788
2322.1,1,13:29:13.427136160
2322.1,1,13:29:13.504369724
2322.2,8,13:29:14.077580525
2322.2,1,13:29:14.078018495
2322.2,1,13:29:14.081546300
2322.2,1,13:29:14.081699174
2322.3,1,13:29:14.088572988
2322.2,2,13:29:14.098706117
2322.2,2,13:29:14.119674755
2322.2,1,13:29:14.119898305
2322.2,1,13:29:14.465121435
2322.2,1,13:29:15.028708727
2322.2,2,13:29:15.186123038
2322.2,2,13:29:15.186388378
2322.2,1,13:29:15.186425920
2322.2,2,13:29:15.186624478
2322.2,1,13:29:15.189437424
2322.2,1,13:29:15.219651662
2322.2,1,13:29:15.220224708
2322.2,1,13:29:15.220325154
2322.2,1,13:29:15.485770869
2322.2,1,13:29:15.504567499
2322.2,1,13:29:17.395064244
2322.2,2,13:29:17.395325974
2322.2,2,13:29:17.395674029
2322.2,1,13:29:17.395797234
2322.2,1,13:29:17.396379899
2322.2,1,13:29:17.417746741
2322.2,1,13:29:17.438942710
2322.2,1,13:29:17.480972220
2322.3,1,13:29:17.504342444
2322.2,1,13:29:17.652528437
2322.2,1,13:29:17.717189746
2322.2,1,13:29:18.104307958
2322.2,1,13:29:19.315136504
2322.3,1,13:29:19.356222030
2322.2,1,13:29:19.427073002
2322.2,6,13:29:19.427777576
2322.2,2,13:29:19.428898514
2322.2,1,13:29:19.429115859
2322.3,2,13:29:19.452785688
2322.2,1,13:29:19.462795918
2322.3,7,13:29:19.469233235
2322.2,1,13:29:19.481417988
2322.2,1,13:29:19.482652275
2322.2,1,13:29:19.490673694
2322.2,1,13:29:20.009944192
2322.2,1,13:29:20.010231187
2322.2,1,13:29:20.084310787
2322.2,1,13:29:20.084663952
2322.2,1,13:29:20.125917139
2322.2,1,13:29:20.429145455
2322.2,1,13:29:20.473228411
2322.2,1,13:29:20.615503991
2322.1,1,13:29:21.101643757
2322.1,4,13:29:21.101765418
2322.1,1,13:29:21.101804331
2322.1,1,13:29:21.101907754
2322.1,1,13:29:21.101980603
2322.1,2,13:29:21.102321839
2322.1,1,13:29:21.118804653
2322.0,1,13:29:21.427158825
2322.0,1,13:29:21.504566202
2322.0,10,13:29:21.693202878
2322.0,7,13:29:21.693502014
2322.0,1,13:29:21.693579922
2322.1,1,13:29:21.693809338
2322.0,1,13:29:21.693926992
2321.9,2,13:29:21.694235859
2322.0,2,13:29:21.694583312
2322.0,1,13:29:21.694670402
2322.0,1,13:29:21.694859199
2322.0,4,13:29:21.695203362
2322.0,1,13:29:21.695544730
2322.0,1,13:29:21.695972847
2322.0,1,13:29:21.696129881
2322.0,1,13:29:21.697339985
2321.9,1,13:29:22.045797491
2321.9,1,13:29:22.615598468
2321.9,1,13:29:22.982879770
2321.9,1,13:29:22.983202695
2322.0,2,13:29:23.056940488
2321.9,1,13:29:23.427265092
2322.0,3,13:29:23.722693611
2322.0,2,13:29:23.722967963
2322.0,2,13:29:23.723024997
2322.0,1,13:29:23.723068079
2322.0,2,13:29:23.728049508
2322.1,2,13:29:23.811047275
2322.2,1,13:29:24.231501024
2322.2,1,13:29:24.234865120
2322.3,1,13:29:25.504205955
2322.3,1,13:29:25.504435044
2322.3,1,13:29:26.468699380
2322.3,1,13:29:26.479398443
2322.3,4,13:29:26.482125128
2322.4,1,13:29:26.484182275
2322.4,2,13:29:26.497802109
2322.3,1,13:29:26.500689872
2322.3,1,13:29:26.505434662
2322.3,1,13:29:26.521587341
2322.3,1,13:29:26.521783617
2322.3,1,13:29:26.521977512
2322.3,1,13:29:26.526570683
2322.3,1,13:29:26.542504800
2322.3,1,13:29:26.547336876
2322.3,1,13:29:26.565676099
2322.3,1,13:29:26.565914161
2322.3,1,13:29:26.568520681
2322.3,1,13:29:26.591905294
2322.3,2,13:29:27.195154574
2322.3,1,13:29:27.395597566
2322.3,1,13:29:27.485784501
2322.3,1,13:29:27.504389697
2322.3,1,13:29:27.650011508
2322.3,1,13:29:27.744227036
2322.3,1,13:29:28.422192438
2322.2,1,13:29:29.000886676
2322.3,1,13:29:29.003724895
2322.2,1,13:29:29.046838568
2322.3,1,13:29:29.394866115
2322.2,1,13:29:30.006243691
2322.2,1,13:29:30.089812743
2322.2,1,13:29:30.089861832
2322.2,2,13:29:30.089996644
2322.2,1,13:29:30.090059026
2322.3,2,13:29:30.107723083
2322.2,1,13:29:30.110533259
2322.3,1,13:29:30.127393140
2322.2,1,13:29:30.210715380
2322.3,2,13:29:30.832945709
2322.3,1,13:29:31.347508250
2322.3,7,13:29:31.348030139
2322.3,2,13:29:31.348496289
2322.3,1,13:29:31.350493011
2322.3,2,13:29:31.369171332
2322.3,2,13:29:31.390417186
2322.3,1,13:29:31.390664826
2322.3,2,13:29:31.411240513
2322.3,1,13:29:31.432226378
2322.3,1,13:29:31.450169177
2322.3,2,13:29:32.009998218
2322.4,2,13:29:33.165395420
2322.4,1,13:29:33.358409719
2322.4,1,13:29:33.395511238
2322.4,1,13:29:33.395734852
2322.4,3,13:29:33.395799484
2322.4,1,13:29:33.396006774
2322.4,2,13:29:33.396145398
2322.4,1,13:29:33.416872915
2322.4,1,13:29:33.437755264
2322.4,1,13:29:33.458820159
2322.4,1,13:29:33.479983343
2322.4,1,13:29:33.501096382
2322.5,1,13:29:33.504159387
2322.5,3,13:29:33.504387962
2322.4,1,13:29:33.521941258
2322.4,1,13:29:33.542831719
2322.4,1,13:29:33.563785775
2322.5,1,13:29:34.245347606
2322.5,2,13:29:35.129848362
2322.5,4,13:29:35.130241317
2322.5,2,13:29:35.130334865
2322.5,1,13:29:35.131109878
2322.5,1,13:29:35.131146958
2322.5,1,13:29:35.134017735
2322.5,1,13:29:35.408999881
2322.6,2,13:29:35.413095294
2322.5,1,13:29:35.427731560
2322.5,1,13:29:35.509280394
2322.6,1,13:29:36.266194494
2322.6,1,13:29:36.716713366
2322.5,1,13:29:37.047465667
2322.6,1,13:29:37.356685909
2322.6,1,13:29:37.425053346
2322.5,2,13:29:37.452230193
2322.5,1,13:29:37.504373387
2322.5,1,13:29:37.648638652
2322.6,1,13:29:38.465464529
2322.5,2,13:29:38.528919240
2322.5,1,13:29:38.593889613
2322.5,1,13:29:38.594140482
2322.5,9,13:29:38.594456879
2322.5,1,13:29:38.594526119
2322.4,2,13:29:38.674069021
2322.4,1,13:29:38.674299659
2322.4,2,13:29:38.674338706
2322.4,1,13:29:38.674369213
2322.4,1,13:29:38.674430852
2322.4,2,13:29:38.674558330
2322.4,1,13:29:38.678360317
2322.4,3,13:29:38.678636094
2322.4,1,13:29:38.686504429
2322.4,1,13:29:38.686966448
2322.4,2,13:29:39.201745753
2322.4,1,13:29:39.427369147
2322.5,1,13:29:40.577269158
2322.5,1,13:29:40.577324285
2322.5,1,13:29:40.577370571
2322.5,8,13:29:40.577654810
2322.6,2,13:29:40.586012476
2322.7,1,13:29:40.586502187
2322.6,2,13:29:40.587156394
2322.6,1,13:29:40.587623091
2322.6,1,13:29:40.607296178
2322.6,1,13:29:40.848087095
2322.6,1,13:29:41.081295068
2322.6,1,13:29:41.395421843
2322.6,1,13:29:41.504541952
2322.6,1,13:29:42.107811344
2322.5,1,13:29:42.126933721
2322.5,3,13:29:42.127277923
2322.5,1,13:29:42.127321569
2322.5,3,13:29:42.127401203
2322.5,1,13:29:42.127523576
2322.5,8,13:29:42.127719922
2322.5,1,13:29:42.204994735
2322.5,1,13:29:42.369887971
2322.4,3,13:29:42.370175471
2322.4,1,13:29:42.370462309
2322.4,2,13:29:42.583297635
2322.4,2,13:29:42.612936343
2322.4,1,13:29:42.613170859
2322.4,2,13:29:42.613276592
2322.4,1,13:29:42.722792596
2322.4,1,13:29:43.503864313
2322.4,1,13:29:43.902217089
2322.5,1,13:29:44.125027621
2322.5,1,13:29:44.125064550
2322.5,1,13:29:44.125256041
2322.5,1,13:29:44.125299975
2322.4,6,13:29:44.149600140
2322.5,1,13:29:44.538801705
2322.4,1,13:29:44.615896795
2322.4,1,13:29:44.957073505
2322.4,1,13:29:45.014714370
2322.5,1,13:29:45.103155432
2322.4,1,13:29:45.427058518
2322.4,1,13:29:46.030494275
2322.5,1,13:29:46.430874122
2322.4,1,13:29:46.473146368
2322.5,1,13:29:46.533727456
2322.5,1,13:29:46.583738830
2322.5,2,13:29:47.205815034
2322.5,1,13:29:47.394921091
2322.4,1,13:29:48.108670742
2322.4,1,13:29:48.208714856
2322.5,1,13:29:48.214893690
2322.4,1,13:29:48.621288660
2322.4,1,13:29:48.623075515
2322.5,1,13:29:49.361112014
2322.4,1,13:29:49.427404250
2322.5,1,13:29:49.504372029
2322.4,4,13:29:50.010722620
2322.5,1,13:29:50.139245104
2322.5,1,13:29:50.192490833
2322.4,1,13:29:50.661422640
2322.4,3,13:29:50.979207289
2322.4,1,13:29:50.982637240
2322.5,3,13:29:51.091688470
2322.5,2,13:29:51.188194649
2322.4,1,13:29:51.843018912
2322.5,1,13:29:52.848748839
2322.5,3,13:29:52.984789189
2322.5,8,13:29:52.985558845
2322.5,2,13:29:52.985937506
2322.5,1,13:29:52.986627088
2322.5,5,13:29:52.986763727
2322.6,1,13:29:52.988459787
2322.6,1,13:29:52.988703011
2322.6,1,13:29:52.988884877
2322.5,1,13:29:53.006077760
2322.5,1,13:29:53.006627195
2322.5,1,13:29:53.010936244
2322.5,1,13:29:53.027362795
2322.5,1,13:29:53.032511187
2322.5,1,13:29:53.038019227
2322.5,1,13:29:53.048140613
2322.5,1,13:29:53.049719993
2322.5,1,13:29:53.053689695
2322.5,1,13:29:53.059084408
2322.5,3,13:29:53.059325661
2322.5,1,13:29:53.128846622
2322.4,1,13:29:53.427120910
2322.4,4,13:29:53.576087932
2322.4,1,13:29:53.576130944
2322.4,3,13:29:53.576227506
2322.4,2,13:29:53.576401538
2322.4,1,13:29:53.576442105
2322.4,1,13:29:53.576472141
2322.4,2,13:29:53.576507972
2322.4,3,13:29:53.576659165
2322.3,4,13:29:53.769965891
2322.3,2,13:29:53.770508709
2322.3,1,13:29:53.770808424
2322.4,1,13:29:53.855605838
2322.3,1,13:29:54.006513808
2322.3,1,13:29:54.033748531
2322.3,1,13:29:55.027335228
2322.3,1,13:29:55.039034432
2322.3,1,13:29:55.040025268
2322.3,1,13:29:55.040229291
2322.3,1,13:29:55.041179771
2322.4,1,13:29:55.041346354
2322.3,1,13:29:55.048030862
2322.4,6,13:29:55.137155580
2322.4,2,13:29:55.137520372
2322.4,2,13:29:55.137619840
2322.4,2,13:29:55.138204523
2322.4,2,13:29:55.138300109
2322.3,6,13:29:55.138300109
2322.4,1,13:29:55.139705174
2322.4,1,13:29:55.139741789
2322.4,1,13:29:55.141598018
2322.4,1,13:29:55.158967839
2322.4,1,13:29:55.180000488
2322.4,1,13:29:55.201033383
2322.4,1,13:29:55.203874154
2322.4,1,13:29:55.244600596
2322.4,1,13:29:55.265540293
2322.4,1,13:29:55.286340349
2322.4,1,13:29:55.307284593
2322.4,1,13:29:55.328112152
2322.4,1,13:29:55.330741402
2322.4,1,13:29:55.349008655
2322.4,1,13:29:56.086947704
2322.4,6,13:29:56.166715808
2322.4,1,13:29:56.170054700
2322.4,1,13:29:56.188055993
2322.4,1,13:29:56.188286276
2322.4,1,13:29:56.485263817
2322.3,11,13:29:56.811083886
2322.3,1,13:29:56.811414068
2322.3,1,13:29:56.811470665
2322.3,2,13:29:56.811591230
2322.3,6,13:29:56.811691662
2322.3,1,13:29:56.811804646
2322.3,3,13:29:56.812957984
2322.3,1,13:29:56.869272811
2322.3,1,13:29:56.869651945
2322.2,1,13:29:57.354867198
2322.2,4,13:29:57.355131757
2322.2,1,13:29:57.355167172
2322.2,1,13:29:57.355226767
2322.2,1,13:29:57.645638955
2322.2,1,13:29:57.648030472
2322.2,1,13:29:57.707882847
2322.2,1,13:29:57.944406314
2322.3,1,13:29:58.108781972
2322.2,1,13:29:58.318921210
2322.2,1,13:29:58.979031634
2322.3,3,13:29:59.411019135
2322.3,1,13:29:59.411063920
2322.2,1,13:29:59.508983980
2322.2,1,13:29:59.509305712
2322.2,1,13:29:59.510191755
2322.3,1,13:29:59.511293717
2322.2,1,13:29:59.511410544
2322.3,1,13:29:59.511925034
2322.2,1,13:29:59.522670101
2322.2,1,13:29:59.528914349
2322.2,1,13:29:59.529519190
2322.2,1,13:29:59.530637945
2322.2,1,13:29:59.532713295
2322.3,1,13:29:59.870924109
2322.3,6,13:29:59.871024831
2322.4,1,13:30:00.006518719
2322.3,1,13:30:00.006555860
2322.3,2,13:30:00.104414594
2322.3,1,13:30:00.104939126
2322.3,1,13:30:00.105164141
2322.4,6,13:30:00.139153806
2322.4,3,13:30:00.139874227
2322.5,1,13:30:00.391015114
2322.5,1,13:30:00.732954492
2322.5,7,13:30:00.733472230
2322.5,1,13:30:00.733745052
2322.5,1,13:30:00.734461604
2322.5,1,13:30:00.734788010
2322.5,1,13:30:01.043736296
2322.6,3,13:30:01.111292278
2322.6,1,13:30:01.111346568
2322.6,1,13:30:01.921040218
2322.6,4,13:30:02.770548973
2322.7,1,13:30:08.424382823
2322.7,8,13:30:08.424683491
2322.8,2,13:30:08.426562448
2322.9,1,13:30:09.449997840
2322.9,1,13:30:09.909722258
2322.9,1,13:30:10.078550843
2322.9,2,13:30:10.078792186
2323.0,6,13:30:10.505745548
2323.0,1,13:30:10.732255660
2323.0,4,13:30:10.732508962
2322.9,2,13:30:10.754020681
2322.9,1,13:30:10.765525639
2322.9,2,13:30:10.910653449
2322.9,2,13:30:10.911056091
2323.0,1,13:30:11.170980058
2322.9,1,13:30:11.535125595
2322.8,3,13:30:12.451439437
2322.7,4,13:30:12.635845553
2322.7,1,13:30:12.636310073
2322.7,1,13:30:13.334731784
2322.7,1,13:30:15.646212020
2322.8,2,13:30:18.621107228
2322.8,1,13:30:18.621331677
2322.9,5,13:30:22.090159754
2323.1,1,13:30:26.076400297
2323.1,1,13:30:26.084039388
2323.1,1,13:30:26.104314966
2323.2,2,13:30:26.104467885
2323.1,1,13:30:26.104467885
2323.1,2,13:30:26.105116064
2323.1,1,13:30:26.105787151
2323.1,1,13:30:26.105870405
2323.1,1,13:30:26.106035644
2323.2,1,13:30:26.112348766
2323.1,1,13:30:26.363053991
2323.1,2,13:30:26.363373930
2323.2,2,13:30:27.666428461
2323.0,5,13:30:28.645297484
2323.0,1,13:30:28.670816410
2323.0,1,13:30:28.671060193
2323.0,2,13:30:28.671126291
2323.0,1,13:30:28.676113847
2323.1,2,13:30:28.744561475
2323.0,1,13:30:29.257496239
2323.1,1,13:30:30.455556661
2323.0,1,13:30:31.469443743
2323.0,1,13:30:31.469670036
2322.9,1,13:30:31.648869675
2322.9,1,13:30:31.649235564
2323.0,1,13:30:32.367787659
2323.0,1,13:30:33.876592207
2322.9,3,13:30:34.822543217
2323.0,2,13:30:36.524119510
2323.0,2,13:30:37.356565019
2323.1,1,13:30:37.436985219
2323.1,2,13:30:37.437346048
2323.1,1,13:30:37.437732677
2323.1,1,13:30:48.475781431
2323.2,1,13:30:49.888594683
2323.2,1,13:30:49.888975840
2323.2,1,13:30:49.889130124
2323.2,1,13:30:50.721705396
2323.2,1,13:30:50.933068838
2323.2,2,13:30:51.088864827
2323.4,1,13:30:53.264313003
2323.2,1,13:30:54.337601394
2323.3,1,13:30:54.582160269
2323.4,1,13:30:54.582160269
2323.3,1,13:30:56.704178645
2323.3,1,13:30:56.920042076
2323.2,2,13:30:58.721430723
2323.2,2,13:30:58.721697248
2323.2,1,13:30:58.721734250
2323.1,3,13:31:00.018563192
2323.1,4,13:31:00.019055208
2323.1,1,13:31:00.019093206
2323.1,1,13:31:00.019615181
2323.0,4,13:31:00.509293130
2323.0,1,13:31:00.510147247
2323.0,1,13:31:00.510182982
2323.1,1,13:31:05.416984319
2323.1,1,13:31:05.417008435
2323.1,1,13:31:05.417054113
2323.1,1,13:31:06.811888447
2323.1,1,13:31:06.812226864
2323.0,6,13:31:08.740387944
2323.0,1,13:31:08.741272557
2322.9,1,13:31:10.745910416
2322.8,2,13:31:11.285828528
2322.9,2,13:31:15.022014374
2322.9,2,13:31:20.385021661
2322.9,1,13:31:20.385667750
2322.9,1,13:31:20.385931843
2322.9,1,13:31:20.385969289
2322.8,5,13:31:21.002766394
2322.8,1,13:31:21.003250625
2322.8,1,13:31:21.435896340
2322.8,1,13:31:21.436183392
2322.6,9,13:31:22.899659062
2322.7,2,13:31:22.899659062
2322.7,1,13:31:23.217719932
2322.8,1,13:31:25.533208975
2322.8,1,13:31:25.533378447
2322.9,2,13:31:32.882500733
2323.0,1,13:31:41.232847922
2323.0,1,13:31:41.232883485
2323.0,2,13:31:41.232975121
2323.3,2,13:31:58.281261737
2323.2,3,13:31:58.281261737
2323.1,5,13:31:58.282203648
2323.1,1,13:31:58.282310780
2323.1,1,13:31:58.282334588
2323.1,1,13:31:58.640776595
2323.1,1,13:32:03.298668701
2323.1,2,13:32:03.299472772
2323.1,1,13:32:03.299525074
2323.0,3,13:32:15.387028761
2322.9,1,13:32:16.784528287
2322.9,1,13:32:16.784786289
2322.8,4,13:32:16.933384043
2322.8,1,13:32:16.996173452
2322.8,2,13:32:16.996429839
2322.8,1,13:32:16.996673187
2322.9,1,13:32:17.021755485
2322.8,1,13:32:17.273999080
2322.8,1,13:32:20.838310800
2322.7,1,13:32:20.857445805
2322.7,3,13:32:24.031998812
2322.6,1,13:32:25.626346786
2322.5,1,13:32:25.626358293
2322.6,1,13:32:25.629027428
2322.5,1,13:32:28.534398136
2322.7,1,13:32:31.194187468
2322.8,1,13:32:33.452929313
2322.7,1,13:32:38.995755581
2322.6,1,13:32:38.999758225
2322.6,1,13:32:40.925412686
2322.6,1,13:32:40.926947521
2322.5,1,13:32:52.692849032
2322.5,1,13:32:52.693179311
2322.5,1,13:32:52.693256621
2322.5,1,13:32:56.456587881
2322.5,1,13:32:56.457129163
2322.3,1,13:33:01.423870809
2322.2,1,13:33:02.489638256
2322.2,1,13:33:02.895020409
2322.2,2,13:33:03.055523394
2322.3,1,13:33:08.118517537
2322.2,1,13:33:10.964331983
2322.2,1,13:33:10.964579617
2322.2,1,13:33:10.964667401
2322.2,1,13:33:10.964862052
2322.2,1,13:33:10.965486403
2322.1,2,13:33:10.973605882
2322.2,3,13:33:21.650743392
2322.1,1,13:33:21.650855445
2322.2,2,13:33:21.651207088
2322.2,1,13:33:21.651331462
2322.2,2,13:33:22.428413142
2322.3,2,13:33:22.428589990
2322.2,1,13:33:22.428589990
2322.2,1,13:33:26.069166140
2322.2,3,13:33:30.355844071
2322.3,2,13:33:36.372210240
2322.3,3,13:33:37.362479753
2322.4,1,13:33:42.073466640
2322.4,1,13:33:43.124354861
2322.4,1,13:33:52.849343599
2322.4,1,13:33:52.849381686
2322.4,1,13:33:52.849433837
2322.5,3,13:34:04.822283449
2322.5,1,13:34:04.822627959
2322.5,1,13:34:04.822803332
2322.6,2,13:34:04.834011806
2322.7,3,13:34:05.044516936
2322.8,2,13:34:05.940486440
2323.0,1,13:34:07.199319226
2322.9,1,13:34:07.404781447
2322.9,1,13:34:07.405050288
2322.9,1,13:34:07.405252055
2323.0,2,13:34:08.378569209
2322.9,1,13:34:09.183597879
2322.9,1,13:34:09.184135808
2322.9,2,13:34:09.184931718
2322.8,1,13:34:10.013419751
2323.0,2,13:34:10.608054953
2323.0,1,13:34:10.608988971
2323.0,1,13:34:10.742004240
2323.0,1,13:34:14.174527364
2323.1,1,13:34:15.300460967
2323.1,1,13:34:15.300841394
2323.1,2,13:34:15.301142783
2323.2,1,13:34:17.385342806
2323.0,3,13:34:27.806082840
2323.0,2,13:34:27.806439792
2323.1,1,13:34:28.003082336
2323.0,1,13:34:47.875632563
2323.0,1,13:34:47.876036802
2323.1,1,13:34:57.170346700
2322.9,8,13:35:04.274727449
2322.8,3,13:35:04.276362102
2322.8,2,13:35:04.278483992
2322.7,3,13:35:10.988883981
2322.7,1,13:35:10.988950377
2322.8,1,13:35:12.788432718
2322.8,1,13:35:18.589865353
2322.8,1,13:35:18.589975663
2322.7,1,13:35:19.036812753
2322.7,4,13:35:24.286883011
2322.7,1,13:35:31.020241631
2322.8,2,13:35:37.453790265
2322.7,1,13:35:42.543568653
2322.7,1,13:35:52.553065194
2322.7,4,13:35:52.553947391
2322.7,1,13:35:53.878923033
2322.6,4,13:35:55.867593846
2322.6,1,13:35:58.805214238
2322.7,7,13:35:59.399929931
2322.8,2,13:35:59.401802666
2322.8,1,13:35:59.418640067
2322.8,1,13:36:01.871787850
2322.8,1,13:36:01.872349452
2322.8,1,13:36:01.872587626
2322.8,1,13:36:05.851585168
2322.9,1,13:36:08.675529490
2322.9,1,13:36:08.999501326
2322.8,1,13:36:10.786992448
2322.7,12,13:36:14.097355776
2322.7,3,13:36:14.097638294
2322.6,1,13:36:15.581541879
2322.5,3,13:36:34.844146602
2322.5,1,13:36:34.844812929
2322.5,1,13:36:35.120815915
2322.4,1,13:36:42.443966973
2322.3,1,13:36:43.095809540
2322.5,2,13:36:43.848523728
2322.5,1,13:36:43.848669815
2322.5,1,13:36:43.849198251
2322.5,3,13:36:43.926652603
2322.6,5,13:36:45.200500305
2322.6,4,13:36:54.338211894
2322.6,1,13:36:57.028462859
2322.6,1,13:36:57.028488312
2322.6,2,13:36:57.028654188
2322.6,1,13:36:57.028683996
2322.6,6,13:36:57.028763825
2322.6,2,13:36:57.509699537
2322.6,1,13:36:57.510174853
2322.7,2,13:37:00.270258380
2322.7,2,13:37:00.270483510
2322.7,2,13:37:00.270544155
2322.8,2,13:37:02.302763041
2322.8,1,13:37:02.304353992
2322.9,2,13:37:02.992924555
2322.9,7,13:37:02.993281782
2322.9,1,13:37:02.993649143
2322.8,1,13:37:02.999171651
2322.8,5,13:37:06.299639587
2322.8,1,13:37:06.300545926
2322.8,1,13:37:07.742918816
2322.7,2,13:37:09.008944098
2322.7,1,13:37:09.009372505
2322.7,3,13:37:10.882495092
2322.7,2,13:37:10.883285861
2322.6,2,13:37:17.832654421
2322.6,1,13:37:20.485755181
2322.6,1,13:37:20.485794926
2322.6,2,13:37:20.485926003
2322.6,2,13:37:20.486032306
2322.6,1,13:37:20.486478085
2322.6,2,13:37:20.487085812
2322.6,1,13:37:34.083705952
2322.6,1,13:37:34.115772343
2322.6,1,13:37:35.902891196
2322.6,1,13:37:36.238437777
2322.7,1,13:37:44.627123622
2322.5,1,13:37:45.962502861
2322.5,2,13:37:53.706492062
2322.5,1,13:37:55.459642500
2322.6,8,13:38:00.314180300
2322.6,1,13:38:00.315031415
2322.6,1,13:38:00.315592605
2322.6,1,13:38:02.014218685
2322.7,1,13:38:02.343042944
2322.7,1,13:38:04.272333426
2322.7,2,13:38:04.272551981
2322.7,2,13:38:04.272769873
2322.8,1,13:38:25.733805388
2322.8,2,13:38:25.757502033
2322.8,1,13:38:25.757793088
2322.8,1,13:38:26.577191889
2322.7,2,13:38:28.486834360
2322.7,3,13:38:28.505370734
2322.7,1,13:38:28.506488766
2322.7,1,13:38:33.603773727
2322.8,1,13:38:38.862566695
2322.7,2,13:38:39.854485103
2322.7,1,13:38:39.854988838
2322.8,1,13:38:39.854988838
2322.7,1,13:38:51.818363300
2322.7,1,13:38:52.852809869
2322.6,5,13:39:00.316077354
2322.6,1,13:39:00.317403067
2322.5,1,13:39:00.781046968
2322.6,1,13:39:01.130291919
2322.7,1,13:39:01.130695300
2322.6,1,13:39:05.734059396
2322.5,1,13:39:12.915133164
2322.5,1,13:39:19.853555326
2322.4,1,13:39:25.108621686
2322.4,1,13:39:25.108686628
2322.5,7,13:39:25.303197957
2322.5,1,13:39:30.829308822
2322.4,2,13:39:30.981096073
2322.5,1,13:39:33.585643184
2322.5,1,13:39:35.103551177
2322.6,1,13:39:41.955019951
2322.6,1,13:39:47.892547678
2322.6,1,13:39:47.892581381
2322.6,1,13:39:47.892636392
2322.6,2,13:39:47.892773007
2322.6,1,13:39:50.557352460
2322.6,4,13:39:50.557473467
2322.4,1,13:39:57.364371820
2322.4,3,13:40:03.769112517
2322.4,1,13:40:03.770065167
2322.5,5,13:40:14.752557384
2322.6,7,13:40:14.752557384
2322.6,5,13:40:14.810249091
2322.6,1,13:40:14.810682142
2322.7,1,13:40:14.811835516
2322.7,1,13:40:14.969247601
2322.8,1,13:40:14.970134076
2322.7,1,13:40:15.001101984
2322.6,3,13:40:23.318645288
2322.7,1,13:40:26.844655607
2322.6,1,13:40:39.710946330
2322.7,2,13:40:42.027126789
2322.7,1,13:40:44.205959481
2322.8,4,13:40:44.206676658
2322.7,2,13:40:44.207426025
2322.9,2,13:40:44.264269946
2322.9,1,13:40:44.264515974
2322.9,2,13:40:46.453829618
2323.0,1,13:40:48.479830985
2323.0,1,13:40:48.481304304
2323.0,1,13:40:48.481340971
2322.9,1,13:40:48.639801068
2323.1,1,13:40:48.704109614
2323.0,2,13:40:54.578233947
2323.1,5,13:40:56.272056711
2323.2,2,13:40:57.268406333
2323.2,1,13:40:58.339030515
2323.1,1,13:40:58.342848010
2323.2,1,13:40:58.684595911
2323.2,3,13:41:00.033929537
2323.1,1,13:41:02.328093949
2323.0,1,13:41:02.546045862
2323.2,1,13:41:04.006383380
2323.1,4,13:41:04.006383380
2323.1,1,13:41:11.132119634
2323.2,4,13:41:11.132119634
2323.0,1,13:41:11.518489915
2323.1,5,13:41:18.490969999
2323.0,2,13:41:18.491612869
2322.9,1,13:41:18.890298902
2322.8,2,13:41:18.893095679
2323.0,1,13:41:19.174211102
2323.0,1,13:41:19.630584729
2323.0,4,13:41:24.898218719
2322.9,1,13:41:24.898218719
2322.8,1,13:41:25.573478187
2323.0,5,13:41:32.015115155
2322.9,1,13:41:32.608863789
2322.9,1,13:41:32.609078527
2322.8,2,13:41:32.767792312
2323.0,1,13:41:38.755355412
2322.9,4,13:41:38.755355412
2322.9,1,13:41:38.757063073
2322.9,1,13:41:38.757348614
2322.9,1,13:41:38.757775940
2322.9,1,13:41:38.782989298
2322.8,1,13:41:38.788235350
2322.9,1,13:41:41.854163810
2322.9,2,13:41:41.854278987
2323.0,1,13:41:41.854278987
2323.0,1,13:41:41.857102906
2323.0,1,13:41:41.857571962
2323.0,1,13:41:44.567539928
2323.0,1,13:41:44.567634205
2322.9,4,13:41:45.195287563
2322.9,1,13:41:45.195734420
2323.0,5,13:41:45.196785097
2323.0,5,13:41:52.047149817
2322.9,1,13:41:52.508872289
2322.9,1,13:41:54.310539675
2323.1,1,13:41:58.162977628
2323.0,4,13:41:58.162977628
2322.9,1,13:41:58.164651211
2322.8,1,13:41:58.912096222
2322.8,2,13:41:58.913371247
2322.8,1,13:41:58.913684558
2322.8,1,13:41:58.914267703
2322.9,1,13:42:01.409215032
2322.9,2,13:42:01.410238957
2322.9,1,13:42:01.410296395
2322.9,1,13:42:01.411269992
2323.0,3,13:42:01.626059745
2323.1,1,13:42:02.964667288
2323.1,2,13:42:02.964864569
2323.1,1,13:42:02.964901805
2323.1,2,13:42:02.965019177
2323.2,1,13:42:02.965921995
2323.0,1,13:42:03.244797992
2323.0,1,13:42:03.356173181
2323.0,1,13:42:03.356751881
2323.1,2,13:42:03.537206119
2323.1,1,13:42:03.667373800
2323.1,1,13:42:03.667408696
2323.2,5,13:42:04.599255572
2323.2,4,13:42:04.599561288
2323.2,4,13:42:06.636241584
2323.1,3,13:42:06.653771698
2323.1,2,13:42:06.654885515
2323.1,1,13:42:06.655281574
2322.9,1,13:42:08.758887311
2322.9,1,13:42:08.758971085
2322.9,2,13:42:08.759262545
2322.9,1,13:42:08.759420041
2323.0,1,13:42:08.759576775
2322.9,1,13:42:08.760592683
2323.1,1,13:42:10.743310108
2323.1,1,13:42:10.743613955
2323.2,5,13:42:11.328769660
2323.1,1,13:42:11.649106683
2323.1,1,13:42:13.123634989
2323.2,5,13:42:14.182313319
2323.3,1,13:42:15.430038409
2323.3,3,13:42:15.430166075
2323.3,1,13:42:15.430858000
2323.4,2,13:42:17.010736065
2323.3,3,13:42:17.267847065
2323.3,1,13:42:17.269559329
2323.3,1,13:42:17.270286298
2323.3,3,13:42:17.447188334
2323.3,4,13:42:17.447616612
2323.3,1,13:42:17.448266414
2323.4,5,13:42:17.530378285
2323.3,1,13:42:18.027160760
2323.2,1,13:42:18.043851139
2323.2,1,13:42:18.045311700
2323.3,1,13:42:18.520728855
2323.4,1,13:42:18.921695535
2323.2,1,13:42:18.927851154
2323.2,1,13:42:22.240924326
2323.3,5,13:42:23.328456933
2323.2,2,13:42:23.329170369
2323.2,2,13:42:23.329719058
2323.2,1,13:42:23.329874309
2323.1,1,13:42:24.080183709
2323.1,1,13:42:28.081664481
2323.2,1,13:42:28.082198764
2323.3,5,13:42:29.978903789
2323.2,1,13:42:30.388496253
2323.3,5,13:42:37.544306874
2323.5,1,13:42:44.460782836
2323.4,4,13:42:44.460782836
2323.5,1,13:42:44.460795809
2323.3,1,13:42:44.463265476
2323.2,3,13:42:45.402327525
2323.2,1,13:42:45.403120460
2323.2,2,13:42:49.591582538
2323.3,2,13:42:50.844529204
2323.4,3,13:42:50.844529204
2323.3,1,13:42:50.845408520
2323.2,1,13:42:51.174772018
2323.1,1,13:42:51.255350025
2323.1,1,13:42:51.600137764
2323.3,2,13:42:56.699919932
2323.2,1,13:42:56.711665132
2323.2,1,13:42:58.895881432
2323.2,3,13:42:58.896080197
2323.3,1,13:43:02.039681631
2323.2,5,13:43:02.040465659
2323.1,1,13:43:05.665573700
2323.1,2,13:43:09.097603711
2323.2,2,13:43:09.097603711
2323.1,1,13:43:09.098310220
2323.0,1,13:43:11.104480773
2323.0,2,13:43:11.104560090
2323.0,1,13:43:11.104612685
2323.0,1,13:43:11.104661570
2323.2,2,13:43:20.316224747
2323.2,5,13:43:20.316268063
2323.2,1,13:43:20.316296860
2323.2,1,13:43:20.317159079
2323.3,1,13:43:23.794636600
2323.2,1,13:43:23.827812360
2323.3,1,13:43:28.946482808
2323.2,3,13:43:32.368074806
2323.0,3,13:43:39.351529819
2322.9,4,13:43:52.528990425
2322.9,1,13:43:59.709576059
2322.9,1,13:43:59.709913682
2322.9,1,13:44:05.784831517
2322.9,2,13:44:06.915696156
2322.9,1,13:44:09.054546084
2322.9,1,13:44:12.374487103
2322.9,2,13:44:12.374755711
2322.9,1,13:44:12.374784112
2322.9,1,13:44:12.374812915
2322.9,1,13:44:12.374921190
2322.8,2,13:44:19.136156250
2322.8,7,13:44:23.120992835
2322.8,1,13:44:23.122244867
2322.9,4,13:44:25.940057825
2322.9,1,13:44:25.940344171
2323.0,1,13:44:26.068329639
2323.0,1,13:44:26.068558155
2323.0,1,13:44:26.068708449
2323.0,5,13:44:26.068773826
2323.0,1,13:44:26.431811445
2323.0,1,13:44:26.435933502
2323.1,3,13:44:28.873464881
2323.1,1,13:44:28.873669824
2323.1,4,13:44:28.873746315
2323.0,2,13:44:31.206720719
2323.0,1,13:44:34.331592812
2322.9,1,13:44:41.321398255
2323.0,1,13:44:47.354498742
2322.8,4,13:45:03.703699261
2322.8,1,13:45:03.704350699
2322.9,3,13:45:12.359421304
2322.8,1,13:45:12.359991765
2322.8,1,13:45:12.360578464
2322.8,3,13:45:12.523327664
2322.8,2,13:45:13.036677887
2322.9,3,13:45:13.036677887
2322.8,1,13:45:13.037632470
2322.9,2,13:45:13.037744537
2322.9,1,13:45:32.526958449
2322.9,2,13:45:40.646549540
2322.7,4,13:45:46.477983323
2322.7,1,13:45:46.478406999
2322.7,2,13:45:46.478854650
2322.8,1,13:45:46.478975909
2322.8,1,13:45:46.480185944
2322.9,3,13:45:50.535886481
2322.9,1,13:45:50.536472616
2322.8,4,13:45:53.705414713
2322.7,1,13:45:56.810172081
2322.7,1,13:45:56.810579196
2322.8,1,13:45:57.818406333
2322.8,1,13:46:04.325983173
2322.8,1,13:46:05.035261230
2322.7,1,13:46:08.745765836
2322.6,4,13:46:09.758136771
2322.6,2,13:46:09.758486557
2322.6,1,13:46:13.302894129
2322.6,1,13:46:13.669624225
2322.5,3,13:46:18.358538868
2322.5,1,13:46:18.358579675
2322.6,1,13:46:18.406673953
2322.6,1,13:46:18.519366923
2322.4,4,13:46:31.035012723
2322.5,1,13:46:31.089627828
2322.5,1,13:46:32.214359000
2322.5,1,13:46:32.214629739
2322.5,1,13:46:34.955458537
2322.4,5,13:46:35.009241515
2322.5,1,13:46:35.628263309
2322.5,1,13:46:35.628587405
2322.6,4,13:46:36.794315739
2322.6,1,13:46:43.937725511
2322.6,1,13:46:43.938224359
2322.6,1,13:46:43.938512711
2322.6,1,13:46:43.938541796
2322.6,3,13:46:52.362547626
2322.6,2,13:46:52.362773459
2322.6,1,13:46:52.364296670
2322.5,1,13:46:52.378614530
2322.4,3,13:47:03.680589088
2322.5,2,13:47:03.681368909
2322.5,3,13:47:11.616443967
2322.5,1,13:47:11.616493383
2322.5,1,13:47:11.616561403
2322.5,1,13:47:11.617034632
2322.4,1,13:47:21.793861714
2322.3,1,13:47:23.118527522
2322.3,2,13:47:24.085755330
2322.3,1,13:47:24.242127649
2322.3,1,13:47:24.436470965
2322.2,1,13:47:29.518526857
2322.2,1,13:47:29.519004918
2322.2,1,13:47:29.829346175
2322.2,1,13:47:29.829574202
2322.3,1,13:47:31.537265977
2322.3,1,13:47:31.537726841
2322.3,5,13:47:31.537991550
2322.4,1,13:47:31.539557901
2322.5,1,13:47:32.104566372
2322.4,1,13:47:32.700374172
2322.4,1,13:47:32.700412925
2322.3,1,13:47:35.689317481
2322.3,1,13:47:36.149658496
2322.4,1,13:47:39.556129801
2322.5,1,13:47:40.748422619
2322.3,1,13:47:43.083051191
2322.4,1,13:47:45.801090211
2322.4,2,13:47:45.801596171
2322.3,1,13:47:51.667756983
2322.4,1,13:47:59.113698466
2322.5,1,13:48:07.175321142
2322.4,2,13:48:07.683780622
2322.3,1,13:48:14.192451768
2322.2,1,13:48:21.114199444
2322.3,1,13:48:21.117236109
2322.3,1,13:48:23.501176138
2322.3,1,13:48:23.501919123
2322.3,1,13:48:23.652015576
2322.3,1,13:48:31.974422439
2322.3,1,13:48:32.384143021
2322.3,1,13:48:39.285079712
2322.4,4,13:48:43.768445634
2322.4,1,13:48:43.768480351
2322.4,1,13:49:00.192516449
2322.3,1,13:49:05.569979037
2322.3,2,13:49:07.592919545
2322.4,2,13:49:09.519746878
2322.4,1,13:49:09.520366702
2322.3,2,13:49:10.991895283
2322.3,1,13:49:10.992665531
2322.3,1,13:49:23.112932557
2322.4,1,13:49:29.177201082
2322.5,1,13:49:37.337919957
2322.5,2,13:49:37.765504103
2322.6,1,13:49:41.753975997
2322.6,2,13:49:47.503983097
2322.4,6,13:49:49.485546030
2322.5,4,13:49:49.485546030
2322.4,1,13:49:49.487041497
2322.4,2,13:49:57.332920054
2322.4,1,13:49:57.334049718
2322.4,1,13:49:57.361612567
2322.3,2,13:50:11.827837747
2322.3,1,13:50:11.847110944
2322.2,1,13:50:13.972432144
2322.3,2,13:50:15.351431019
2322.2,3,13:50:15.351886833
2322.2,1,13:50:26.496490137
2322.2,1,13:50:26.497354846
2322.1,1,13:50:27.740559250
2322.1,1,13:50:27.744579985
2322.1,1,13:50:27.744851850
2322.1,1,13:50:27.745090584
2322.0,1,13:50:27.745223435
2322.3,7,13:50:28.868481131
2322.4,2,13:50:28.868481131
2322.2,8,13:50:28.868481131
2322.1,3,13:50:28.868481131
2322.2,1,13:50:28.871929520
2322.2,1,13:50:28.871966916
2322.2,1,13:50:28.872864041
2322.2,1,13:50:29.085072026
2322.1,1,13:50:29.434801735
2322.1,2,13:50:30.360682109
2322.1,2,13:50:48.903305285
2322.1,1,13:50:48.903700493
2322.1,1,13:50:48.904737403
2322.1,2,13:50:55.718246702
2322.2,4,13:51:01.571956839
2322.2,1,13:51:01.571987197
2322.2,1,13:51:01.718357808
2322.1,1,13:51:04.515914585
2322.3,5,13:51:11.484415333
2322.3,1,13:51:11.726017017
2322.2,1,13:51:14.588931656
2322.1,2,13:51:18.765399526
2322.1,1,13:51:18.787788812
2322.2,3,13:51:23.396544764
2322.3,12,13:51:25.930564654
2322.3,1,13:51:26.028470988
2322.4,7,13:51:31.979685480
2322.4,1,13:51:31.981133013
2322.4,4,13:51:32.105866692
2322.4,4,13:51:32.106080306
2322.5,1,13:51:43.359185859
2322.5,1,13:51:43.359220765
2322.5,1,13:51:43.359421247
2322.5,3,13:51:43.359463237
2322.5,1,13:51:52.901565011
2322.4,3,13:51:55.573241078
2322.4,1,13:51:55.573277804
2322.4,1,13:51:55.573739591
2322.4,1,13:51:55.573788085
2322.4,1,13:51:55.573829459
2322.4,3,13:51:55.573879377
2322.4,1,13:51:55.573932328
2322.4,1,13:51:55.573975183
2322.4,1,13:51:55.574538782
2322.4,1,13:51:55.581211972
2322.3,1,13:51:58.734774285
2322.4,1,13:51:58.758043840
2322.4,2,13:52:00.098174017
2322.4,1,13:52:00.098206155
2322.4,1,13:52:00.098356283
2322.5,2,13:52:00.504279051
2322.5,1,13:52:00.505008749
2322.5,2,13:52:00.753209385
2322.5,1,13:52:01.977435673
2322.4,3,13:52:20.786382737
2322.5,1,13:52:22.351387671
2322.4,4,13:52:31.286219260
2322.4,1,13:52:31.286691366
2322.4,1,13:52:31.286979922
2322.6,2,13:52:41.381951922
2322.7,1,13:52:48.207580757
2322.8,1,13:52:48.672016739
2322.6,2,13:52:51.937726597
2322.6,1,13:52:51.938285722
2322.7,1,13:52:52.905193757
2322.8,2,13:52:53.034280824
2322.7,1,13:53:01.092827420
2322.7,1,13:53:01.617834589
2322.6,1,13:53:01.627693264
2322.8,1,13:53:02.672776295
2322.7,1,13:53:02.694292518
2322.7,1,13:53:11.557989061
2322.7,1,13:53:11.601316771
2322.7,1,13:53:27.221020144
2322.7,1,13:53:27.221068020
2322.7,3,13:53:27.221268107
2322.8,1,13:53:54.945192920
2322.8,4,13:53:54.945576077
2322.9,3,13:53:54.946398854
2322.9,1,13:53:54.946660534
2322.9,1,13:54:00.816908392
2322.8,5,13:54:04.028636097
2322.9,2,13:54:09.982679966
2322.8,2,13:54:13.257142331
2322.7,1,13:54:13.257220509
2322.8,1,13:54:16.287497060
2322.8,10,13:54:16.287884274
2322.8,2,13:54:16.735128284
2322.7,3,13:54:16.735128284
2322.8,3,13:54:17.630209205
2322.8,6,13:54:17.630328272
2322.8,6,13:54:17.630487310
2322.8,5,13:54:18.038136868
2322.7,5,13:54:18.454475333
2322.8,1,13:54:18.455252841
2322.8,3,13:54:18.654324193
2322.7,2,13:54:18.654324193
2322.7,4,13:54:18.805972306
2322.7,1,13:54:18.806403944
2322.8,5,13:54:18.806991539
2322.8,5,13:54:19.039592818
2322.7,4,13:54:19.678433003
2322.7,1,13:54:19.678793033
2322.8,1,13:54:19.761199453
2322.8,9,13:54:19.761441487
2322.8,5,13:54:19.862377015
2322.7,1,13:54:19.871295516
2322.7,5,13:54:20.022403664
2322.8,3,13:54:20.028706607
2322.8,1,13:54:20.028959029
2322.7,5,13:54:20.190397335
2322.8,1,13:54:20.190868576
2322.9,3,13:54:23.222733278
2322.9,1,13:54:28.591402870
2323.0,2,13:54:28.591699625
2323.0,2,13:54:28.591766954
2323.1,1,13:54:30.420779166
2323.1,1,13:54:42.096840470
2323.1,1,13:54:56.297691386
2323.0,1,13:55:00.930022318
2323.0,2,13:55:01.053938145
2322.9,1,13:55:01.562384741
2323.0,1,13:55:01.603252468
2322.9,3,13:55:17.197276026
2322.9,1,13:55:25.713879623
2323.1,2,13:55:35.376754489
2323.1,1,13:55:35.378229799
2323.1,1,13:55:35.379436802
2323.1,1,13:55:35.380274643
2323.1,2,13:55:38.017416704
2323.1,1,13:55:38.017928705
2322.9,1,13:55:41.079275128
2322.7,1,13:55:43.327643112
2322.7,2,13:55:43.327977551
2322.7,1,13:55:43.967015084
2322.7,1,13:55:44.431851052
2322.7,4,13:55:44.434992894
2322.7,14,13:55:44.435229593
2322.7,5,13:55:44.576086025
2322.7,4,13:55:46.045081584
2322.7,1,13:55:46.045340258
2322.8,1,13:55:46.124551376
2322.8,4,13:55:46.126764477
2322.8,9,13:55:46.127014290
2322.8,1,13:55:46.127079008
2322.8,1,13:55:46.127179717
2322.8,3,13:55:46.127433159
2322.8,1,13:55:46.127517452
2322.9,7,13:55:46.884047273
2322.9,4,13:55:46.884550983
2322.9,3,13:55:58.905776249
2322.9,1,13:55:59.286722056
2322.8,1,13:56:05.596612324
2322.8,1,13:56:05.596997907
2322.8,1,13:56:05.602856770
2322.7,1,13:56:32.939218939
2322.7,1,13:56:33.173424273
2322.7,1,13:56:33.181287202
2322.8,3,13:56:35.673522837
2322.8,2,13:56:35.676481876
2322.7,1,13:56:36.130323828
2322.7,1,13:56:39.615284382
2322.6,1,13:56:44.065663376
2322.5,1,13:56:48.281873507
2322.6,1,13:56:49.438343859
2322.7,1,13:56:50.592547880
2322.6,1,13:56:51.077144668
2322.5,2,13:56:58.229930442
2322.5,1,13:56:58.230366499
2322.4,1,13:56:59.565941266
2322.5,1,13:57:01.979986954
2322.3,1,13:57:15.528228203
2322.3,1,13:57:15.528488634
2322.3,1,13:57:18.192530765
2322.4,1,13:57:26.602237491
2322.3,1,13:57:26.602237491
2322.3,1,13:57:28.900823740
2322.3,1,13:57:28.901548221
2322.3,1,13:57:33.220219472
2322.2,1,13:57:43.105537394
2322.3,1,13:57:43.713145080
2322.3,2,13:57:54.548720409
2322.2,1,13:57:54.701725974
2322.4,1,13:57:54.751342285
2322.3,1,13:58:05.525633419
2322.3,1,13:58:05.526348921
2322.3,1,13:58:15.354888146
2322.2,1,13:58:17.183616032
2322.2,1,13:58:19.911779752
2322.2,2,13:58:23.313235174
2322.2,1,13:58:23.332888140
2322.2,2,13:58:25.057248934
2322.2,3,13:58:25.057533944
2322.2,2,13:58:28.785480958
2322.2,1,13:58:28.786026208
2322.2,1,13:58:32.024600391
2322.1,1,13:58:32.434216397
2322.1,1,13:58:32.434530064
2322.1,1,13:58:32.435048433
2322.1,1,13:58:32.435765235
2322.0,1,13:58:33.527153385
2322.0,8,13:58:34.977940515
2322.0,1,13:58:34.992219472
2322.0,2,13:58:34.992453656
2322.1,2,13:58:35.230912749
2322.0,1,13:58:45.043270311
2322.0,1,13:58:48.285618461
2322.0,1,13:58:48.918416321
2321.9,7,13:58:50.869413294
2321.9,1,13:58:50.869983229
2321.9,2,13:58:50.870270006
2322.0,1,13:58:56.124291882
2321.9,3,13:59:00.251878995
2321.9,1,13:59:01.142718679
2321.8,4,13:59:03.007461551
2321.8,1,13:59:03.007475792
2321.8,1,13:59:03.013138501
2321.8,1,13:59:04.884348463
2321.9,2,13:59:08.428159493
2321.8,3,13:59:08.428819845
2321.8,1,13:59:08.445628120
2321.7,2,13:59:09.769495438
2321.7,4,13:59:09.769762454
2321.7,1,13:59:09.770124577
2321.6,1,13:59:09.771204605
2321.6,1,13:59:11.135877225
2321.6,1,13:59:11.136168895
2321.6,1,13:59:11.136281830
2321.6,1,13:59:13.854802593
2321.6,1,13:59:13.855299752
2321.7,2,13:59:17.907799977
2321.6,2,13:59:18.763494069
2321.7,1,13:59:20.101788323
2321.6,1,13:59:27.210208644
2321.6,1,13:59:27.674857329
2321.6,1,13:59:28.069708927
2321.7,1,13:59:39.077475410
2321.7,1,13:59:39.215000948
2321.7,1,13:59:39.318521611
2321.7,1,13:59:39.318758713
2321.8,1,13:59:39.477925543
2321.7,1,13:59:46.835192832
2321.8,1,13:59:46.929175354
2321.8,1,13:59:48.971650217
2321.8,1,13:59:49.104761278
2321.6,1,13:59:49.352332095
2321.8,1,13:59:54.828446970
2321.8,2,13:59:54.828975819
2321.9,1,13:59:55.085339907
2321.8,1,13:59:55.876360688
2321.8,1,13:59:56.941758986
2321.7,1,13:59:57.360514872
