price,volume,timestamp
107.6563,50,09:45:00.169792960
107.6406,4,09:45:00.235743643
107.6406,100,09:45:01.377386014
107.6563,200,09:45:01.852621271
107.6406,10,09:45:02.332114209
107.6563,1,09:45:02.867391818
107.6563,200,09:45:03.264508473
107.6563,100,09:45:04.082904178
107.6563,1,09:45:05.050981017
107.6563,200,09:45:05.803514989
107.6563,100,09:45:07.609062595
107.6563,50,09:45:07.862906199
107.6406,50,09:45:08.720189941
107.6406,1,09:45:08.767398646
107.6563,9,09:45:11.880707514
107.6563,250,09:45:16.162176997
107.6563,866,09:45:16.163635618
107.6563,1,09:45:16.163678054
107.6563,1,09:45:16.163976345
107.6563,1,09:45:16.164024547
107.6563,28,09:45:16.165377012
107.6563,1,09:45:16.165631054
107.6563,2,09:45:16.165748317
107.6563,1,09:45:16.165802989
107.6563,1,09:45:16.165914698
107.6563,28,09:45:16.165914698
107.6563,6,09:45:16.165959435
107.6563,145,09:45:16.166102403
107.6563,52,09:45:16.166148245
107.6563,1,09:45:16.166186236
107.6563,3,09:45:16.166287966
107.6563,9,09:45:16.166326024
107.6563,1,09:45:16.166373318
107.6563,1,09:45:16.166439834
107.6563,4,09:45:16.166439834
107.6563,1,09:45:16.166554681
107.6563,9,09:45:16.166559887
107.6563,3,09:45:16.166591792
107.6563,17,09:45:16.166702537
107.6563,10,09:45:16.166702537
107.6563,7,09:45:16.166805676
107.6563,1,09:45:16.166805676
107.6563,1,09:45:16.166850393
107.6563,60,09:45:16.166927751
107.6563,1,09:45:16.167001443
107.6563,1,09:45:16.167069169
107.6563,15,09:45:16.167069169
107.6563,1,09:45:16.167101794
107.6563,1,09:45:16.167142822
107.6563,1,09:45:16.167208542
107.6563,1,09:45:16.167267518
107.6563,1,09:45:16.167342291
107.6563,1,09:45:16.167436060
107.6563,1,09:45:16.167481997
107.6563,9,09:45:16.167545445
107.6563,2,09:45:16.167622739
107.6563,1,09:45:16.167659938
107.6563,1,09:45:16.167690051
107.6563,1,09:45:16.167794694
107.6563,4,09:45:16.167899180
107.6563,1,09:45:16.167899180
107.6563,1,09:45:16.167935928
107.6563,1,09:45:16.167983306
107.6563,1,09:45:16.168072514
107.6563,2,09:45:16.168152926
107.6563,1,09:45:16.168202341
107.6563,1,09:45:16.168278265
107.6563,32,09:45:16.168433856
107.6563,248,09:45:16.168929578
107.6563,40,09:45:16.173194560
107.6563,5,09:45:16.173194560
107.6563,17,09:45:16.173230611
107.6563,1,09:45:16.173274779
107.6563,21,09:45:16.173347136
107.6563,30,09:45:16.173347136
107.6563,4,09:45:16.173379062
107.6563,52,09:45:16.173549948
107.6563,24,09:45:16.173685689
107.6563,5,09:45:16.174008425
107.6563,4,09:45:16.174086808
107.6563,1,09:45:16.174681251
107.6563,20,09:45:16.174735826
107.6563,4,09:45:16.174789411
107.6563,89,09:45:16.174937728
107.6563,37,09:45:16.175051311
107.6563,10,09:45:16.175155275
107.6563,2,09:45:16.175155275
107.6563,6,09:45:16.175256986
107.6563,1,09:45:16.175256986
107.6563,1,09:45:16.176095236
107.6563,17,09:45:16.177457548
107.6563,5,09:45:16.179590503
107.6563,1,09:45:16.180539966
107.6563,1,09:45:16.180589790
107.6563,50,09:45:16.180617826
107.6563,194,09:45:16.183308578
107.6563,1,09:45:16.188209240
107.6563,2,09:45:16.192971602
107.6563,3,09:45:16.192995938
107.6563,3,09:45:16.193066234
107.6563,5,09:45:16.193097630
107.6563,7,09:45:16.193206290
107.6563,4,09:45:16.238626900
107.6563,3,09:45:16.247100386
107.6563,10,09:45:18.368713648
107.6563,1,09:45:18.368917467
107.6563,19,09:45:18.580283303
107.6563,48,09:45:18.580504511
107.6563,2,09:45:18.580823452
107.6563,1,09:45:18.580991462
107.6563,41,09:45:18.581090446
107.6563,1,09:45:18.581341504
107.6563,5,09:45:18.581418219
107.6563,8,09:45:18.581465935
107.6563,1,09:45:18.685516945
107.6563,27,09:45:18.750683545
107.6563,41,09:45:18.750835104
107.6563,1,09:45:18.751651009
107.6563,1,09:45:18.751803063
107.6563,27,09:45:18.751856792
107.6563,82,09:45:18.751914712
107.6563,1,09:45:18.751994234
107.6563,1,09:45:18.752344658
107.6563,2,09:45:18.752408287
107.6563,1,09:45:18.752426371
107.6563,1,09:45:18.752453572
107.6563,122,09:45:18.752621044
107.6563,41,09:45:18.752846863
107.6563,50,09:45:18.753087886
107.6563,26,09:45:18.753396816
107.6563,1,09:45:18.754514947
107.6563,1,09:45:19.061666764
107.6563,150,09:45:19.433967167
107.6406,2859,09:45:19.439872979
107.6406,2,09:45:19.446413405
107.6406,40,09:45:19.450819097
107.6406,79,09:45:19.452223173
107.6406,1,09:45:19.454646352
107.6406,3,09:45:19.456100378
107.6406,2,09:45:19.456528178
107.6406,238,09:45:19.456781006
107.6406,1,09:45:19.461727259
107.6406,1,09:45:19.462168852
107.6406,1,09:45:19.465372644
107.6406,1,09:45:19.469278582
107.6406,90,09:45:19.469990975
107.6406,5,09:45:19.470670752
107.6406,308,09:45:19.542062800
107.6406,2,09:45:19.543737474
107.6406,35,09:45:19.545519853
107.6406,35,09:45:19.545685136
107.6406,1,09:45:19.545728650
107.6406,20,09:45:19.545761614
107.6406,1,09:45:19.545830514
107.6406,1,09:45:19.545869917
107.6406,1,09:45:19.545906574
107.6406,1,09:45:19.545992547
107.6406,1,09:45:19.546019673
107.6406,1,09:45:19.546044561
107.6406,1,09:45:19.546087560
107.6406,1,09:45:19.546141363
107.6406,1,09:45:19.546185837
107.6406,1,09:45:19.546244415
107.6406,1,09:45:19.546299909
107.6406,1,09:45:19.546320418
107.6406,1,09:45:19.546366257
107.6406,1,09:45:19.546404085
107.6406,1,09:45:19.546465625
107.6406,1,09:45:19.546565950
107.6406,1,09:45:19.546615286
107.6406,1,09:45:19.546683194
107.6406,1,09:45:19.546792316
107.6406,34,09:45:19.546995946
107.6406,1,09:45:19.547206424
107.6406,1,09:45:19.547248578
107.6563,10,09:45:19.602462186
107.6406,5,09:45:20.497728092
107.6406,1,09:45:20.497985477
107.6406,5,09:45:20.655933451
107.6406,394,09:45:21.511244659
107.6406,20,09:45:21.591957479
107.6406,30,09:45:23.274960648
107.6406,308,09:45:23.275789388
107.6406,100,09:45:23.276415439
107.6406,1,09:45:23.276518644
107.6406,96,09:45:23.276579381
107.6406,50,09:45:23.276694309
107.6406,1,09:45:23.278505224
107.6406,10,09:45:23.684194263
107.6406,10,09:45:23.898260817
107.6406,1,09:45:26.980253606
107.6406,1,09:45:26.980321015
107.6406,82,09:45:26.980603664
107.6406,56,09:45:26.980745434
107.6406,77,09:45:26.980951479
107.6406,1,09:45:26.981020351
107.6406,5,09:45:26.981125646
107.6406,8,09:45:26.981225152
107.6406,54,09:45:26.981442552
107.6406,1,09:45:26.981615215
107.6406,11,09:45:26.981672344
107.6406,4,09:45:26.981739006
107.6406,1,09:45:26.981763656
107.6406,1,09:45:26.982798863
107.6406,100,09:45:26.984018649
107.6406,50,09:45:26.984069331
107.6406,62,09:45:26.984278363
107.6406,4,09:45:26.984788079
107.6406,1,09:45:26.985627052
107.6406,5,09:45:26.986021543
107.6406,1,09:45:26.986079644
107.6406,52,09:45:26.986405375
107.6406,5,09:45:26.986434050
107.6406,1,09:45:27.001332991
107.6406,61,09:45:27.078378858
107.6406,1,09:45:27.079078516
107.6406,1,09:45:27.079371404
107.6406,97,09:45:27.079537428
107.6406,5,09:45:28.149905190
107.625,41,09:45:30.865293930
107.625,226,09:45:30.866210515
107.625,19,09:45:30.867806442
107.625,36,09:45:31.011318514
107.625,1,09:45:31.811015702
107.625,18,09:45:33.439102750
107.625,41,09:45:34.533909013
107.625,82,09:45:34.534200023
107.625,1,09:45:34.649438919
107.625,378,09:45:34.649814940
107.625,1,09:45:34.675300510
107.625,39,09:45:34.675530422
107.625,50,09:45:34.675566467
107.625,1,09:45:35.165927773
107.625,1,09:45:35.177116895
107.6094,41,09:45:36.980079897
107.6094,1,09:45:36.980388601
107.6094,1,09:45:36.980410275
107.6094,1,09:45:36.980455504
107.6094,1,09:45:36.980516507
107.6094,1,09:45:36.980551305
107.6094,1,09:45:36.980612452
107.6094,104,09:45:36.980677566
107.6094,2,09:45:37.066315559
107.6094,6,09:45:37.066906127
107.5938,2,09:45:38.456590986
107.5938,11,09:45:38.458662468
107.6094,176,09:45:39.750665487
107.6094,50,09:45:40.684697129
107.6094,1,09:45:40.684953945
107.6094,10,09:45:40.685029226
107.6094,46,09:45:40.685326247
107.6094,4,09:45:40.685510964
107.6094,17,09:45:40.685534993
107.6094,41,09:45:40.685605779
107.6094,2,09:45:40.685623200
107.6094,2,09:45:40.685689932
107.6094,6,09:45:40.685689932
107.6094,1,09:45:40.685733471
107.6094,1,09:45:40.685762570
107.6094,3,09:45:40.685780240
107.6094,59,09:45:40.685976558
107.6094,58,09:45:40.737224163
107.6094,40,09:45:40.737285694
107.6094,6,09:45:40.737386662
107.6094,3,09:45:40.737439405
107.6094,1,09:45:40.737489627
107.6094,1,09:45:40.737681183
107.6094,2,09:45:40.737927502
107.6094,1,09:45:40.738034880
107.6094,4,09:45:40.738540554
107.6094,17,09:45:40.738679757
107.6094,1,09:45:40.738747868
107.6094,1,09:45:40.738821322
107.6094,7,09:45:40.739026724
107.6094,1,09:45:40.739250363
107.6094,1,09:45:40.739387004
107.6094,1,09:45:40.740549302
107.6094,1,09:45:43.031650449
107.6094,1,09:45:43.084554453
107.6094,1,09:45:43.084593817
107.6094,1,09:45:43.084640551
107.6094,1,09:45:43.085149233
107.6094,30,09:45:43.085201644
107.6094,2,09:45:43.085323394
107.6094,4,09:45:43.085348958
107.6094,17,09:45:43.085493268
107.6094,50,09:45:43.086475295
107.6094,14,09:45:43.087453881
107.6094,33,09:45:43.087747078
107.6094,111,09:45:43.088268454
107.6094,1,09:45:43.088312519
107.6094,4,09:45:43.089704493
107.6094,1,09:45:43.090059175
107.6094,4,09:45:43.090800310
107.6094,1,09:45:43.090988624
107.6094,1,09:45:43.091114624
107.6094,2,09:45:43.612488657
107.6094,20,09:45:43.846591896
107.6094,20,09:45:43.849862035
107.6094,11,09:45:44.059025696
107.6094,1,09:45:44.059393827
107.6094,15,09:45:44.059566965
107.6094,1,09:45:44.059785977
107.6094,2,09:45:44.060031099
107.6094,16,09:45:44.060287788
107.6094,5,09:45:44.061504328
107.6094,20,09:45:44.064296589
107.6094,250,09:45:45.265163629
107.6094,1,09:45:45.265958156
107.6094,8,09:45:45.266395695
107.6094,1,09:45:45.266739308
107.6094,1,09:45:45.266768982
107.6094,49,09:45:45.266839541
107.6094,1,09:45:45.266861823
107.6094,1,09:45:45.266909459
107.6094,1,09:45:45.266989998
107.6094,1,09:45:45.266993544
107.6094,1,09:45:45.267076086
107.6094,1,09:45:45.267083600
107.6094,1,09:45:45.267110852
107.6094,1,09:45:45.267141940
107.6094,1,09:45:45.267187682
107.6094,1,09:45:45.267281239
107.6094,1,09:45:45.267366012
107.6094,1,09:45:45.267372790
107.6094,1,09:45:45.267403936
107.6094,1,09:45:45.267444801
107.6094,1,09:45:45.267518914
107.6094,1,09:45:45.267589184
107.6094,1,09:45:45.267686443
107.6094,8,09:45:45.267874534
107.6094,40,09:45:45.268037974
107.6094,1,09:45:45.268073479
107.6094,2,09:45:45.268124984
107.6094,56,09:45:45.268214368
107.6094,71,09:45:45.268356106
107.6094,6,09:45:45.268510313
107.6094,13,09:45:45.268589134
107.6094,22,09:45:45.268617762
107.6094,1,09:45:45.269658320
107.6094,89,09:45:45.274573566
107.6094,1,09:45:45.277044825
107.6094,1,09:45:45.278026883
107.6094,2,09:45:45.278238676
107.6094,5,09:45:45.278379507
107.6094,1,09:45:45.278410180
107.6094,57,09:45:45.279115676
107.6094,5,09:45:45.280577325
107.6094,1,09:45:45.281311541
107.6094,1,09:45:45.281343747
107.6094,20,09:45:45.284239724
107.6094,1,09:45:45.284360188
107.6094,1,09:45:45.284532800
107.6094,12,09:45:45.284561408
107.6094,3,09:45:45.284601290
107.6094,10,09:45:45.290765550
107.6094,1,09:45:45.862527247
107.6094,21,09:45:45.862657946
107.6094,19,09:45:45.862927935
107.6094,1,09:45:45.864726081
107.6094,3,09:45:45.864987539
107.6094,20,09:45:45.865153110
107.6094,1,09:45:45.865260412
107.6094,1,09:45:45.865288032
107.6094,1,09:45:45.865459690
107.6094,1,09:45:45.865874287
107.6094,1,09:45:45.866168097
107.6094,20,09:45:45.869236182
107.6094,1,09:45:45.869461937
107.6094,1,09:45:45.869533342
107.6094,31,09:45:45.954712182
107.6094,5,09:45:45.956822071
107.6094,1,09:45:45.956988036
107.6094,8,09:45:45.957029030
107.6094,1,09:45:45.957787223
107.6094,1,09:45:45.957957464
107.6094,1,09:45:45.958297464
107.6094,3,09:45:45.963587656
107.6094,1,09:45:46.091898514
107.6094,2,09:45:46.092007402
107.6094,1,09:45:46.543464970
107.6094,212,09:45:46.543844060
107.6094,4,09:45:46.633268351
107.6094,1,09:45:46.633513630
107.6094,10,09:45:48.767391336
107.625,2,09:45:50.140348708
107.6094,11,09:45:50.889734382
107.6094,9,09:45:51.354485503
107.625,100,09:45:51.375055824
107.6094,1,09:45:51.389982016
107.6094,500,09:45:52.394552214
107.6094,1,09:45:52.396864868
107.6094,195,09:45:52.399918693
107.6094,5,09:45:52.402955752
107.6094,1,09:45:52.403011145
107.6094,1,09:45:52.403031978
107.6094,1,09:45:52.403304269
107.6094,4,09:45:52.404794808
107.6094,1,09:45:53.005876094
107.6094,21,09:45:53.015942608
107.6094,1,09:45:53.016440615
107.6094,13,09:45:53.016472714
107.6094,7,09:45:53.016499451
107.6094,1,09:45:53.016518552
107.6094,7,09:45:53.016544524
107.6094,1,09:45:53.016563414
107.6094,15,09:45:53.016849538
107.6094,1,09:45:53.016895315
107.6094,1,09:45:53.017094218
107.6094,1,09:45:53.017427460
107.6094,1,09:45:53.017457256
107.6094,362,09:45:53.556843809
107.6094,1,09:45:55.043735634
107.6094,4,09:45:55.637139625
107.6094,5,09:45:55.637173091
107.6094,33,09:45:55.637190710
107.6094,14,09:45:55.637211139
107.6094,1,09:45:55.637228939
107.6094,6,09:45:55.637256177
107.6094,3,09:45:55.637506135
107.6094,20,09:45:55.637530996
107.6094,2,09:45:55.637556980
107.6094,65,09:45:55.637661910
107.6094,1,09:45:55.637734142
107.6094,1,09:45:55.637864267
107.6094,1,09:45:55.638107164
107.6094,1,09:45:55.638161775
107.6094,1,09:45:58.580440513
107.6094,100,09:46:02.018124046
107.5938,4,09:46:03.718986207
107.5938,3,09:46:03.719609861
107.5938,50,09:46:03.726588925
107.5938,1,09:46:03.726664344
107.5938,1,09:46:03.726821776
107.5938,2,09:46:03.727020394
107.5938,2,09:46:03.727079554
107.5938,4,09:46:03.727260933
107.5938,387,09:46:03.727880041
107.5938,1,09:46:03.728797697
107.5938,1,09:46:03.728856600
107.5938,39,09:46:03.728856600
107.5938,5,09:46:03.731896316
107.5938,41,09:46:03.744001293
107.5938,41,09:46:03.744173322
107.5938,4,09:46:03.744988115
107.5938,1,09:46:03.748039448
107.5938,1,09:46:03.775721923
107.5938,62,09:46:03.786241757
107.5938,1,09:46:03.786561517
107.5938,1,09:46:03.786647195
107.5938,14,09:46:03.786855696
107.5938,68,09:46:03.787088036
107.5938,4,09:46:03.787416635
107.5938,1,09:46:03.787565169
107.5938,1,09:46:03.787580165
107.5938,1,09:46:03.787613705
107.5938,7,09:46:03.787689929
107.5938,1,09:46:03.787689929
107.5938,1,09:46:03.787802844
107.5938,1,09:46:03.787815375
107.5938,1,09:46:03.787906142
107.5938,1,09:46:03.787944431
107.5938,9,09:46:03.788021984
107.5938,1,09:46:03.788871921
107.5938,1,09:46:04.039258523
107.5938,13,09:46:04.039787530
107.5938,3,09:46:04.039844446
107.5938,1,09:46:04.107990282
107.5938,7,09:46:04.108165982
107.5938,31,09:46:04.108195075
107.5938,1,09:46:04.108244371
107.5938,2,09:46:04.108335465
107.5938,10,09:46:04.108395158
107.5938,3,09:46:04.108395158
107.5938,8,09:46:04.108469499
107.5938,1,09:46:04.108549501
107.5938,5,09:46:04.108794597
107.5938,6,09:46:04.108836162
107.5938,10,09:46:04.108884432
107.5938,1,09:46:04.109301871
107.5938,1,09:46:04.109350051
107.5938,1,09:46:04.109451589
107.5938,4,09:46:04.110008672
107.5938,1,09:46:04.110337188
107.5938,1,09:46:04.110982673
107.5938,5,09:46:04.111366935
107.5938,1,09:46:04.111707648
107.5938,1,09:46:04.112082084
107.5938,5,09:46:04.112112193
107.5938,2,09:46:04.112233012
107.5938,1,09:46:04.112246026
107.5938,3,09:46:04.112297957
107.5938,1,09:46:04.112503391
107.5938,1,09:46:04.112588075
107.5938,6,09:46:04.112882151
107.5938,1,09:46:04.112905697
107.5938,2,09:46:04.112932120
107.5938,1,09:46:04.112998951
107.5938,1,09:46:04.113608290
107.5938,9,09:46:04.113986292
107.5938,1,09:46:04.114224431
107.5938,1,09:46:04.114873727
107.5938,27,09:46:04.115002680
107.5938,1,09:46:04.115642757
107.5938,22,09:46:04.115799687
107.5938,1,09:46:04.115960207
107.5938,11,09:46:04.116307906
107.5938,1,09:46:04.116556200
107.5938,4,09:46:04.116622710
107.5938,1,09:46:04.116940379
107.5781,2,09:46:05.624145534
107.5781,1,09:46:05.624162603
107.5781,95,09:46:05.641561079
107.5781,7,09:46:05.641765765
107.5781,1,09:46:05.641850176
107.5781,1,09:46:05.641934895
107.5781,1,09:46:05.641988470
107.5781,1,09:46:05.642035265
107.5781,1,09:46:05.642062110
107.5781,1,09:46:05.642105442
107.5781,1,09:46:05.642147903
107.5781,1,09:46:05.642175081
107.5781,1,09:46:05.642219284
107.5781,1,09:46:05.642251295
107.5781,1,09:46:05.642285638
107.5781,1,09:46:05.642327908
107.5781,1,09:46:05.642362136
107.5781,1,09:46:05.642400479
107.5781,1,09:46:05.642436662
107.5781,1,09:46:05.642493252
107.5781,1,09:46:05.642521620
107.5781,1,09:46:05.642597036
107.5781,1,09:46:05.642667834
107.5781,17,09:46:05.642810590
107.5781,5,09:46:05.643909383
107.5781,19,09:46:05.644463175
107.5781,41,09:46:05.644557407
107.5781,1,09:46:05.644692928
107.5781,41,09:46:05.644740093
107.5781,1,09:46:05.644808172
107.5781,4,09:46:05.644838925
107.5781,22,09:46:05.644866820
107.5781,1,09:46:05.645595349
107.5781,1,09:46:05.645692167
107.5781,1,09:46:05.646341451
107.5781,1,09:46:05.646654750
107.5781,1,09:46:05.646749251
107.5781,1,09:46:05.646960030
107.5781,5,09:46:05.647939070
107.5781,1,09:46:05.656306094
107.5781,1,09:46:05.667347184
107.5781,1,09:46:06.375207398
107.5781,80,09:46:06.384787982
107.5781,45,09:46:06.385343458
107.5781,93,09:46:06.406980398
107.5781,1,09:46:06.409614150
107.5781,100,09:46:06.670083268
107.5781,1,09:46:06.670248743
107.5781,1,09:46:06.670300232
107.5781,1,09:46:06.670338850
107.5781,1,09:46:06.670355081
107.5781,1,09:46:06.670416292
107.5781,1,09:46:06.670467455
107.5781,1,09:46:06.670527917
107.5781,1,09:46:06.670566759
107.5781,1,09:46:06.670638568
107.5781,1,09:46:06.670696662
107.5781,1,09:46:06.670722193
107.5781,21,09:46:06.670784645
107.5781,9,09:46:06.670828674
107.5781,64,09:46:06.672301687
107.5781,1,09:46:06.672581504
107.5781,25,09:46:06.672811509
107.5781,1,09:46:06.672849662
107.5781,1,09:46:06.673037816
107.5781,44,09:46:06.673144040
107.5781,1,09:46:06.673236496
107.5781,1,09:46:06.673316037
107.5781,6,09:46:06.673345765
107.5781,18,09:46:06.673366912
107.5781,1,09:46:06.674770274
107.5781,1,09:46:06.674800380
107.5781,1,09:46:06.675007543
107.5781,35,09:46:06.675759238
107.5781,6,09:46:06.675860133
107.5781,4,09:46:06.675951395
107.5781,4,09:46:06.675968046
107.5781,1,09:46:06.676106547
107.5781,1,09:46:06.676124315
107.5781,5,09:46:06.676270036
107.5781,1,09:46:06.676389897
107.5781,5,09:46:06.677047744
107.5781,1,09:46:06.677134907
107.5781,1,09:46:06.678211531
107.5781,3,09:46:07.157882122
107.5781,1,09:46:07.158062020
107.5781,1,09:46:07.162405410
107.5781,5,09:46:07.859097551
107.5938,250,09:46:07.970073293
107.5781,1,09:46:09.155859312
107.5781,1,09:46:09.341912770
107.5781,1,09:46:10.883010953
107.5781,400,09:46:12.038778378
107.5781,1,09:46:12.039186357
107.5781,60,09:46:12.039234131
107.5781,131,09:46:12.039662271
107.5781,2,09:46:12.043912334
107.5625,50,09:46:12.602284689
107.5625,1,09:46:16.628876957
107.5625,2,09:46:16.628957181
107.5625,35,09:46:16.629145258
107.5625,1,09:46:16.629196689
107.5625,1,09:46:16.629235132
107.5625,7,09:46:16.629270400
107.5625,3,09:46:16.629395314
107.5625,2,09:46:16.629428685
107.5625,24,09:46:16.629511284
107.5625,1,09:46:16.629578569
107.5625,2,09:46:16.629615008
107.5625,1,09:46:16.629869749
107.5625,1,09:46:16.632248402
107.5781,15,09:46:18.017536462
107.5625,20,09:46:18.629716768
107.5781,2,09:46:20.619214198
107.5781,1,09:46:20.619439652
107.5781,52,09:46:20.619501628
107.5781,35,09:46:20.619598135
107.5781,4,09:46:20.619666581
107.5781,5,09:46:20.619768085
107.5781,3,09:46:20.619818556
107.5781,2,09:46:20.620005248
107.5781,2,09:46:20.620072007
107.5781,3,09:46:20.620382939
107.5781,1,09:46:20.620558507
107.5781,1,09:46:20.620724795
107.5781,1,09:46:20.620790115
107.5781,1,09:46:20.620943945
107.5781,1,09:46:20.621681204
107.5781,6,09:46:20.710351272
107.5781,4,09:46:20.710458459
107.5781,1043,09:46:22.129370641
107.5781,1,09:46:22.134033077
107.5781,1,09:46:22.145984144
107.5781,2,09:46:22.195340671
107.5781,1,09:46:23.043563510
107.5781,6,09:46:24.994992453
107.5781,50,09:46:26.195767118
107.5781,5,09:46:26.374377467
107.5938,5,09:46:32.447975507
107.5938,1,09:46:33.625735791
107.5938,1,09:46:33.631232184
107.5938,1,09:46:33.744015472
107.5781,50,09:46:34.373131927
107.5938,1000,09:46:34.480408470
107.5938,1,09:46:34.481961992
107.5938,36,09:46:34.482125171
107.5938,1,09:46:34.482192071
107.5938,1,09:46:34.482245028
107.5938,1,09:46:34.482271151
107.5938,1,09:46:34.482326755
107.5938,1,09:46:34.482364852
107.5938,1,09:46:34.482408785
107.5938,1,09:46:34.482480745
107.5938,1,09:46:34.482515684
107.5938,1,09:46:34.482539252
107.5938,1,09:46:34.482564209
107.5938,1,09:46:34.482606994
107.5938,1,09:46:34.482629315
107.5938,1,09:46:34.482653174
107.5938,1,09:46:34.482681406
107.5938,1,09:46:34.482714945
107.5938,1,09:46:34.482735688
107.5938,1,09:46:34.482765919
107.5938,1,09:46:34.482796784
107.5938,1,09:46:34.482826509
107.5938,1,09:46:34.482869294
107.5938,1,09:46:34.482922595
107.5938,16,09:46:34.483082341
107.5938,1,09:46:34.483108435
107.5938,63,09:46:34.483232383
107.5938,1,09:46:34.483232383
107.5938,1,09:46:34.483385134
107.5938,2,09:46:34.483562620
107.5938,27,09:46:34.483743392
107.5938,65,09:46:34.483867449
107.5938,1,09:46:34.483930900
107.5938,9,09:46:34.484070371
107.5938,23,09:46:34.484401898
107.5938,66,09:46:34.484527231
107.5938,7,09:46:34.484623039
107.5938,40,09:46:34.484798085
107.5938,20,09:46:34.485596652
107.5938,1,09:46:34.485963952
107.5938,2,09:46:34.486341480
107.5938,1,09:46:34.486442019
107.5938,41,09:46:34.486518517
107.5938,4,09:46:34.486632807
107.5938,41,09:46:34.486855560
107.5938,41,09:46:34.487039369
107.5938,91,09:46:34.487507910
107.5938,5,09:46:34.487582384
107.5938,1,09:46:34.487642315
107.5938,1,09:46:34.487692223
107.5938,2,09:46:34.487744954
107.5938,1,09:46:34.487896266
107.5938,3,09:46:34.488031789
107.5938,1,09:46:34.488185738
107.5938,1,09:46:34.488757314
107.5938,2,09:46:34.488899608
107.5938,1,09:46:34.489023121
107.5938,91,09:46:34.489390572
107.5938,1,09:46:34.489521505
107.5938,1,09:46:34.489655255
107.5938,3,09:46:34.489744121
107.5938,5,09:46:34.490467822
107.5938,56,09:46:34.490522988
107.5938,1,09:46:34.490635112
107.5938,6,09:46:34.490703967
107.5938,54,09:46:34.490940241
107.5938,1,09:46:34.491604965
107.5938,1,09:46:34.492208865
107.5938,135,09:46:34.493766509
107.5938,25,09:46:34.495448025
107.5938,1,09:46:34.496830357
107.5938,2,09:46:34.496896061
107.5938,2,09:46:34.498669843
107.5938,1,09:46:35.857092884
107.5938,2,09:46:42.115242995
107.5781,250,09:46:43.047664730
107.5781,64,09:46:43.048726002
107.5781,1,09:46:43.049320328
107.5781,8,09:46:43.050339363
107.5781,1000,09:46:43.772528762
107.5781,92,09:46:43.774878146
107.5781,2,09:46:43.777494227
107.5781,1,09:46:43.779136584
107.5781,16,09:46:43.779392451
107.5781,18,09:46:43.779485414
107.5781,4,09:46:43.779671306
107.5781,41,09:46:43.781536502
107.5781,4,09:46:43.781729459
107.5781,96,09:46:43.782358150
107.5781,42,09:46:43.784443255
107.5781,50,09:46:43.784580077
107.5781,36,09:46:43.784660962
107.5781,3,09:46:43.784984235
107.5781,10,09:46:43.785054218
107.5781,1,09:46:43.785348134
107.5781,1,09:46:43.786979121
107.5781,30,09:46:43.787038610
107.5781,21,09:46:43.787062658
107.5781,4,09:46:43.787092300
107.5781,3,09:46:43.787271808
107.5781,1,09:46:43.789638909
107.5781,1,09:46:43.791383254
107.5781,1,09:46:43.838790340
107.5938,1,09:46:44.044505762
107.5781,742,09:46:44.106762764
107.5781,2,09:46:44.110416466
107.5781,35,09:46:44.111542953
107.5781,3,09:46:44.112390826
107.5781,197,09:46:44.113329371
107.5781,5,09:46:44.113485808
107.5781,1,09:46:44.113680501
107.5781,4,09:46:44.113915439
107.5781,2,09:46:44.114009752
107.5781,1,09:46:44.114351118
107.5781,2,09:46:44.114888797
107.5781,1,09:46:44.114924976
107.5781,26,09:46:44.115461726
107.5781,15,09:46:44.982806896
107.5781,15,09:46:45.383793397
107.5781,5,09:46:46.269201744
107.5781,1,09:46:53.138075264
107.5781,2,09:46:54.262896616
107.5625,1,09:46:55.957224973
107.5781,26,09:47:00.015539726
107.5781,1,09:47:00.018342563
107.5781,2,09:47:00.019256166
107.5781,4,09:47:00.019316478
107.5781,3,09:47:00.019414470
107.5781,351,09:47:00.019814718
107.5781,2,09:47:00.019844568
107.5781,17,09:47:00.019959211
107.5781,296,09:47:00.020536647
107.5781,1,09:47:00.020905809
107.5781,91,09:47:00.021212241
107.5781,1,09:47:00.021254785
107.5781,1,09:47:00.021269548
107.5781,32,09:47:00.021286034
107.5781,1,09:47:00.022447936
107.5781,1,09:47:00.022626410
107.5781,1,09:47:00.024967738
107.5781,1,09:47:00.025003092
107.5781,1,09:47:00.026050614
107.5938,241,09:47:00.177903955
107.5938,2,09:47:00.178569105
107.5938,65,09:47:00.179087076
107.5938,1,09:47:00.183210120
107.5938,1,09:47:00.184669550
107.5938,50,09:47:00.184780740
107.5938,12,09:47:00.185360451
107.5938,5,09:47:00.185793852
107.5938,1,09:47:00.186002419
107.5938,2,09:47:00.186118905
107.5938,16,09:47:00.186196561
107.5938,22,09:47:00.186225845
107.5938,10,09:47:00.186372823
107.5938,2,09:47:00.186677145
107.5938,5,09:47:00.186769945
107.5938,1,09:47:00.186820519
107.5938,1,09:47:00.186869317
107.5938,9,09:47:00.186908466
107.5938,9,09:47:00.186939107
107.5938,1,09:47:00.187027714
107.5938,1,09:47:00.187072802
107.5938,1,09:47:00.187136765
107.5938,5,09:47:00.187187233
107.5938,9,09:47:00.187249862
107.5938,3,09:47:00.188465569
107.5938,1,09:47:00.188533456
107.5938,7,09:47:00.189484185
107.5938,4,09:47:00.189574607
107.5938,1,09:47:00.189622857
107.5938,1,09:47:00.190249990
107.5938,1,09:47:00.190280675
107.5938,1,09:47:00.190339377
107.5938,1,09:47:00.190608042
107.5938,1,09:47:00.190798196
107.5938,38,09:47:00.190823060
107.5938,11,09:47:00.190854066
107.5938,1,09:47:00.190873752
107.5938,8,09:47:00.191487893
107.5938,33,09:47:00.191743019
107.5938,26,09:47:00.191854406
107.5938,1,09:47:00.192451718
107.5938,5,09:47:00.192487939
107.5938,1,09:47:00.192503552
107.5938,1,09:47:00.192789158
107.5938,1,09:47:00.192890702
107.5938,11,09:47:00.192916395
107.5938,2,09:47:00.192984567
107.5938,2,09:47:00.193165630
107.5938,3,09:47:00.193198561
107.5938,1,09:47:00.193464980
107.5938,1,09:47:00.193526721
107.5938,1,09:47:00.193617111
107.5938,1,09:47:00.193783632
107.5938,36,09:47:00.193997534
107.5938,1,09:47:00.194136897
107.5938,1,09:47:00.195276293
107.5938,5,09:47:00.196999992
107.5938,2,09:47:00.331341978
107.5938,12,09:47:00.373340521
107.5938,12,09:47:00.373369731
107.5938,40,09:47:00.836257131
107.5938,1,09:47:00.836660179
107.5938,1,09:47:01.045502902
107.5938,1,09:47:01.045866378
107.5938,1,09:47:01.105569251
107.5938,50,09:47:02.729719922
107.5938,1,09:47:03.605612345
107.5781,50,09:47:06.926720903
107.5938,200,09:47:07.640653799
107.5938,1,09:47:07.641093322
107.5938,22,09:47:07.641192485
107.5938,1,09:47:07.641321605
107.5938,1,09:47:07.641401469
107.5938,20,09:47:07.641654590
107.5938,1,09:47:07.641728732
107.5938,1,09:47:07.641751523
107.5938,1,09:47:07.641774993
107.5938,1,09:47:07.641801531
107.5938,1,09:47:07.641840299
107.5938,1,09:47:07.641875414
107.5938,1,09:47:07.641897688
107.5938,1,09:47:07.641926649
107.5938,1,09:47:07.641954731
107.5938,1,09:47:07.641993833
107.5938,1,09:47:07.642024691
107.5938,1,09:47:07.642061687
107.5938,1,09:47:07.642100536
107.5938,1,09:47:07.642135631
107.5938,1,09:47:07.642169933
107.5938,1,09:47:07.642197324
107.5938,1,09:47:07.642229844
107.5938,1,09:47:07.642263876
107.5938,1,09:47:07.642294146
107.5938,1,09:47:07.642336217
107.5938,1,09:47:07.642507523
107.5938,1,09:47:07.642632005
107.5938,2,09:47:07.642813558
107.5938,53,09:47:07.643607052
107.5938,15,09:47:07.643659828
107.5938,1,09:47:07.643689547
107.5938,1,09:47:07.643756086
107.5938,20,09:47:07.644711401
107.5938,1,09:47:07.644918900
107.5938,1,09:47:07.644946878
107.5938,1,09:47:07.644963387
107.5938,20,09:47:07.645857962
107.5938,1,09:47:07.645899249
107.5938,1,09:47:07.645924613
107.5938,1,09:47:07.646574745
107.5938,20,09:47:07.662791108
107.5938,1,09:47:07.663005979
107.5938,104,09:47:08.904638872
107.5938,1,09:47:08.905040889
107.5938,1,09:47:08.905299054
107.5938,1,09:47:08.905315573
107.5938,1,09:47:08.905335689
107.5938,1,09:47:08.905362297
107.5938,1,09:47:08.905384624
107.5938,2,09:47:08.905403393
107.5938,56,09:47:08.905442715
107.5938,1,09:47:08.905714797
107.5938,2,09:47:08.905937970
107.5938,1,09:47:08.906098632
107.5938,1,09:47:08.906201118
107.5938,1,09:47:08.906447849
107.5938,1,09:47:08.906476300
107.5938,1,09:47:08.907136272
107.5938,4,09:47:08.907195083
107.5938,1,09:47:08.907348292
107.5938,112,09:47:08.908428509
107.5938,1,09:47:08.908876784
107.5938,1,09:47:08.909018099
107.5938,1,09:47:08.909598117
107.5938,3,09:47:08.910198594
107.5938,1,09:47:08.910223375
107.5938,1,09:47:08.910264994
107.5938,1,09:47:08.910864821
107.5938,20,09:47:08.919211873
107.5938,1,09:47:08.919452054
107.5781,15,09:47:10.064435136
107.5938,10,09:47:10.198497813
107.5938,10,09:47:10.198536643
107.5938,1,09:47:10.339863275
107.5938,1,09:47:11.854913743
107.5938,1,09:47:11.855193003
107.5938,20,09:47:11.859374032
107.5938,50,09:47:12.781448200
107.5938,1,09:47:12.781878484
107.5938,100,09:47:13.645745368
107.5938,71,09:47:13.657005022
107.5938,400,09:47:15.521886987
107.5938,2,09:47:15.522798061
107.5938,20,09:47:15.523097770
107.5938,1,09:47:15.523154465
107.5938,1,09:47:15.523411414
107.5938,1,09:47:15.523444483
107.5938,10,09:47:15.523720338
107.5938,8,09:47:15.527122718
107.5938,20,09:47:15.527212371
107.5938,5,09:47:15.527244637
107.5938,50,09:47:15.530601688
107.5938,41,09:47:15.530628469
107.5938,4,09:47:15.530679484
107.5938,41,09:47:15.530714422
107.5938,32,09:47:15.530766871
107.5938,1,09:47:15.531945263
107.5938,1,09:47:15.532090201
107.5938,1,09:47:15.532148225
107.5938,1,09:47:15.622992263
107.5938,1,09:47:15.623486932
107.5938,1,09:47:15.631413236
107.5938,77,09:47:15.632095032
107.5938,1,09:47:15.633792964
107.5938,44,09:47:22.381105893
107.5938,60,09:47:22.381496935
107.5938,40,09:47:22.381669268
107.5938,1,09:47:23.019974409
107.5938,1,09:47:23.038336505
107.5938,108,09:47:25.412321205
107.5938,11,09:47:25.412904621
107.5938,41,09:47:25.413603081
107.5938,1,09:47:25.415591735
107.5938,1,09:47:25.415941073
107.5938,10,09:47:26.653737797
107.5938,5,09:47:30.022749973
107.5938,100,09:47:32.468093115
107.5938,1,09:47:32.470220944
107.5938,40,09:47:32.547827284
107.5938,38,09:47:32.548114201
107.6094,1,09:47:33.034389502
107.5938,1,09:47:37.143187299
107.5938,3,09:47:37.574567570
107.5938,119,09:47:37.575022984
107.5938,1,09:47:37.577768326
107.5938,1,09:47:37.590005239
107.5938,25,09:47:37.590246565
107.5938,20,09:47:39.761742849
107.5938,1,09:47:39.761944324
107.5938,1,09:47:39.761984011
107.5938,1,09:47:39.762039868
107.5938,1,09:47:39.762097083
107.5938,1,09:47:39.762127791
107.5938,1,09:47:39.762167260
107.5938,1,09:47:39.762213248
107.5938,1,09:47:39.762243450
107.5938,1,09:47:39.762275698
107.5938,1,09:47:39.762310594
107.5938,1,09:47:39.762388144
107.5938,1,09:47:39.762445426
107.5938,1,09:47:39.762476693
107.5938,1,09:47:39.762516787
107.5938,1,09:47:39.762544230
107.5938,1,09:47:39.762578312
107.5938,1,09:47:39.762625688
107.5938,1,09:47:39.762650297
107.5938,1,09:47:39.762726330
107.5938,1,09:47:39.762837273
107.5938,41,09:47:39.762898686
107.5938,5,09:47:39.763227672
107.5938,20,09:47:39.763320532
107.5938,10,09:47:39.763341326
107.5938,12,09:47:39.763393016
107.5938,21,09:47:39.764576454
107.5938,1,09:47:39.764773363
107.5938,14,09:47:39.765046092
107.5938,10,09:47:39.765115424
107.5938,5,09:47:39.765339235
107.5938,1,09:47:39.765491538
107.5938,2,09:47:39.765529315
107.5938,1,09:47:39.765778095
107.5938,51,09:47:39.768020059
107.5938,1,09:47:39.768575092
107.5938,1,09:47:39.768607134
107.5938,1,09:47:39.768697152
107.5938,1,09:47:44.246230884
107.5938,1,09:47:44.246497611
107.5938,50,09:47:49.741838328
107.5938,1,09:47:49.742164117
107.5938,19,09:47:49.742307064
107.5938,1,09:47:49.742380328
107.5938,1,09:47:49.742438121
107.5938,25,09:47:49.742598330
107.5938,1,09:47:49.742653375
107.5938,1,09:47:49.742667119
107.5938,1,09:47:49.742711049
107.5938,1,09:47:49.742724160
107.5938,1,09:47:49.742754676
107.5938,1,09:47:49.742780718
107.5938,1,09:47:49.742805298
107.5938,1,09:47:49.742853375
107.5938,1,09:47:49.742916330
107.5938,6,09:47:49.743001845
107.5938,2,09:47:49.751842322
107.5938,1,09:47:49.752265054
107.5938,2,09:47:49.833089558
107.5938,41,09:47:49.833539487
107.5938,16,09:47:49.833606714
107.5938,7,09:47:50.023263303
107.5938,1,09:47:50.023556000
107.5938,9,09:47:50.023898730
107.5938,1,09:47:50.094511400
107.5938,2,09:48:00.085615454
107.5938,1,09:48:01.269421534
107.5938,40,09:48:03.258964746
107.5938,1,09:48:03.259452743
107.5938,1,09:48:03.259500747
107.5938,51,09:48:03.259772634
107.5938,5,09:48:03.259809777
107.5938,6,09:48:03.259890198
107.5938,28,09:48:03.260063277
107.5938,2,09:48:03.260153301
107.5938,3,09:48:03.260278071
107.5938,10,09:48:03.260346617
107.5938,52,09:48:03.260490777
107.5938,1,09:48:03.260527552
107.5938,4,09:48:03.260610210
107.5938,1,09:48:03.260637423
107.5938,8,09:48:03.271394702
107.5938,15,09:48:03.271607138
107.5938,75,09:48:03.271828676
107.5938,6,09:48:03.272166346
107.5938,27,09:48:03.272220325
107.5938,3,09:48:03.272257007
107.5938,9,09:48:03.272288070
107.5938,1,09:48:03.272339713
107.5938,4,09:48:03.272373653
107.5938,2,09:48:03.272418342
107.5938,1,09:48:03.272445728
107.5938,1,09:48:03.272532673
107.5938,1,09:48:03.272560684
107.5938,5,09:48:03.272665380
107.5938,1,09:48:03.273833481
107.5938,1,09:48:03.273889856
107.5938,4,09:48:03.274643484
107.6094,1,09:48:03.402095611
107.5938,23,09:48:03.465517235
107.5938,1,09:48:03.465980060
107.5938,1,09:48:03.466089781
107.5938,1,09:48:03.695750042
107.5938,1,09:48:03.695981583
107.5938,1,09:48:03.696084103
107.5938,1,09:48:03.696131169
107.5938,1,09:48:04.781929810
107.5938,12,09:48:04.782169354
107.5938,1,09:48:04.782225295
107.5938,1,09:48:04.782273257
107.5938,1,09:48:04.782355064
107.5938,1,09:48:04.782439513
107.5938,1,09:48:04.782622362
107.5938,1,09:48:04.782653729
107.5938,15,09:48:04.782862616
107.5938,75,09:48:04.785705109
107.5938,1,09:48:04.785881135
107.5938,23,09:48:04.785953283
107.5938,1,09:48:04.786917866
107.5938,5,09:48:04.786938506
107.5938,1,09:48:04.787136869
107.5938,3,09:48:04.788214286
107.5938,4,09:48:04.793213807
107.5938,1,09:48:04.793954735
107.5938,15,09:48:04.827801884
107.5938,1,09:48:04.827993293
107.5938,1,09:48:04.828100017
107.5938,1,09:48:04.828165719
107.5938,19,09:48:04.828210775
107.5938,22,09:48:04.828302550
107.5938,2,09:48:04.828512151
107.5938,1,09:48:04.828565678
107.5938,8,09:48:04.828603038
107.5938,3,09:48:04.828640041
107.5938,40,09:48:04.828728600
107.5938,16,09:48:04.828866555
107.5938,11,09:48:04.828942582
107.5938,2,09:48:04.829044885
107.5938,5,09:48:04.829088611
107.5938,1,09:48:04.829409840
107.5938,7,09:48:04.829638023
107.5938,7,09:48:04.829901267
107.5938,11,09:48:04.830087495
107.5938,1,09:48:04.830179538
107.5938,45,09:48:06.594311416
107.5938,2,09:48:06.594524423
107.5938,1,09:48:06.594564241
107.5938,1,09:48:06.594646374
107.5938,1,09:48:06.594668733
107.5938,1,09:48:06.594735320
107.5938,1,09:48:06.594793352
107.5938,1,09:48:06.594832368
107.5938,37,09:48:06.594921285
107.5938,1,09:48:06.595857186
107.5938,37,09:48:06.597170214
107.5938,1,09:48:06.597218752
107.5938,7,09:48:06.597280219
107.5938,1,09:48:06.598071671
107.5938,2,09:48:07.044441441
107.5938,1,09:48:07.044481573
107.5938,40,09:48:07.044896189
107.5938,10,09:48:07.044978497
107.5938,11,09:48:07.045330140
107.5938,1,09:48:07.047357819
107.5938,1,09:48:07.047498785
107.5938,1,09:48:07.047771574
107.5938,23,09:48:07.048635989
107.5938,6,09:48:07.048664464
107.5938,2,09:48:07.048701114
107.5938,13,09:48:07.048819698
107.5938,2,09:48:07.048856889
107.5938,8,09:48:07.049127074
107.5938,2,09:48:07.049301013
107.5938,1,09:48:07.049334445
107.5938,1,09:48:07.049848148
107.5938,5,09:48:07.050024106
107.5938,1,09:48:07.050492366
107.5938,1,09:48:07.050581900
107.5938,1,09:48:07.050788337
107.5938,121,09:48:07.793864261
107.5938,17,09:48:07.796803841
107.5938,8,09:48:13.817187783
107.5938,25,09:48:14.055596249
107.5938,3,09:48:14.059436029
107.5938,25,09:48:14.699296311
107.5938,1,09:48:14.699834081
107.5938,12,09:48:14.703771045
107.5938,14,09:48:14.794670778
107.5938,12,09:48:14.794768281
107.5938,7,09:48:14.798369477
107.5938,6,09:48:14.933625265
107.5938,57,09:48:14.933992150
107.5938,1,09:48:14.934164445
107.5938,1,09:48:14.934216148
107.5938,1,09:48:14.934268181
107.5938,9,09:48:14.934372827
107.5938,1,09:48:14.934443276
107.5938,1,09:48:14.934484755
107.5938,1,09:48:14.934513424
107.5938,1,09:48:14.934559842
107.5938,1,09:48:14.934626838
107.5938,1,09:48:14.934651523
107.5938,4,09:48:14.934694907
107.5938,1,09:48:14.935433232
107.5938,1,09:48:14.935529653
107.5938,1,09:48:14.935581741
107.5938,1,09:48:14.935637224
107.5938,7,09:48:14.935723039
107.5938,1,09:48:14.935757955
107.5938,1,09:48:14.935806232
107.5938,1,09:48:14.935843986
107.5938,1,09:48:14.935879109
107.5938,1,09:48:14.935908586
107.5938,1,09:48:14.935947075
107.5938,1,09:48:14.936008844
107.5938,1,09:48:14.936056825
107.5938,18,09:48:14.936308626
107.5938,1,09:48:14.936338079
107.5938,1,09:48:14.936380073
107.5938,1,09:48:14.936413238
107.5938,4,09:48:14.936426845
107.5938,3,09:48:14.936912058
107.5938,1,09:48:14.937046980
107.5938,1,09:48:14.937232452
107.5938,1,09:48:14.937259732
107.5938,1,09:48:14.937275224
107.5938,1,09:48:14.937299814
107.5938,1,09:48:14.937328428
107.5938,1,09:48:14.937342381
107.5938,1,09:48:14.937368224
107.5938,1,09:48:14.937396725
107.5938,1,09:48:14.937428898
107.5938,1,09:48:14.937467679
107.5938,4,09:48:14.937523056
107.5938,6,09:48:14.938427737
107.5938,1,09:48:14.938657560
107.5938,5,09:48:14.938926976
107.5938,20,09:48:14.939486747
107.5938,1,09:48:14.940310508
107.5938,54,09:48:14.959564324
107.5938,1,09:48:14.959734432
107.5938,1,09:48:14.959808229
107.5938,1,09:48:14.959891837
107.5938,1,09:48:14.959943474
107.5938,25,09:48:15.288356660
107.5938,25,09:48:15.820414302
107.5938,1,09:48:15.820622137
107.5938,25,09:48:16.387056730
107.5938,1,09:48:16.387329748
107.5938,25,09:48:16.929793762
107.5938,1,09:48:16.930017792
107.5938,20,09:48:20.576858316
107.5938,52,09:48:22.359434293
107.5938,1,09:48:22.359724538
107.5938,1,09:48:22.360262898
107.5938,41,09:48:22.368039420
107.5938,50,09:48:22.368520232
107.5938,26,09:48:22.368704979
107.5938,41,09:48:22.369328580
107.5938,1,09:48:22.369552938
107.5938,41,09:48:22.369648792
107.5938,1,09:48:22.369698672
107.5938,41,09:48:22.369752545
107.5938,1,09:48:22.369802415
107.5938,29,09:48:22.369831865
107.5938,1,09:48:22.369872285
107.5938,6,09:48:22.369889063
107.5938,3,09:48:22.369949721
107.5938,16,09:48:22.369981657
107.5938,3,09:48:22.370041130
107.5938,11,09:48:22.370110665
107.5938,9,09:48:22.370175277
107.5938,1,09:48:22.370212484
107.5938,1,09:48:22.370304556
107.5938,1,09:48:22.370360986
107.5938,1,09:48:22.370418895
107.5938,1,09:48:22.370464035
107.5938,1,09:48:22.370500487
107.5938,1,09:48:22.370550133
107.5938,1,09:48:22.370581365
107.5938,1,09:48:22.370615625
107.5938,1,09:48:22.370659018
107.5938,1,09:48:22.370701716
107.5938,1,09:48:22.370758057
107.5938,1,09:48:22.370793689
107.5938,1,09:48:22.370828493
107.5938,5,09:48:22.370873144
107.5938,1,09:48:22.370905909
107.5938,1,09:48:22.370959219
107.5938,1,09:48:22.370991729
107.5938,1,09:48:22.371034686
107.5938,1,09:48:22.371071791
107.5938,1,09:48:22.371101891
107.5938,1,09:48:22.371146692
107.5938,4,09:48:22.371285242
107.5938,31,09:48:22.371355474
107.5938,11,09:48:22.373005574
107.5938,40,09:48:22.373031546
107.5938,5,09:48:22.373063693
107.5938,17,09:48:22.373082984
107.5938,48,09:48:22.373109374
107.5938,8,09:48:22.373329994
107.5938,4,09:48:22.373362711
107.5938,5,09:48:22.373459701
107.5938,44,09:48:22.373559463
107.5938,5,09:48:22.373588562
107.5938,1,09:48:22.374664580
107.5938,1,09:48:22.374794637
107.5938,5,09:48:22.374910422
107.5938,1,09:48:22.375109671
107.5938,1,09:48:22.376567073
107.5938,1,09:48:22.377978883
107.5938,1,09:48:22.380764787
107.5938,2,09:48:22.458695181
107.5938,82,09:48:22.862535049
107.5938,1,09:48:22.862988975
107.5938,1,09:48:22.863026800
107.5938,5,09:48:22.863236996
107.5938,5,09:48:22.863299717
107.5938,11,09:48:22.865748093
107.5938,1,09:48:22.866892292
107.5938,63,09:48:22.867333926
107.5938,1,09:48:22.867406603
107.5938,16,09:48:22.867466153
107.5938,1,09:48:22.867751810
107.5938,7,09:48:22.867804934
107.5938,49,09:48:22.867874830
107.5938,4,09:48:22.868041739
107.5938,2,09:48:22.868066629
107.5938,8,09:48:22.868150285
107.5938,1,09:48:22.868210837
107.5938,17,09:48:22.868228629
107.5938,1,09:48:22.868901062
107.5938,1,09:48:22.868942503
107.5938,1,09:48:22.869383517
107.5938,5,09:48:22.869445290
107.5938,5,09:48:22.870346134
107.5938,1,09:48:22.870478885
107.5938,1,09:48:22.870512096
107.5938,1,09:48:22.870921397
107.5938,41,09:48:22.871209249
107.5938,3,09:48:22.873033183
107.5938,1,09:48:22.873204419
107.5938,6,09:48:22.873236074
107.5938,2,09:48:22.873294556
107.5938,1,09:48:22.873448706
107.5938,1,09:48:22.873568068
107.5938,1,09:48:22.874235931
107.5938,1,09:48:22.874441455
107.5938,1,09:48:22.874669831
107.5938,1,09:48:22.875402838
107.5938,1,09:48:22.875562236
107.5938,1,09:48:22.875872515
107.5938,1,09:48:22.877231902
107.5938,5,09:48:22.881361486
107.5938,1,09:48:23.038502009
107.5938,1,09:48:23.038705837
107.5938,1,09:48:23.038770295
107.5938,1,09:48:23.108664409
107.5938,1,09:48:23.108834614
107.5938,1,09:48:23.108947435
107.5938,13,09:48:23.119630921
107.5938,25,09:48:23.395392789
107.5938,52,09:48:23.639391044
107.5938,1,09:48:23.639578181
107.5938,1,09:48:23.639667188
107.5938,1,09:48:23.639717099
107.5938,1,09:48:23.639843156
107.5938,1,09:48:23.639963741
107.5938,1,09:48:23.679907586
107.5938,1,09:48:23.680102882
107.5938,1,09:48:23.755775182
107.5938,1,09:48:23.755976370
107.5938,1,09:48:24.129442645
107.5938,1,09:48:24.129630134
107.5938,52,09:48:24.233028758
107.5938,1,09:48:24.233187455
107.5938,21,09:48:24.233396612
107.5938,1,09:48:24.620492512
107.5938,1,09:48:24.620680814
107.5938,49,09:48:24.621257129
107.5938,4,09:48:24.621681352
107.5938,1,09:48:24.621709628
107.5938,1,09:48:24.621733462
107.5938,1,09:48:24.621759949
107.5938,1,09:48:24.621791063
107.5938,8,09:48:24.621816990
107.5938,5,09:48:24.622411546
107.5938,5,09:48:24.622646044
107.5938,52,09:48:24.875695356
107.5938,1,09:48:24.875826463
107.5938,4,09:48:24.875843654
107.5938,1,09:48:24.875876208
107.5938,1,09:48:24.875909171
107.5938,1,09:48:24.875940453
107.5938,1,09:48:24.875969192
107.5938,1,09:48:24.876006892
107.5938,1,09:48:24.876029533
107.5938,1,09:48:24.876067438
107.5938,1,09:48:24.876091515
107.5938,1,09:48:24.876116577
107.5938,1,09:48:24.876146665
107.5938,1,09:48:24.876179437
107.5938,1,09:48:24.876208564
107.5938,1,09:48:24.876238910
107.5938,1,09:48:24.876281099
107.5938,1,09:48:24.876300543
107.5938,1,09:48:24.876335052
107.5938,1,09:48:24.876363408
107.5938,1,09:48:24.876390145
107.5938,1,09:48:24.876446480
107.5938,20,09:48:24.876478201
107.5938,1,09:48:24.876563409
107.5938,1,09:48:24.876632630
107.5938,11,09:48:24.876787126
107.5938,82,09:48:24.877329134
107.5938,43,09:48:24.878474532
107.5938,1,09:48:24.878720160
107.5938,1,09:48:24.879332716
107.5938,1,09:48:24.879406487
107.5938,4,09:48:24.883676432
107.5938,88,09:48:25.411060250
107.5938,52,09:48:25.454130153
107.5938,1,09:48:25.466618353
107.5938,64,09:48:25.467078352
107.5938,1,09:48:25.468739103
107.5938,50,09:48:25.527516902
107.5938,14,09:48:25.527861880
107.5938,52,09:48:26.013840965
107.5938,1,09:48:26.013948653
107.5938,1,09:48:26.014038046
107.5938,1,09:48:26.014067417
107.5938,1,09:48:26.014087814
107.5938,1,09:48:26.014118480
107.5938,1,09:48:26.014140004
107.5938,1,09:48:26.014176476
107.5938,1,09:48:26.014200072
107.5938,1,09:48:26.014237680
107.5938,1,09:48:26.014259603
107.5938,41,09:48:26.014293565
107.5938,1,09:48:26.014330898
107.5938,1,09:48:26.014361906
107.5938,1,09:48:26.014400682
107.5938,1,09:48:26.014430803
107.5938,1,09:48:26.014450686
107.5938,1,09:48:26.014487009
107.5938,1,09:48:26.014523317
107.5938,1,09:48:26.014573817
107.5938,1,09:48:26.014600506
107.5938,1,09:48:26.014642324
107.5938,1,09:48:26.014660437
107.5938,1,09:48:26.014718381
107.5938,1,09:48:26.014842518
107.5938,1,09:48:26.014886202
107.5938,1,09:48:26.014980418
107.5938,1,09:48:26.015021810
107.5938,1,09:48:26.015300991
107.5938,2,09:48:26.015931506
107.5938,1,09:48:26.016629690
107.5938,208,09:48:26.126379505
107.5938,20,09:48:28.344285215
107.5938,1,09:48:28.344501188
107.5938,1,09:48:28.344575275
107.5938,1,09:48:28.344714315
107.5938,1,09:48:28.401643211
107.5938,50,09:48:28.855091700
107.5938,100,09:48:29.497842710
107.5938,1,09:48:29.498142448
107.5938,1,09:48:29.498246875
107.5938,1,09:48:29.498342035
107.5938,1,09:48:29.518305114
107.5938,50,09:48:29.977562355
107.5938,1,09:48:29.977784312
107.5938,1,09:48:30.747924341
107.5938,1,09:48:30.748302429
107.5938,3,09:48:33.052205198
107.5938,2,09:48:34.363408626
107.5938,7,09:48:34.363579081
107.5938,2,09:48:34.363942836
107.5938,831,09:48:34.364213337
107.5938,20,09:48:34.365521594
107.5938,82,09:48:34.365540362
107.5938,100,09:48:34.365559300
107.5938,82,09:48:34.365993738
107.5938,40,09:48:34.366106808
107.5938,41,09:48:34.366152409
107.5938,29,09:48:34.366222559
107.5938,3,09:48:34.371063392
107.5938,3,09:48:34.371113915
107.5938,1,09:48:34.371180603
107.5938,16,09:48:34.371466315
107.5938,22,09:48:34.371653246
107.5938,44,09:48:34.371730688
107.5938,1,09:48:34.371780305
107.5938,1,09:48:34.371794030
107.5938,40,09:48:34.371877495
107.5938,12,09:48:34.371912961
107.5938,3,09:48:34.371957391
107.5938,19,09:48:34.371988661
107.5938,33,09:48:34.372008534
107.5938,3,09:48:34.372044176
107.5938,7,09:48:34.372199264
107.5938,3,09:48:34.372372958
107.5938,107,09:48:34.372440710
107.5938,1,09:48:34.372523267
107.5938,1,09:48:34.372709249
107.5938,4,09:48:34.372745679
107.5938,100,09:48:34.372790816
107.5938,2,09:48:34.372980429
107.5938,1,09:48:34.373134355
107.5938,5,09:48:34.373214242
107.5938,1,09:48:34.373263781
107.5938,5,09:48:34.373338260
107.5938,9,09:48:34.373561036
107.5938,5,09:48:34.373704632
107.5938,16,09:48:34.374008875
107.5938,6,09:48:34.374038648
107.5938,6,09:48:34.375168319
107.5938,1,09:48:34.375853210
107.5938,4,09:48:34.376912124
107.5938,3,09:48:34.377119338
107.5938,12,09:48:34.377306011
107.5938,1,09:48:34.377332087
107.5938,4,09:48:34.377388664
107.5938,1,09:48:34.378330850
107.5938,1,09:48:34.378571901
107.5938,15,09:48:34.378712257
107.5938,3,09:48:34.380066788
107.5938,2,09:48:34.380119591
107.5938,2,09:48:34.380384825
107.5938,1,09:48:34.380410806
107.5938,1,09:48:34.380735046
107.5938,16,09:48:34.381046374
107.5938,1,09:48:34.381072086
107.5938,8,09:48:34.381089085
107.5938,22,09:48:34.381179390
107.5938,1,09:48:34.381557241
107.5938,1,09:48:34.381726768
107.5938,1,09:48:34.381752827
107.5938,8,09:48:34.381775301
107.5938,1,09:48:34.381823167
107.5938,1,09:48:34.381844646
107.5938,5,09:48:34.381984316
107.5938,12,09:48:34.382012310
107.5938,33,09:48:34.382362874
107.5938,4,09:48:34.382393735
107.5938,1,09:48:34.382658166
107.5938,1,09:48:34.382735077
107.5938,1,09:48:34.382895013
107.5938,1,09:48:34.384097783
107.5938,1,09:48:34.384177186
107.5938,1,09:48:34.384276071
107.5938,1,09:48:34.425720512
107.5938,1,09:48:34.492362227
107.5938,1,09:48:34.492614898
107.5938,1,09:48:34.498993714
107.5938,1,09:48:35.006621718
107.5938,1,09:48:35.006810326
107.5938,1,09:48:35.007491470
107.5938,1,09:48:37.406128595
107.5938,1,09:48:37.406349156
107.5938,2,09:48:37.457702475
107.5938,1,09:48:37.457936602
107.5938,1,09:48:37.458155354
107.5938,1,09:48:37.461881788
107.5938,278,09:48:49.316909178
107.5938,12,09:48:49.320036136
107.5938,1,09:48:55.682657639
107.6094,1,09:48:59.559282251
107.5938,4,09:49:01.663745263
107.5938,1,09:49:01.664296833
107.5938,83,09:49:01.677647514
107.5938,1,09:49:01.677980699
107.5938,64,09:49:01.678078877
107.5938,7,09:49:01.678455364
107.5938,1,09:49:01.678486817
107.5938,1,09:49:01.678537120
107.5938,15,09:49:01.678709696
107.5938,75,09:49:01.678877949
107.5938,61,09:49:01.679083550
107.5938,7,09:49:01.679193908
107.5938,2,09:49:01.679231281
107.5938,91,09:49:02.200933344
107.5938,4,09:49:02.201789521
107.5938,5,09:49:02.203487200
107.5938,2,09:49:02.254413126
107.6094,25,09:49:08.588778862
107.6094,41,09:49:08.589020509
107.6094,2,09:49:08.589091806
107.6094,1,09:49:08.589168351
107.6094,1,09:49:08.589251035
107.6094,1,09:49:08.589328956
107.6094,1,09:49:08.589339049
107.6094,1,09:49:08.589373245
107.6094,280,09:49:08.590741858
107.6094,50,09:49:08.591423162
107.6094,37,09:49:08.591423162
107.6094,1,09:49:08.591457015
107.6094,1,09:49:08.591558611
107.6094,1,09:49:08.591674440
107.6094,1,09:49:08.592172681
107.6094,1,09:49:08.592214329
107.6094,1,09:49:08.592427780
107.6094,1,09:49:08.592813651
107.6094,21,09:49:08.592908187
107.6094,4,09:49:08.592908187
107.6094,1,09:49:08.593206340
107.6094,2,09:49:08.593438035
107.6094,1,09:49:12.028509924
107.6094,100,09:49:12.495141537
107.6094,4,09:49:20.436832420
107.6094,3,09:49:20.437084793
107.6094,1,09:49:20.437282759
107.6094,50,09:49:20.437658904
107.6094,1,09:49:20.438245309
107.6094,1,09:49:20.438277962
107.6094,5,09:49:20.438326049
107.6094,1,09:49:20.438369779
107.6094,5,09:49:20.438402471
107.6094,1,09:49:20.438430824
107.6094,187,09:49:20.438665759
107.6094,17,09:49:20.438920760
107.6094,1,09:49:20.438981951
107.6094,5,09:49:20.439099000
107.6094,1,09:49:20.439275151
107.6094,1,09:49:20.441609409
107.6094,2,09:49:20.442189863
107.6094,17,09:49:20.444845884
107.6094,2,09:49:20.445392698
107.6094,2,09:49:20.482365276
107.6094,1,09:49:20.482472907
107.6094,2,09:49:20.482624408
107.6094,1,09:49:20.482965154
107.6094,1,09:49:21.147557398
107.6094,1,09:49:21.147692150
107.6094,1,09:49:21.147996761
107.6094,1,09:49:21.148132773
107.6094,188,09:49:22.888357383
107.6094,75,09:49:22.913016142
107.6094,2,09:49:22.913340158
107.6094,1,09:49:22.913418489
107.6094,70,09:49:22.913750169
107.6094,1,09:49:22.914012367
107.6094,160,09:49:24.202547010
107.6094,1,09:49:27.156700000
107.6094,1,09:49:27.156837379
107.6094,10,09:49:27.157115390
107.6094,19,09:49:27.157302894
107.6094,32,09:49:27.157329298
107.6094,5,09:49:27.157614767
107.6094,52,09:49:27.157694663
107.6094,2,09:49:27.157856052
107.6094,1,09:49:27.157892190
107.6094,1,09:49:27.157920053
107.6094,40,09:49:27.158690648
107.6094,1,09:49:27.159120964
107.6094,1,09:49:27.159252010
107.6094,3,09:49:27.159705896
107.6094,12,09:49:27.159916366
107.6094,1,09:49:27.160049821
107.6094,1,09:49:27.160092724
107.6094,1,09:49:27.160904272
107.6094,5,09:49:27.160904272
107.6094,50,09:49:27.161100316
107.6094,16,09:49:27.161125651
107.6094,1,09:49:27.161144940
107.6094,3,09:49:27.161165626
107.6094,1,09:49:27.161186787
107.6094,1,09:49:27.161198685
107.6094,22,09:49:27.161216507
107.6094,1,09:49:27.161252674
107.6094,11,09:49:27.161313958
107.6094,1,09:49:27.161501082
107.6094,1,09:49:27.161519780
107.6094,4,09:49:27.161634031
107.6094,54,09:49:27.162013114
107.6094,1,09:49:27.162267385
107.6094,1,09:49:27.162951182
107.6094,200,09:49:27.502355740
107.6094,82,09:49:27.502898470
107.6094,1,09:49:27.503267395
107.6094,1,09:49:27.503460379
107.6094,1,09:49:27.763560135
107.6094,13,09:49:56.109724235
107.6094,100,09:49:58.817216468
107.5938,97,09:50:00.754738582
107.6094,1,09:50:02.041626387
107.6094,140,09:50:02.314771376
107.5938,1,09:50:06.183891193
107.5938,1,09:50:08.485272371
107.5938,32,09:50:10.782361476
107.5938,41,09:50:12.891039272
107.5938,26,09:50:12.891107263
107.5938,1,09:50:12.891324574
107.5938,331,09:50:12.891910735
107.5938,70,09:50:12.892655547
107.5938,41,09:50:12.892888333
107.5938,22,09:50:12.893174832
107.5938,4,09:50:12.896203059
107.5938,10,09:50:12.907664931
107.5781,1,09:50:13.326728199
107.5781,5,09:50:14.242922890
107.5781,1,09:50:15.343628670
107.5781,69,09:50:15.740871987
107.5781,74,09:50:15.741120751
107.5781,6,09:50:15.741161994
107.5781,26,09:50:15.741256456
107.5781,2,09:50:15.741303199
107.5781,6,09:50:15.741359853
107.5781,9,09:50:15.741543718
107.5781,64,09:50:15.741810912
107.5781,3,09:50:15.742041244
107.5781,2,09:50:15.742126025
107.5781,1,09:50:15.742312887
107.5781,1,09:50:15.742464350
107.5781,7,09:50:15.742491124
107.5781,1,09:50:15.742685687
107.5781,4,09:50:15.742804939
107.5781,7,09:50:15.742867964
107.5781,1,09:50:15.742928468
107.5781,1,09:50:15.742973950
107.5781,1,09:50:15.743041599
107.5781,1,09:50:15.743064783
107.5781,20,09:50:15.743106314
107.5781,1,09:50:15.743143499
107.5781,1,09:50:15.743173586
107.5781,1,09:50:15.743236851
107.5781,11,09:50:15.743267076
107.5781,1,09:50:15.743305441
107.5781,1,09:50:15.743359283
107.5781,1,09:50:15.744189991
107.5781,18,09:50:15.746471128
107.5781,12,09:50:15.760705607
107.5781,1,09:50:15.781548468
107.5781,41,09:50:15.850476025
107.5781,1,09:50:15.850747679
107.5781,1,09:50:15.850826349
107.5781,1,09:50:15.850931689
107.5781,9,09:50:18.137530697
107.5781,5,09:50:18.138735682
107.5781,1,09:50:18.160970468
107.5781,10,09:50:18.537421982
107.5781,30,09:50:18.537453739
107.5781,125,09:50:18.538278467
107.5781,13,09:50:18.541094621
107.5781,1,09:50:18.544852429
107.5625,5,09:50:18.730535750
107.5625,5,09:50:19.114705568
107.5625,26,09:50:20.364321277
107.5625,1,09:50:20.631176812
107.5625,82,09:50:21.373320181
107.5625,50,09:50:21.373530098
107.5625,2,09:50:21.373665384
107.5625,26,09:50:21.373754323
107.5625,50,09:50:21.373817579
107.5625,41,09:50:21.373992261
107.5625,41,09:50:21.374096833
107.5625,1,09:50:21.374419715
107.5625,1,09:50:21.374448095
107.5625,1,09:50:21.374595368
107.5625,38,09:50:21.374698739
107.5625,187,09:50:21.374886372
107.5625,3,09:50:21.374967974
107.5625,3,09:50:21.375076968
107.5625,4,09:50:21.375141241
107.5625,2,09:50:21.375219319
107.5625,58,09:50:21.375608726
107.5625,2,09:50:21.375822192
107.5625,4,09:50:21.375849469
107.5625,18,09:50:21.375872430
107.5625,3,09:50:21.375968880
107.5625,10,09:50:21.376010375
107.5625,1,09:50:21.376064425
107.5625,11,09:50:21.376108972
107.5625,2,09:50:21.376198203
107.5625,6,09:50:21.376228565
107.5625,1,09:50:21.376249171
107.5625,11,09:50:21.376269686
107.5625,7,09:50:21.376308068
107.5625,1,09:50:21.376352565
107.5625,1,09:50:21.376407193
107.5625,3,09:50:21.376426381
107.5625,2,09:50:21.376426381
107.5625,6,09:50:21.376450368
107.5625,3,09:50:21.376484618
107.5625,1,09:50:21.376550793
107.5625,5,09:50:21.376637725
107.5625,1,09:50:21.376745849
107.5625,1,09:50:21.376793512
107.5625,1,09:50:21.376870985
107.5625,2,09:50:21.376870985
107.5625,36,09:50:21.376895571
107.5625,2,09:50:21.376983810
107.5625,19,09:50:21.376983810
107.5625,12,09:50:21.377005163
107.5625,3,09:50:21.377040783
107.5625,6,09:50:21.377069575
107.5625,3,09:50:21.377135300
107.5625,1,09:50:21.377135300
107.5625,11,09:50:21.377189471
107.5625,2,09:50:21.377220003
107.5625,1,09:50:21.377262049
107.5625,1,09:50:21.377307349
107.5625,1,09:50:21.377328750
107.5625,2,09:50:21.377444347
107.5625,13,09:50:21.377662774
107.5625,1,09:50:21.377712298
107.5625,1,09:50:21.377953330
107.5625,25,09:50:21.378199098
107.5625,1,09:50:21.378905666
107.5625,14,09:50:21.378949369
107.5625,5,09:50:21.382571740
107.5625,4,09:50:21.382635187
107.5625,19,09:50:21.382658061
107.5625,32,09:50:21.382682222
107.5625,1,09:50:21.382699150
107.5625,82,09:50:21.382967811
107.5625,3,09:50:21.383828379
107.5625,12,09:50:21.384159755
107.5625,26,09:50:21.384196304
107.5625,1,09:50:21.384324428
107.5625,26,09:50:21.384430599
107.5625,52,09:50:21.384527427
107.5625,50,09:50:21.385023882
107.5625,1,09:50:21.385134546
107.5625,50,09:50:21.385176797
107.5625,40,09:50:21.385263762
107.5625,22,09:50:21.385263762
107.5625,3,09:50:21.385517530
107.5625,2,09:50:21.385577659
107.5625,10,09:50:21.385798509
107.5625,2,09:50:21.385859643
107.5625,1,09:50:21.386221516
107.5625,1,09:50:21.386270508
107.5625,16,09:50:21.387113841
107.5625,1,09:50:21.387205231
107.5625,2,09:50:21.387363091
107.5625,82,09:50:21.387471679
107.5625,4,09:50:21.387989996
107.5625,1,09:50:21.388092264
107.5625,9,09:50:21.388225236
107.5625,16,09:50:21.393986811
107.5625,1,09:50:21.394025107
107.5625,1,09:50:21.394414733
107.5625,2,09:50:21.395005014
107.5625,1,09:50:21.395249362
107.5625,17,09:50:21.395283045
107.5625,3,09:50:21.395323977
107.5625,1,09:50:21.396118101
107.5469,10,09:50:22.941180494
107.5469,3,09:50:22.941191681
107.5625,20,09:50:24.769271775
107.5469,5,09:50:27.729268630
107.5469,1,09:50:29.278308036
107.5469,1,09:50:29.483440997
107.5469,5,09:50:30.282784527
107.5625,75,09:50:32.510519836
107.5625,200,09:50:34.230389481
107.5469,22,09:50:38.775937580
107.5469,1,09:50:39.544618998
107.5469,11,09:50:39.970164334
107.5625,100,09:50:44.494915957
107.5625,1,09:50:45.937221467
107.5625,1,09:50:45.937552964
107.5625,6,09:50:45.937709501
107.5625,2,09:50:45.937985175
107.5625,1,09:50:45.938149421
107.5625,82,09:50:45.938682946
107.5625,23,09:50:45.938855345
107.5625,50,09:50:45.938908636
107.5625,82,09:50:45.938964311
107.5625,41,09:50:45.939029647
107.5625,50,09:50:45.939284665
107.5625,40,09:50:45.939519647
107.5625,27,09:50:45.939749015
107.5625,67,09:50:45.940370918
107.5625,147,09:50:45.940776961
107.5625,44,09:50:45.940959474
107.5625,103,09:50:45.941071268
107.5625,38,09:50:45.946537270
107.5625,1,09:50:45.948936006
107.5625,32,09:50:45.948968473
107.5625,20,09:50:45.949074672
107.5625,2,09:50:45.949105437
107.5625,1,09:50:45.949133126
107.5625,1,09:50:45.949179329
107.5625,1,09:50:45.949284717
107.5625,1,09:50:45.950244900
107.5625,50,09:50:48.798169959
107.5625,5,09:50:48.798229400
107.5625,1,09:50:48.798412203
107.5625,1,09:50:48.798435842
107.5625,21,09:50:48.798564526
107.5625,4,09:50:48.798686071
107.5625,18,09:50:48.798726683
107.5625,1,09:50:48.798740565
107.5625,1,09:50:48.798764969
107.5625,3,09:50:48.798785024
107.5625,10,09:50:48.798821412
107.5625,1,09:50:48.798861262
107.5625,1,09:50:48.798900450
107.5625,1,09:50:48.798921634
107.5625,1,09:50:48.798944867
107.5625,63,09:50:48.799374527
107.5625,5,09:50:48.801589567
107.5625,1,09:50:48.801610319
107.5625,1,09:50:48.801629875
107.5625,1,09:50:48.801652944
107.5625,3,09:50:48.802189678
107.5625,11,09:50:48.802286659
107.5625,25,09:50:48.802500368
107.5625,100,09:50:48.802523335
107.5625,3,09:50:48.802991422
107.5625,7,09:50:48.803167589
107.5625,45,09:50:48.803269636
107.5625,1,09:50:48.804594981
107.5625,1,09:50:48.804649583
107.5625,185,09:50:48.809983706
107.5625,1,09:50:48.810119629
107.5625,1,09:50:48.810174190
107.5625,4,09:50:48.810267777
107.5625,9,09:50:48.812607406
107.5625,3,09:50:48.812705582
107.5625,3,09:50:48.814325327
107.5625,101,09:50:48.815775225
107.5625,1,09:50:48.816268642
107.5625,34,09:50:48.835619003
107.5625,1,09:50:48.838329550
107.5625,12,09:50:48.839191891
107.5625,71,09:50:50.778929376
107.5625,1,09:50:50.779457474
107.5625,1,09:50:51.469687107
107.5625,50,09:50:51.551961515
107.5625,100,09:50:51.552564580
107.5625,38,09:50:51.552895319
107.5625,7,09:50:51.553003991
107.5625,58,09:50:51.555840452
107.5625,141,09:50:51.616710832
107.5625,5,09:50:51.616875952
107.5625,1,09:50:51.617011878
107.5625,1,09:50:51.617101880
107.5625,48,09:50:51.617547505
107.5625,1,09:50:51.671182405
107.5625,1,09:50:51.671258539
107.5625,14,09:50:51.671336319
107.5625,72,09:50:51.671761579
107.5625,6,09:50:51.671964090
107.5625,1,09:50:51.672010139
107.5625,3,09:50:51.674184606
107.5625,1,09:50:51.675379209
107.5625,1,09:50:51.675955241
107.5625,1,09:50:51.676202417
107.5625,17,09:50:51.676449603
107.5625,31,09:50:51.676514623
107.5625,1,09:50:51.676713486
107.5625,1,09:50:51.677629101
107.5625,1,09:50:51.677650816
107.5625,50,09:50:51.680396719
107.5625,1,09:50:51.680508132
107.5625,30,09:50:51.680605027
107.5625,21,09:50:51.680758348
107.5625,82,09:50:51.681682559
107.5625,27,09:50:51.681726896
107.5625,1,09:50:51.682055047
107.5625,5,09:50:51.682532541
107.5625,24,09:50:51.682567153
107.5625,3,09:50:51.682669587
107.5625,14,09:50:51.682703275
107.5625,5,09:50:51.682723438
107.5625,2,09:50:51.682760178
107.5625,8,09:50:51.682793628
107.5625,1,09:50:51.682813689
107.5625,6,09:50:51.682840119
107.5625,5,09:50:51.684092102
107.5625,1,09:50:51.684240313
107.5625,1,09:50:51.684364041
107.5625,40,09:50:51.684945770
107.5625,56,09:50:51.684975128
107.5625,1,09:50:51.685532138
107.5625,52,09:50:51.685855980
107.5625,1,09:50:51.686145936
107.5625,1,09:50:51.686208032
107.5625,1,09:50:51.686753147
107.5625,1,09:50:51.686827308
107.5625,1,09:50:51.687333700
107.5625,1,09:50:51.687358795
107.5625,41,09:50:51.688079011
107.5625,1,09:50:51.688104461
107.5625,1,09:50:51.688606084
107.5625,1,09:50:51.689208199
107.5625,4,09:50:51.689235860
107.5625,4,09:50:51.689264382
107.5625,17,09:50:51.689887358
107.5625,2,09:50:51.690516135
107.5625,3,09:50:51.690740489
107.5625,1,09:50:51.690950368
107.5625,1,09:50:51.691002805
107.5625,4,09:50:51.692063133
107.5625,26,09:50:51.692282258
107.5625,6,09:50:51.692863462
107.5625,1,09:50:51.694104170
107.5625,1,09:50:51.694206415
107.5625,4,09:50:51.694294022
107.5625,1,09:50:51.694807275
107.5625,3,09:50:51.695637864
107.5625,12,09:50:51.696014394
107.5625,1,09:50:51.696540970
107.5625,1,09:50:51.696573592
107.5625,1,09:50:51.696769622
107.5625,1,09:50:51.697257090
107.5625,1,09:50:51.697577945
107.5625,1,09:50:51.697949677
107.5625,1,09:50:51.697981822
107.5625,1,09:50:51.698440855
107.5625,1,09:50:51.699576087
107.5625,1,09:50:51.699708484
107.5625,3,09:50:51.699847953
107.5625,77,09:50:51.701566232
107.5625,2,09:50:51.701887740
107.5625,14,09:50:51.701974273
107.5625,1,09:50:51.702526438
107.5625,1,09:50:51.702552010
107.5625,1,09:50:51.702759105
107.5625,2,09:50:51.702959449
107.5625,1,09:50:51.702989219
107.5625,1,09:50:51.703009952
107.5625,5,09:50:51.703077165
107.5625,1,09:50:51.703336311
107.5625,1,09:50:51.703397559
107.5625,1,09:50:51.703416485
107.5625,1,09:50:51.703547201
107.5625,1,09:50:51.703605164
107.5625,1,09:50:51.703627280
107.5625,1,09:50:51.703933737
107.5625,2,09:50:51.704335128
107.5625,1,09:50:52.090612348
107.5625,1,09:50:52.090970953
107.5625,2,09:50:52.091641847
107.5625,3,09:50:52.091658251
107.5625,2,09:50:52.091693198
107.5625,1,09:50:52.091711973
107.5625,1,09:50:52.091739250
107.5625,1,09:50:52.092170184
107.5625,64,09:50:52.473004975
107.5625,15,09:50:53.439548695
107.5625,1,09:50:53.469044071
107.5625,34,09:50:54.394107175
107.5625,171,09:50:54.394413789
107.5625,20,09:50:54.395225296
107.5625,1,09:50:54.395332367
107.5625,6,09:50:54.395349430
107.5625,1,09:50:54.398791691
107.5625,1,09:50:55.033846075
107.5625,1,09:50:55.909359489
107.5625,1,09:50:55.909492212
107.5625,41,09:50:55.909729659
107.5625,27,09:50:55.910034264
107.5625,4,09:50:55.910220006
107.5625,18,09:50:55.910356965
107.5625,2,09:50:55.910405407
107.5625,8,09:50:55.912218391
107.5625,2,09:50:55.913341089
107.5625,32,09:50:55.913365816
107.5625,54,09:50:55.913387419
107.5625,3,09:50:55.913513134
107.5625,2,09:50:55.913547858
107.5625,1,09:50:55.913564867
107.5625,30,09:50:55.913710396
107.5625,8,09:50:55.914027912
107.5625,1,09:50:55.914270145
107.5625,1,09:50:55.915479961
107.5625,2,09:50:55.916938364
107.5625,1,09:50:57.046035378
107.5625,4,09:50:57.052624480
107.5625,1,09:50:57.052794823
107.5625,1,09:50:57.052915411
107.5625,1,09:50:57.053119623
107.5625,9,09:50:57.054708944
107.5625,14,09:50:57.056384348
107.5625,1,09:50:57.056767082
107.5625,21,09:50:57.056802209
107.5781,10,09:51:01.465070360
107.5781,40,09:51:12.281894498
107.5625,16,09:51:12.950285084
107.5781,1,09:51:16.045983588
107.5625,1,09:51:31.560973552
107.5625,1,09:51:35.847327436
107.5781,1,09:51:36.791627363
107.5625,9,09:51:44.246276980
107.5625,2,09:51:44.270082215
107.5625,1,09:51:46.287301123
107.5781,1,09:51:47.084409843
107.5625,1,09:51:47.154464403
107.5781,115,09:51:47.925565460
107.5625,3,09:51:49.952432491
107.5781,1,09:51:54.132078171
107.5625,1,09:51:55.933302098
107.5781,1,09:52:01.036143328
107.5625,25,09:52:02.806198096
107.5625,1,09:52:10.776821597
107.5781,1,09:52:12.769568541
107.5781,40,09:52:19.158689255
107.5625,1,09:52:19.369380046
107.5625,9,09:52:24.415190860
107.5781,1,09:52:29.034032304
107.5625,1,09:52:36.435752359
107.5781,2,09:52:37.427920543
107.5781,2,09:52:37.442812174
107.5781,1,09:52:42.015356236
107.5781,1,09:52:42.030220909
107.5781,1,09:52:42.086911697
107.5625,1,09:52:42.355010903
107.5625,1,09:52:43.547587311
107.5781,2,09:52:48.748390664
107.5625,75,09:52:50.494826019
107.5625,1,09:52:50.495057991
107.5625,1,09:52:50.495085659
107.5625,1,09:52:50.495192532
107.5625,59,09:52:50.495253359
107.5625,1,09:52:50.495388760
107.5625,1,09:52:50.495583701
107.5625,1,09:52:50.495611113
107.5625,1,09:52:50.495627424
107.5625,1,09:52:50.495653325
107.5625,1,09:52:50.495669514
107.5625,1,09:52:50.495696699
107.5625,1,09:52:50.495714466
107.5625,1,09:52:50.495737916
107.5625,1,09:52:50.495759855
107.5625,1,09:52:50.495774720
107.5625,1,09:52:50.495799248
107.5625,32,09:52:50.495833201
107.5625,1,09:52:50.495876958
107.5625,1,09:52:50.495888853
107.5625,1,09:52:50.495909909
107.5625,1,09:52:50.495930444
107.5625,1,09:52:50.495950922
107.5625,1,09:52:50.495969965
107.5625,1,09:52:50.495993076
107.5625,1,09:52:50.496016740
107.5625,1,09:52:50.496038542
107.5625,1,09:52:50.496059314
107.5625,1,09:52:50.496080332
107.5625,1,09:52:50.496126211
107.5625,5,09:52:50.496197202
107.5625,4,09:52:50.496654894
107.5625,1,09:52:50.496678981
107.5625,1,09:52:50.496710140
107.5625,1,09:52:50.496776967
107.5625,2,09:52:50.496816699
107.5625,1,09:52:50.496850443
107.5625,2,09:52:50.496935364
107.5625,41,09:52:50.497038614
107.5625,100,09:52:50.497173043
107.5625,9,09:52:50.497238582
107.5625,1,09:52:50.497472360
107.5625,9,09:52:50.497517139
107.5625,1,09:52:50.497989167
107.5625,1,09:52:50.498222647
107.5625,52,09:52:50.498498710
107.5625,1,09:52:50.499072585
107.5625,1,09:52:50.499103126
107.5625,11,09:52:50.499126839
107.5625,1,09:52:50.499180238
107.5625,1,09:52:50.499211611
107.5625,4,09:52:50.499424470
107.5625,3,09:52:50.499736992
107.5625,1,09:52:50.499773536
107.5625,1,09:52:50.499822718
107.5625,3,09:52:50.499877039
107.5625,1,09:52:50.499935594
107.5625,9,09:52:50.500010780
107.5625,45,09:52:50.500449678
107.5625,1,09:52:50.500654828
107.5625,1,09:52:50.500704598
107.5625,1,09:52:50.501074413
107.5625,1,09:52:50.501140559
107.5625,15,09:52:50.501182255
107.5625,1,09:52:50.502473696
107.5625,1,09:52:50.503120080
107.5625,21,09:52:50.503169301
107.5625,1,09:52:50.503277392
107.5625,13,09:52:50.503425657
107.5625,1,09:52:50.503453658
107.5625,7,09:52:50.503469883
107.5625,3,09:52:50.503490974
107.5625,4,09:52:50.503514351
107.5625,1,09:52:50.503542255
107.5625,9,09:52:50.503564223
107.5625,1,09:52:50.503581927
107.5625,1,09:52:50.503678639
107.5625,1,09:52:50.503720579
107.5625,1,09:52:50.503813538
107.5625,12,09:52:50.504010118
107.5625,1,09:52:50.504213440
107.5625,1,09:52:50.504271675
107.5625,1,09:52:50.505808569
107.5625,1,09:52:50.506268000
107.5625,2,09:52:50.507306056
107.5625,5,09:52:50.507427742
107.5625,51,09:52:50.510134810
107.5625,1,09:52:50.510241837
107.5625,1,09:52:50.510273040
107.5625,1,09:52:50.510361717
107.5625,1,09:52:50.510414771
107.5625,1,09:52:50.510461540
107.5625,23,09:52:50.510488453
107.5625,1,09:52:50.510523409
107.5625,1,09:52:50.510550305
107.5625,1,09:52:50.510580227
107.5625,1,09:52:50.510606365
107.5625,1,09:52:50.510639089
107.5625,1,09:52:50.510673238
107.5625,1,09:52:50.510703187
107.5625,1,09:52:50.510770733
107.5625,1,09:52:50.510796376
107.5625,1,09:52:50.510816786
107.5625,1,09:52:50.510842949
107.5625,1,09:52:50.510877862
107.5625,1,09:52:50.510913882
107.5625,1,09:52:50.510976110
107.5625,1,09:52:50.511004274
107.5625,1,09:52:50.511049107
107.5625,1,09:52:50.511076826
107.5625,1,09:52:50.511160588
107.5625,7,09:52:50.511192851
107.5625,19,09:52:50.511261844
107.5625,2,09:52:50.511363820
107.5625,1,09:52:50.511500374
107.5625,1,09:52:50.511543895
107.5625,2,09:52:50.511784469
107.5625,22,09:52:50.512003504
107.5625,4,09:52:50.512085499
107.5625,3,09:52:50.512345857
107.5625,5,09:52:50.512434041
107.5625,1,09:52:50.512491239
107.5625,23,09:52:50.512672144
107.5625,1,09:52:50.512753630
107.5625,1,09:52:50.512999540
107.5625,4,09:52:50.513145622
107.5625,3,09:52:50.513211902
107.5625,5,09:52:50.513292291
107.5625,1,09:52:50.513318951
107.5625,2,09:52:50.513437066
107.5625,1,09:52:50.513783447
107.5625,13,09:52:50.513833537
107.5625,1,09:52:50.514353449
107.5625,2,09:52:50.517214534
107.5625,1,09:52:50.517438673
107.5625,40,09:52:50.519096197
107.5625,3,09:52:50.519994814
107.5625,4,09:52:50.521928216
107.5625,17,09:52:50.587489379
107.5625,16,09:52:50.587908516
107.5469,22,09:52:50.601778703
107.5625,15,09:52:50.905833859
107.5625,1,09:52:50.906072375
107.5625,11,09:52:50.995026761
107.5625,11,09:52:50.995096148
107.5625,1,09:52:50.995241879
107.5625,1,09:52:50.995317986
107.5625,1,09:52:50.995364838
107.5625,1,09:52:50.995415304
107.5625,1,09:52:51.178997892
107.5625,1,09:52:51.189823272
107.5625,1,09:52:52.007198190
107.5625,100,09:52:53.911498636
107.5469,1,09:52:54.848033780
107.5625,20,09:52:57.629023362
107.5625,105,09:52:57.629657128
107.5625,1,09:52:57.630029552
107.5625,1,09:52:57.630085194
107.5625,1,09:52:57.630198559
107.5625,60,09:52:57.630423803
107.5625,1,09:52:57.630526398
107.5625,1,09:52:57.630556129
107.5625,1,09:52:57.630593103
107.5625,1,09:52:57.630666003
107.5625,1,09:52:57.630695700
107.5625,1,09:52:57.630721246
107.5625,1,09:52:57.630754373
107.5625,1,09:52:57.630826964
107.5625,1,09:52:57.630843841
107.5625,1,09:52:57.630889729
107.5625,1,09:52:57.630905132
107.5625,1,09:52:57.630932309
107.5625,1,09:52:57.630963622
107.5625,1,09:52:57.630994746
107.5625,1,09:52:57.631019883
107.5625,1,09:52:57.631050638
107.5625,1,09:52:57.631078636
107.5625,1,09:52:57.631198392
107.5625,14,09:52:57.631207883
107.5625,2,09:52:57.631354117
107.5625,63,09:52:57.631530003
107.5625,10,09:52:57.632355413
107.5625,41,09:52:57.632713628
107.5625,21,09:52:57.632757607
107.5625,3,09:52:57.633464776
107.5625,3,09:52:57.633833216
107.5625,1,09:52:57.634116140
107.5625,1,09:52:57.634217229
107.5625,3,09:52:57.634468844
107.5625,1,09:52:57.635159300
107.5625,1,09:52:57.635863542
107.5625,3,09:52:57.718473783
107.5625,2,09:52:57.718501725
107.5625,1,09:52:57.718723027
107.5625,1,09:52:57.718769808
107.5625,25,09:52:58.311794103
107.5625,1,09:52:58.311992757
107.5625,1,09:52:58.312043378
107.5625,30,09:52:58.312220172
107.5625,1,09:52:58.312319804
107.5625,1,09:52:58.312501647
107.5625,1,09:52:58.312775176
107.5625,1,09:52:58.313615602
107.5625,1,09:52:58.313672029
107.5625,44,09:52:58.313924261
107.5625,3,09:53:00.065828173
107.5625,9,09:53:00.066295225
107.5625,1,09:53:00.066340378
107.5625,1,09:53:00.066370734
107.5625,42,09:53:00.066600514
107.5625,2,09:53:00.067367929
107.5625,1,09:53:00.067446787
107.5625,1,09:53:08.161563972
107.5625,4,09:53:08.739460551
107.5625,4,09:53:08.739554180
107.5625,1,09:53:08.739690973
107.5625,13,09:53:08.828773289
107.5469,2,09:53:08.849988133
107.5625,3,09:53:08.854251969
107.5625,4,09:53:09.342286394
107.5625,2,09:53:09.354893540
107.5625,1,09:53:09.355088107
107.5625,5,09:53:09.445981041
107.5625,32,09:53:09.455353422
107.5625,1,09:53:09.455490201
107.5625,1,09:53:09.455684136
107.5625,1,09:53:09.866466177
107.5625,4,09:53:10.830193680
107.5625,3,09:53:10.830228147
107.5625,2,09:53:10.919479512
107.5625,3,09:53:10.919520342
107.5625,2,09:53:16.867477945
107.5625,1,09:53:16.867802208
107.5625,3,09:53:16.885517803
107.5625,3,09:53:16.956645771
107.5625,1,09:53:20.365088592
107.5625,1,09:53:20.365386272
107.5469,20,09:53:21.888168184
107.5469,500,09:53:21.987235076
107.5625,10,09:53:26.342549769
107.5625,25,09:53:29.127220851
107.5469,10,09:53:40.065531221
107.5625,1,09:53:43.033515177
107.5625,1,09:53:49.124188206
107.5469,1,09:53:55.335256906
107.5469,1,09:54:00.194782487
107.5625,1,09:54:04.439566433
107.5469,4,09:54:05.380124605
107.5469,1,09:54:07.614403023
107.5469,26,09:54:15.453442503
107.5469,8,09:54:19.903758550
107.5469,8,09:54:19.957387165
107.5469,45,09:54:19.958458668
107.5469,1,09:54:19.958737896
107.5469,1,09:54:19.958784444
107.5469,50,09:54:19.959386786
107.5469,82,09:54:19.959427395
107.5469,82,09:54:19.959748175
107.5469,9,09:54:19.959794749
107.5469,50,09:54:19.959818564
107.5469,40,09:54:19.959897190
107.5469,2,09:54:19.959920576
107.5469,27,09:54:19.960030981
107.5469,41,09:54:19.960285002
107.5469,79,09:54:19.960530204
107.5469,55,09:54:19.960595015
107.5469,1,09:54:19.960691343
107.5469,32,09:54:19.960781477
107.5469,4,09:54:19.960781477
107.5469,50,09:54:19.960802363
107.5469,1,09:54:19.960853030
107.5469,1,09:54:19.960930096
107.5469,1,09:54:19.961049638
107.5469,2,09:54:19.961074812
107.5469,42,09:54:19.961121189
107.5469,3,09:54:19.961244868
107.5469,1,09:54:19.961265275
107.5469,2,09:54:19.961300348
107.5469,11,09:54:19.961377469
107.5469,77,09:54:19.961403088
107.5469,17,09:54:19.961433675
107.5469,1,09:54:19.961523475
107.5469,75,09:54:19.961533517
107.5469,4,09:54:19.961702628
107.5469,3,09:54:19.961756318
107.5469,1,09:54:19.961797871
107.5469,10,09:54:19.961836851
107.5469,1,09:54:19.961856870
107.5469,15,09:54:19.961912922
107.5469,29,09:54:19.961946984
107.5469,88,09:54:19.961960169
107.5469,1,09:54:19.961989107
107.5469,218,09:54:19.962290656
107.5469,75,09:54:19.964530083
107.5469,1,09:54:19.964588619
107.5469,1,09:54:19.964959455
107.5469,3,09:54:19.966532252
107.5469,5,09:54:19.969992513
107.5469,7,09:54:19.970639537
107.5469,1,09:54:19.975375931
107.5313,9,09:54:20.021276184
107.5313,1,09:54:20.021289625
107.5469,13,09:54:20.029992776
107.5469,3,09:54:20.053106788
107.5469,12,09:54:20.053451189
107.5469,6,09:54:20.126755486
107.5469,100,09:54:26.843269912
107.5469,100,09:54:31.246907759
107.5469,35,09:54:31.247651601
107.5469,3,09:54:31.248220086
107.5469,1,09:54:31.248262318
107.5469,2,09:54:31.248283556
107.5469,6,09:54:31.248911880
107.5469,3,09:54:31.249047146
107.5469,1,09:54:31.249086309
107.5469,3,09:54:31.249126175
107.5469,1,09:54:31.249145868
107.5469,2,09:54:31.249226132
107.5469,1,09:54:31.249547268
107.5469,1,09:54:31.249587588
107.5469,229,09:54:31.249854103
107.5469,1,09:54:31.250573904
107.5469,19,09:54:31.250646974
107.5469,6,09:54:31.250755308
107.5469,1,09:54:31.250827050
107.5469,2,09:54:31.250887657
107.5469,5,09:54:31.251103831
107.5469,1,09:54:31.251175781
107.5469,1,09:54:31.251550147
107.5469,1,09:54:31.251760462
107.5469,43,09:54:31.252417842
107.5469,1,09:54:31.252807023
107.5469,1,09:54:31.252827814
107.5469,15,09:54:31.255254679
107.5469,3,09:54:31.265503728
107.5469,25,09:54:32.109658929
107.5469,43,09:54:32.258584757
107.5469,87,09:54:32.259320654
107.5469,19,09:54:32.260473685
107.5469,1,09:54:32.260506227
107.5469,11,09:54:32.260532073
107.5469,5,09:54:32.260557357
107.5469,1,09:54:32.260579297
107.5469,1,09:54:32.260596328
107.5469,9,09:54:32.260616255
107.5469,40,09:54:32.260667245
107.5469,1,09:54:32.260699578
107.5469,1,09:54:32.260732695
107.5469,8,09:54:32.260780521
107.5469,1,09:54:32.261019197
107.5469,31,09:54:32.261076100
107.5469,1,09:54:32.261117036
107.5469,8,09:54:32.261148515
107.5469,1,09:54:32.261490192
107.5469,1,09:54:32.261566875
107.5469,1,09:54:32.261629757
107.5469,1,09:54:32.261682513
107.5469,1,09:54:32.261701822
107.5469,1,09:54:32.261730043
107.5469,8,09:54:32.261828087
107.5469,1,09:54:32.261923875
107.5469,1,09:54:32.261958076
107.5469,3,09:54:32.262085788
107.5469,2,09:54:32.262867113
107.5469,20,09:54:32.262945508
107.5469,3,09:54:32.263770795
107.5469,1,09:54:32.264314357
107.5469,62,09:54:33.645686183
107.5469,1,09:54:33.646075833
107.5469,1,09:54:33.646146590
107.5469,1,09:54:33.646169138
107.5469,1,09:54:33.646216230
107.5469,8,09:54:33.646354597
107.5469,1,09:54:33.646531993
107.5469,6,09:54:33.646855390
107.5469,1,09:54:33.646911366
107.5469,1,09:54:33.647157078
107.5469,70,09:54:33.648129542
107.5469,4,09:54:33.648226366
107.5469,2,09:54:33.648329386
107.5469,9,09:54:33.649222754
107.5469,3,09:54:33.650229012
107.5469,1,09:54:33.650821964
107.5469,22,09:54:33.650888516
107.5469,1,09:54:33.651041182
107.5469,1,09:54:33.651255198
107.5469,5,09:54:33.651967846
107.5469,1,09:54:33.652550175
107.5469,4,09:54:33.785562275
107.5469,1,09:54:33.785764359
107.5469,1,09:54:34.290859964
107.5469,4,09:54:36.305575910
107.5469,1,09:54:36.305858341
107.5469,1,09:54:36.306086442
107.5469,4,09:54:36.510895650
107.5469,125,09:54:36.511355970
107.5469,133,09:54:36.513649571
107.5469,1,09:54:36.515571740
107.5469,19,09:54:36.515590950
107.5469,1,09:54:36.515635541
107.5469,3,09:54:36.515659253
107.5469,1,09:54:36.516793192
107.5469,15,09:54:36.516880968
107.5469,6,09:54:36.516911663
107.5469,1,09:54:36.517034740
107.5469,13,09:54:36.517084021
107.5469,3,09:54:36.517149901
107.5469,5,09:54:36.517733302
107.5469,39,09:54:36.517885618
107.5469,1,09:54:36.518839026
107.5469,1,09:54:36.519033312
107.5469,1,09:54:36.519125467
107.5469,1,09:54:36.519312329
107.5469,1,09:54:36.520411134
107.5469,182,09:54:36.527232312
107.5469,2,09:54:36.559892483
107.5469,2,09:54:38.805559847
107.5469,215,09:54:38.924403068
107.5625,2,09:54:39.551209518
107.5625,93,09:54:39.551580236
107.5625,2,09:54:39.551801136
107.5625,6,09:54:39.551854996
107.5625,1,09:54:39.551935770
107.5625,2,09:54:39.551966510
107.5625,2,09:54:39.552009857
107.5625,95,09:54:39.552136955
107.5625,1,09:54:39.552382496
107.5625,1,09:54:39.552438976
107.5625,2,09:54:39.552498126
107.5625,82,09:54:39.552800738
107.5625,2,09:54:39.553098731
107.5625,4,09:54:39.553150847
107.5625,3,09:54:39.553237697
107.5625,4,09:54:39.553292923
107.5625,1,09:54:39.553357030
107.5625,50,09:54:39.553462449
107.5625,27,09:54:39.553588040
107.5625,5,09:54:39.554227867
107.5625,34,09:54:39.554282812
107.5625,1,09:54:39.554674984
107.5625,60,09:54:39.556314568
107.5625,1,09:54:39.556363984
107.5625,1,09:54:39.556421342
107.5625,1,09:54:39.556631049
107.5625,39,09:54:39.556988805
107.5625,1,09:54:39.557142451
107.5625,3,09:54:39.557542917
107.5625,1,09:54:39.557764009
107.5625,2,09:54:39.567881727
107.5625,2,09:54:39.646900783
107.5625,1,09:54:39.647093385
107.5625,1,09:54:40.026522827
107.5469,1,09:54:41.052003218
107.5625,2,09:54:41.146775369
107.5625,1,09:54:44.754768253
107.5625,63,09:54:44.755018764
107.5625,13,09:54:44.755139012
107.5625,5,09:54:44.755215472
107.5625,9,09:54:44.755356930
107.5625,1,09:54:44.755385181
107.5625,1,09:54:44.755436631
107.5625,1,09:54:44.755624887
107.5625,1,09:54:44.755677986
107.5625,57,09:54:44.755756726
107.5625,1,09:54:44.755791723
107.5625,1,09:54:44.755843001
107.5625,1,09:54:44.755908298
107.5625,1,09:54:44.755937793
107.5625,39,09:54:44.756128217
107.5625,2,09:54:44.756856758
107.5625,2,09:54:44.757039793
107.5625,1,09:54:44.757159539
107.5625,9,09:54:44.757471286
107.5625,3,09:54:44.757814970
107.5625,1,09:54:44.758508248
107.5625,22,09:54:44.758645687
107.5625,1,09:54:44.759832880
107.5625,1,09:54:44.759993891
107.5625,1,09:54:44.760203447
107.5625,1,09:54:45.065573285
107.5625,1,09:54:45.065780656
107.5625,14,09:54:56.143260034
107.5625,1,09:54:57.041077041
107.5469,1,09:55:00.011177557
107.5469,1,09:55:05.198914906
107.5625,41,09:55:09.099351025
107.5625,1,09:55:09.100273722
107.5625,1,09:55:09.100393404
107.5625,15,09:55:09.100962318
107.5625,1,09:55:09.101244658
107.5625,9,09:55:09.101392256
107.5625,1,09:55:09.101516672
107.5625,1,09:55:09.101538474
107.5625,1,09:55:09.101570819
107.5625,1,09:55:09.101592305
107.5625,1,09:55:09.101615074
107.5625,1,09:55:09.101646181
107.5625,1,09:55:09.101669900
107.5625,1,09:55:09.101693690
107.5625,1,09:55:09.101724855
107.5625,1,09:55:09.101770388
107.5625,1,09:55:09.101790651
107.5625,1,09:55:09.101804501
107.5625,1,09:55:09.101838726
107.5625,1,09:55:09.101857055
107.5625,1,09:55:09.101913985
107.5625,1,09:55:09.101941093
107.5625,1,09:55:09.101965631
107.5625,1,09:55:09.102005244
107.5625,83,09:55:09.102184954
107.5625,1,09:55:09.102296591
107.5625,3,09:55:09.102320392
107.5625,3,09:55:09.102368934
107.5625,1,09:55:09.102416379
107.5625,1,09:55:09.102546670
107.5625,1,09:55:09.102593801
107.5625,16,09:55:09.102676365
107.5625,44,09:55:09.102720884
107.5625,1,09:55:09.102769807
107.5625,7,09:55:09.102850273
107.5625,1,09:55:09.102898744
107.5625,1,09:55:09.102945471
107.5625,3,09:55:09.103023098
107.5625,1,09:55:09.103058674
107.5625,2,09:55:09.103089906
107.5625,1,09:55:09.103475581
107.5625,1,09:55:09.103514933
107.5625,1,09:55:09.103588809
107.5625,1,09:55:09.104855120
107.5625,2,09:55:09.104888852
107.5625,3,09:55:09.106027597
107.5625,1,09:55:09.106703151
107.5625,3,09:55:09.107864115
107.5625,12,09:55:09.230214308
107.5625,1,09:55:09.886678892
107.5625,7,09:55:11.209203204
107.5625,1,09:55:11.209294241
107.5625,2,09:55:11.209318831
107.5625,67,09:55:11.209400231
107.5625,2,09:55:11.209440642
107.5625,1,09:55:11.209473951
107.5625,10,09:55:11.209494752
107.5625,3,09:55:11.209588802
107.5625,93,09:55:11.209765301
107.5625,34,09:55:11.210213985
107.5625,3,09:55:11.210358465
107.5625,69,09:55:11.210589616
107.5625,1,09:55:11.211109789
107.5625,1,09:55:11.212097454
107.5625,31,09:55:11.212640922
107.5625,52,09:55:11.212671783
107.5625,5,09:55:11.212724967
107.5625,55,09:55:11.212804936
107.5625,22,09:55:11.212889620
107.5625,1,09:55:11.213677672
107.5625,34,09:55:11.213798429
107.5625,9,09:55:11.213828603
107.5625,26,09:55:11.214120090
107.5625,5,09:55:11.214465841
107.5625,1,09:55:11.214510578
107.5625,1,09:55:11.215442219
107.5625,4,09:55:11.215968067
107.5625,1,09:55:11.216345220
107.5625,1,09:55:11.216373204
107.5625,12,09:55:11.216987543
107.5625,23,09:55:11.217445633
107.5625,1,09:55:11.218080134
107.5625,72,09:55:11.219182838
107.5625,1,09:55:11.219332474
107.5625,1,09:55:11.219421601
107.5625,1,09:55:11.220023655
107.5625,1,09:55:11.220070357
107.5625,1,09:55:11.220096748
107.5625,1,09:55:11.220137725
107.5625,1,09:55:11.220490283
107.5625,1,09:55:11.220516292
107.5625,4,09:55:11.306246991
107.5625,7,09:55:12.423353728
107.5625,41,09:55:12.423808898
107.5625,1,09:55:12.423871501
107.5625,1,09:55:12.423935583
107.5625,1,09:55:12.424004794
107.5625,12,09:55:12.424204452
107.5625,1,09:55:13.360101381
107.5625,103,09:55:13.360572597
107.5625,22,09:55:13.360906569
107.5625,1,09:55:13.368028121
107.5625,6,09:55:13.368278881
107.5625,1,09:55:13.368333685
107.5625,1,09:55:13.368436928
107.5625,1,09:55:13.368560796
107.5625,1,09:55:13.368796229
107.5625,1,09:55:13.368855164
107.5625,2,09:55:13.368899169
107.5625,28,09:55:13.369165071
107.5625,1,09:55:13.370173527
107.5625,5,09:55:13.370619030
107.5625,1,09:55:13.370720965
107.5625,1,09:55:13.370817652
107.5625,23,09:55:13.370904652
107.5625,1,09:55:13.371405578
107.5625,1,09:55:13.372019302
107.5625,1,09:55:13.372055287
107.5625,20,09:55:13.372170166
107.5625,1,09:55:13.372791276
107.5625,1,09:55:13.372821475
107.5625,5,09:55:13.373970144
107.5625,1,09:55:13.384105696
107.5625,6,09:55:13.489567984
107.5625,2,09:55:13.489603179
107.5625,1,09:55:13.489727959
107.5625,2,09:55:13.489839050
107.5625,1,09:55:13.489910388
107.5625,1,09:55:13.490851437
107.5625,2,09:55:13.491775716
107.5625,1,09:55:13.492204201
107.5625,40,09:55:13.492274577
107.5625,1,09:55:13.492739482
107.5625,1,09:55:13.492772619
107.5625,27,09:55:13.498438974
107.5625,1,09:55:13.498748496
107.5625,1,09:55:13.498804149
107.5625,1,09:55:13.499026271
107.5625,1,09:55:13.499123528
107.5625,23,09:55:13.499252337
107.5625,13,09:55:13.583875741
107.5625,10,09:55:13.608082837
107.5625,1,09:55:13.608267538
107.5625,3,09:55:13.608466285
107.5625,1,09:55:13.608546117
107.5625,24,09:55:13.608635808
107.5625,1,09:55:13.608635808
107.5625,4,09:55:13.608671210
107.5625,1,09:55:13.608734851
107.5625,1,09:55:13.608763453
107.5625,1,09:55:13.608811898
107.5625,1,09:55:13.608837339
107.5625,1,09:55:13.608871476
107.5625,3,09:55:13.608905682
107.5625,1,09:55:13.608942947
107.5625,1,09:55:13.608981994
107.5625,1,09:55:13.609005481
107.5625,1,09:55:13.609045217
107.5625,1,09:55:13.609063713
107.5625,1,09:55:13.609086268
107.5625,1,09:55:13.609174456
107.5625,9,09:55:13.609209371
107.5625,1,09:55:13.609257968
107.5625,1,09:55:13.609562691
107.5625,1,09:55:13.609601184
107.5625,5,09:55:13.609686136
107.5625,1,09:55:13.610537219
107.5625,1,09:55:13.610662649
107.5625,1,09:55:13.611415624
107.5625,1,09:55:13.611630583
107.5625,1,09:55:13.611935724
107.5625,1,09:55:13.612159377
107.5625,1,09:55:13.612211612
107.5625,6,09:55:13.612401887
107.5625,1,09:55:13.612886176
107.5625,2,09:55:14.165679050
107.5625,1,09:55:14.166101823
107.5625,9,09:55:14.167226789
107.5625,1,09:55:14.167263615
107.5625,1,09:55:14.167340449
107.5625,1,09:55:14.167507304
107.5625,1,09:55:14.167557558
107.5625,1,09:55:14.167815182
107.5625,1,09:55:14.167917782
107.5625,1,09:55:14.167973873
107.5625,1,09:55:14.168023768
107.5625,1,09:55:14.168049110
107.5625,1,09:55:14.168073910
107.5625,1,09:55:14.168108430
107.5625,1,09:55:14.168150501
107.5625,1,09:55:14.168180825
107.5625,1,09:55:14.168210566
107.5625,1,09:55:14.168277331
107.5625,1,09:55:14.168304484
107.5625,1,09:55:14.168332897
107.5625,1,09:55:14.168632072
107.5625,5,09:55:14.169003625
107.5625,1,09:55:14.169316185
107.5625,1,09:55:14.169352420
107.5469,1,09:55:15.010607308
107.5625,1,09:55:15.324729078
107.5625,1,09:55:15.324975124
107.5625,46,09:55:15.325371295
107.5625,55,09:55:15.592025663
107.5625,18,09:55:15.592314062
107.5625,1,09:55:15.592356394
107.5625,1,09:55:15.592404111
107.5625,1,09:55:15.592488485
107.5625,1,09:55:15.592541363
107.5625,25,09:55:15.592569625
107.5625,1,09:55:15.592968063
107.5625,3,09:55:15.593022002
107.5625,18,09:55:15.593190019
107.5625,1,09:55:15.593467362
107.5625,2,09:55:15.593493852
107.5625,7,09:55:15.593896513
107.5625,1,09:55:15.594372267
107.5625,6,09:55:15.594468924
107.5625,1,09:55:15.594494922
107.5625,1,09:55:15.667484507
107.5625,1,09:55:15.667685081
107.5625,69,09:55:15.668009303
107.5625,8,09:55:16.357939419
107.5625,1,09:55:16.358118776
107.5625,1,09:55:16.358152021
107.5625,1,09:55:16.358244756
107.5625,1,09:55:16.358321743
107.5625,1,09:55:17.280494364
107.5625,1,09:55:17.537847720
107.5625,1,09:55:17.538048636
107.5625,3,09:55:27.165543615
107.5625,1,09:55:27.165776329
107.5625,41,09:55:28.927644613
107.5625,3,09:55:28.927746733
107.5625,41,09:55:28.927823092
107.5625,81,09:55:28.928226765
107.5625,100,09:55:28.928608046
107.5625,54,09:55:28.928948321
107.5625,3,09:55:28.932821539
107.5625,1,09:55:30.011553877
107.5625,1,09:55:30.012008814
107.5625,10,09:55:30.012604387
107.5625,1,09:55:30.012637447
107.5625,1,09:55:30.012687983
107.5625,11,09:55:30.012710438
107.5625,1,09:55:30.012710438
107.5625,1,09:55:30.012762317
107.5625,1,09:55:30.012829537
107.5625,1,09:55:30.012846882
107.5625,1,09:55:30.012913200
107.5625,1,09:55:30.012971294
107.5625,1,09:55:30.013019983
107.5625,1,09:55:30.013072582
107.5625,1,09:55:30.013114901
107.5625,1,09:55:30.013194294
107.5625,1,09:55:30.013992499
107.5625,1,09:55:30.014721682
107.5781,4,09:55:33.464222569
107.5781,1,09:55:33.464241136
107.5625,20,09:55:44.304111689
107.5625,157,09:55:44.304716523
107.5625,2,09:55:44.305703599
107.5625,1,09:55:44.305753657
107.5625,1,09:55:44.305786704
107.5625,1,09:55:44.306318104
107.5625,2,09:55:44.307945500
107.5625,2,09:55:44.325526293
107.5625,1,09:55:44.332569696
107.5625,58,09:55:44.332988344
107.5625,1,09:55:44.456723739
107.5625,1,09:55:45.011151540
107.5625,1,09:55:45.014388722
107.5625,1,09:55:45.014419544
107.5625,30,09:55:45.014850546
107.5625,1,09:55:45.015048803
107.5625,1,09:55:45.015706592
107.5625,66,09:55:45.017468390
107.5625,3,09:55:45.018100553
107.5625,1,09:55:45.019203178
107.5625,1,09:55:45.019221872
107.5625,1,09:55:45.019504201
107.5625,20,09:55:49.315716608
107.5625,1,09:55:51.531807993
107.5781,160,09:55:57.432153242
107.5625,2,09:55:57.434818492
107.5625,1,09:56:00.011147736
107.5781,1,09:56:05.036650197
107.5625,1,09:56:15.010970598
107.5625,21,09:56:17.251212731
107.5781,1,09:56:18.350133269
107.5781,1,09:56:19.442096966
107.5781,1,09:56:21.513932711
107.5625,6,09:56:21.587156690
107.5625,9,09:56:21.999364537
107.5625,2,09:56:27.306286221
107.5781,10,09:56:27.736151537
107.5625,1,09:56:30.011918344
107.5625,1,09:56:40.074400195
107.5781,1,09:56:41.826308359
107.5625,1,09:56:45.010712777
107.5781,1,09:56:48.597451479
107.5781,3,09:56:48.598062098
107.5781,6,09:56:48.598275921
107.5781,1,09:56:48.598356953
107.5781,1,09:56:48.598377523
107.5781,1,09:56:48.598412336
107.5781,40,09:56:48.598508648
107.5781,1,09:56:48.598796123
107.5781,6,09:56:48.598887779
107.5781,3,09:56:48.598991170
107.5781,1,09:56:48.599174438
107.5781,27,09:56:48.599378733
107.5781,1,09:56:48.600084488
107.5781,1,09:56:48.600359732
107.5625,2,09:56:48.601887421
107.5781,1,09:56:48.603349014
107.5625,6,09:56:48.777583448
107.5781,160,09:56:51.001186041
107.5781,1,09:56:51.645531078
107.5781,1,09:56:51.645558351
107.5781,789,09:56:52.551540490
107.5781,5,09:56:52.557960532
107.5781,3,09:56:52.558030498
107.5781,31,09:56:52.577492471
107.5781,1,09:56:52.577594922
107.5781,1,09:56:52.577631018
107.5781,1,09:56:52.577666971
107.5781,1,09:56:52.577959892
107.5781,2,09:56:52.577983860
107.5781,1,09:56:52.578008001
107.5781,7,09:56:52.578059756
107.5781,1,09:56:52.578077197
107.5781,1,09:56:52.578209196
107.5781,4,09:56:52.578209196
107.5781,1,09:56:52.578238393
107.5781,1,09:56:52.578259709
107.5781,1,09:56:52.578320830
107.5781,5,09:56:52.578363029
107.5781,8,09:56:52.578464768
107.5781,1,09:56:52.578496628
107.5781,174,09:56:54.135250619
107.5781,1,09:56:54.135540284
107.5781,1,09:56:54.135709154
107.5781,7,09:56:54.135718277
107.5781,1,09:56:54.135775194
107.5781,1,09:56:54.135814088
107.5781,1,09:56:54.135855614
107.5781,1,09:56:54.135884636
107.5781,1,09:56:54.135924243
107.5781,1,09:56:54.135952160
107.5781,1,09:56:54.135984631
107.5781,1,09:56:54.136031730
107.5781,1,09:56:54.136058848
107.5781,1,09:56:54.136104160
107.5781,1,09:56:54.136133972
107.5781,1,09:56:54.136163854
107.5781,1,09:56:54.136195400
107.5781,1,09:56:54.136222966
107.5781,1,09:56:54.136256482
107.5781,17,09:56:54.136325456
107.5781,1,09:56:54.136334911
107.5781,1,09:56:54.136397593
107.5781,1,09:56:54.136472158
107.5781,1,09:56:54.136533990
107.5781,6,09:56:54.136698211
107.5781,25,09:56:54.136726416
107.5781,1,09:56:54.136755306
107.5781,1,09:56:54.136839864
107.5781,10,09:56:54.136869994
107.5781,1,09:56:54.136978440
107.5781,1,09:56:54.137003001
107.5781,11,09:56:54.137175023
107.5781,74,09:56:54.137561582
107.5781,5,09:56:54.138325273
107.5781,1,09:56:54.138426012
107.5781,1,09:56:54.138457949
107.5781,1,09:56:54.138550472
107.5781,1,09:56:54.138779158
107.5781,1,09:56:54.138916610
107.5781,1,09:56:54.138932278
107.5781,1,09:56:54.138959184
107.5781,2,09:56:54.139122228
107.5781,3,09:56:54.139151751
107.5781,1,09:56:54.139263494
107.5781,48,09:56:54.139286903
107.5781,5,09:56:54.139532748
107.5781,2,09:56:54.139579859
107.5781,1,09:56:54.139729603
107.5781,3,09:56:54.139758182
107.5781,1,09:56:54.139784737
107.5781,5,09:56:54.140067242
107.5781,1,09:56:54.140115451
107.5781,1,09:56:54.142294134
107.5781,4,09:56:58.006810501
107.5781,14,09:56:58.407931194
107.5938,1,09:56:58.500792372
107.5938,2,09:56:58.500806894
107.5781,1,09:57:00.011319022
107.5781,1,09:57:05.006395414
107.5781,1,09:57:05.006770183
107.5781,1,09:57:05.384987196
107.5938,1,09:57:11.543808356
107.5938,1,09:57:13.035212617
107.5781,1,09:57:15.011060136
107.5781,922,09:57:20.708583141
107.5781,11,09:57:20.715844960
107.5781,5,09:57:20.716047435
107.5781,78,09:57:20.716407880
107.5781,78,09:57:20.717174456
107.5781,50,09:57:20.721485833
107.5781,45,09:57:20.723914547
107.5781,3,09:57:20.725683478
107.5781,1,09:57:21.023610258
107.5625,1,09:57:22.183117871
107.5781,119,09:57:24.292735269
107.5781,2,09:57:25.445483393
107.5625,1,09:57:30.011255541
107.5781,9,09:57:32.488951031
107.5781,14,09:57:32.489047056
107.5781,41,09:57:32.489200149
107.5781,23,09:57:32.489491397
107.5781,50,09:57:32.489687209
107.5781,45,09:57:32.489817235
107.5781,41,09:57:32.489877837
107.5781,41,09:57:32.489940488
107.5781,50,09:57:32.489940488
107.5781,1,09:57:32.490140527
107.5781,4,09:57:32.490694839
107.5781,151,09:57:32.490822489
107.5781,5,09:57:32.490847940
107.5781,41,09:57:32.490866520
107.5781,3,09:57:32.491003534
107.5781,1,09:57:32.491059883
107.5781,1,09:57:32.491236386
107.5781,1,09:57:32.491259081
107.5781,1,09:57:32.491277661
107.5781,1,09:57:32.491306902
107.5781,1,09:57:32.491330653
107.5781,1,09:57:32.491347720
107.5781,1,09:57:32.491369982
107.5781,1,09:57:32.491393487
107.5781,1,09:57:32.491424194
107.5781,1,09:57:32.491442211
107.5781,1,09:57:32.491471043
107.5781,1,09:57:32.491489110
107.5781,1,09:57:32.491520119
107.5781,1,09:57:32.491539668
107.5781,1,09:57:32.491559273
107.5781,1,09:57:32.491582400
107.5781,1,09:57:32.491611158
107.5781,1,09:57:32.491628138
107.5781,1,09:57:32.491652046
107.5781,1,09:57:32.491678696
107.5781,1,09:57:32.491699794
107.5781,1,09:57:32.491734639
107.5781,1,09:57:32.491892201
107.5781,1,09:57:32.492021356
107.5781,1,09:57:32.492136359
107.5781,1,09:57:32.492235129
107.5781,1,09:57:32.492417200
107.5781,2,09:57:32.492581729
107.5781,1,09:57:32.493391322
107.5781,1,09:57:32.493640403
107.5781,1,09:57:33.165561554
107.5781,8,09:57:40.172263902
107.5781,4,09:57:44.328062690
107.5625,1,09:57:45.011356878
107.5625,5,09:57:48.431868225
107.5625,1,09:58:00.011577000
107.5625,100,09:58:06.462948581
107.5625,6,09:58:10.347989576
107.5625,1,09:58:15.011824658
107.5625,2,09:58:19.053216916
107.5781,1,09:58:21.033038492
107.5781,2,09:58:21.129241449
107.5625,9,09:58:25.177306640
107.5625,24,09:58:26.280598262
107.5625,5,09:58:27.039635512
107.5781,50,09:58:29.721293240
107.5625,1,09:58:30.012174987
107.5625,6,09:58:37.536925559
107.5625,1,09:58:45.011420111
107.5625,1,09:58:50.529075446
107.5781,1,09:58:52.034586114
107.5625,2,09:58:52.112735942
107.5781,1,09:58:59.048130189
107.5781,4,09:58:59.205158840
107.5781,3,09:58:59.342629130
107.5625,1,09:59:00.012512806
107.5625,10,09:59:02.121946399
107.5625,6,09:59:04.728214095
107.5781,100,09:59:04.776335035
107.5625,24,09:59:05.609124069
107.5781,1,09:59:06.485924657
107.5625,3,09:59:09.903997567
107.5781,500,09:59:12.854510299
107.5781,100,09:59:12.871859924
107.5781,323,09:59:12.872411257
107.5781,19,09:59:12.872742941
107.5781,2,09:59:12.872981460
107.5781,8,09:59:12.873079975
107.5781,1,09:59:12.873969867
107.5781,3,09:59:12.874615941
107.5781,1,09:59:12.875085090
107.5781,2,09:59:12.875180151
107.5781,1,09:59:12.875798903
107.5781,78,09:59:12.876816597
107.5781,44,09:59:12.877304434
107.5781,17,09:59:12.878022087
107.5781,1,09:59:12.878724901
107.5781,1,09:59:12.879526267
107.5781,4,09:59:12.885624675
107.5781,4,09:59:12.885703284
107.5781,101,09:59:12.885995207
107.5781,1,09:59:12.886196398
107.5781,3,09:59:12.886324951
107.5781,5,09:59:12.886461734
107.5781,2,09:59:12.887046710
107.5781,8,09:59:12.887626821
107.5781,8,09:59:12.887712080
107.5781,1,09:59:12.887834550
107.5781,1,09:59:12.888150358
107.5781,1,09:59:12.914941463
107.5781,10,09:59:12.915757079
107.5781,1,09:59:12.916281067
107.5781,1,09:59:12.916336345
107.5781,5,09:59:12.916408712
107.5781,6,09:59:12.935876700
107.5781,6,09:59:14.369701109
107.5781,6,09:59:14.369759228
107.5781,98,09:59:14.370000776
107.5781,1,09:59:14.370293403
107.5781,3,09:59:14.370378982
107.5781,2,09:59:14.370422209
107.5781,12,09:59:14.371116111
107.5781,1,09:59:14.371701866
107.5781,1,09:59:14.371771694
107.5781,8,09:59:14.372009060
107.5781,2,09:59:14.373242765
107.5781,4,09:59:14.383033447
107.5781,111,09:59:14.822692497
107.5781,26,09:59:14.822978992
107.5781,1,09:59:14.823218664
107.5781,4,09:59:14.824193506
107.5781,1,09:59:15.012553616
107.5781,1,09:59:18.017589220
107.5781,2,09:59:21.273147933
107.5781,1,09:59:21.273439749
107.5781,3,09:59:21.273489911
107.5781,10,09:59:27.169278299
107.5938,21,09:59:27.360006782
107.5938,1,09:59:28.038815184
107.5781,1,09:59:30.012620631
107.5781,6,09:59:33.292760565
107.5781,1,09:59:38.979800832
107.5781,2,09:59:38.980027595
107.5781,4,09:59:39.076230244
107.5938,10,09:59:41.551879669
107.5781,1,09:59:45.017491177
107.5781,4,09:59:45.470757791
107.5781,3,09:59:45.513593662
107.5781,1,09:59:46.325518570
107.5781,11,09:59:47.539242456
107.5938,1,09:59:47.919877676
107.5781,27,09:59:49.384193539
107.5781,1,09:59:49.384442982
107.5781,116,09:59:50.412643674
107.5781,4,09:59:50.412782090
107.5781,11,09:59:50.412892425
107.5781,4,09:59:50.414181846
107.5781,14,09:59:50.427046412
107.5781,5,09:59:50.584724548
107.5781,1,09:59:52.415848660
107.5625,1,09:59:55.923663170
107.5781,15,09:59:56.096880356
107.5625,1,09:59:57.189969867
107.5781,107,09:59:59.021449233
107.5781,121,09:59:59.021687190
107.5781,1,09:59:59.022202151
107.5781,2,09:59:59.022670221
107.5781,3,09:59:59.023786113
107.5781,26,09:59:59.024520626
107.5781,45,09:59:59.605315911
107.5781,1,09:59:59.605541990
107.5781,3,09:59:59.805357347
107.5781,8,10:00:00.383152384
107.5781,8,10:00:02.016898890
107.5938,20,10:00:04.208590608
107.5938,39,10:00:04.257064768
107.5781,1,10:00:05.006922690
107.5938,300,10:00:05.303426940
107.5938,30,10:00:05.633111510
107.5938,5,10:00:06.647534922
107.5938,5,10:00:07.969298962
107.5938,97,10:00:07.969680602
107.5938,2,10:00:07.970172509
107.5938,3,10:00:07.971445767
107.5938,1,10:00:07.971744710
107.5938,9,10:00:07.971880019
107.5938,4,10:00:07.972391344
107.5938,9,10:00:07.972526294
107.5938,7,10:00:07.972773473
107.5938,1,10:00:07.974488286
107.5938,4,10:00:07.974629393
