bidVolume,bidPrice,askVolume,askPrice,timestamp
65,117.02,48,117.03,08:00:00.018640423
65,117.02,54,117.03,08:00:00.018824311
63,117.02,54,117.03,08:00:00.169339868
63,117.02,69,117.03,08:00:00.169497987
61,117.02,69,117.03,08:00:00.169641319
57,117.02,69,117.03,08:00:01.130128388
55,117.02,69,117.03,08:00:01.130142365
47,117.02,69,117.03,08:00:01.130224199
47,117.02,70,117.03,08:00:01.130224199
43,117.02,70,117.03,08:00:02.136263106
42,117.02,70,117.03,08:00:02.137032447
42,117.02,72,117.03,08:00:02.137219609
44,117.02,72,117.03,08:00:02.246843477
44,117.02,73,117.03,08:00:02.360110356
44,117.02,75,117.03,08:00:02.529518984
44,117.02,76,117.03,08:00:02.529732161
44,117.02,78,117.03,08:00:02.839107761
44,117.02,80,117.03,08:00:02.839254731
44,117.02,81,117.03,08:00:02.839322516
44,117.02,82,117.03,08:00:03.144861778
44,117.02,81,117.03,08:00:05.006974352
44,117.02,90,117.03,08:00:06.011644126
44,117.02,91,117.03,08:00:06.695685916
44,117.02,92,117.03,08:00:06.695902006
44,117.02,94,117.03,08:00:06.891613897
44,117.02,93,117.03,08:00:07.076927312
43,117.02,93,117.03,08:00:09.539121614
42,117.02,93,117.03,08:00:09.539121614
37,117.02,93,117.03,08:00:09.539191601
27,117.02,93,117.03,08:00:09.539404004
26,117.02,93,117.03,08:00:09.539496666
24,117.02,93,117.03,08:00:09.539515994
23,117.02,93,117.03,08:00:09.539515994
23,117.02,100,117.03,08:00:09.539515994
23,117.02,103,117.03,08:00:09.539515994
23,117.02,105,117.03,08:00:09.539576651
22,117.02,105,117.03,08:00:09.539819495
19,117.02,105,117.03,08:00:09.539819495
9,117.02,105,117.03,08:00:09.539986951
8,117.02,105,117.03,08:00:09.539986951
3,117.02,105,117.03,08:00:09.540003505
2,117.02,105,117.03,08:00:09.540003505
114,117.01,105,117.03,08:00:09.540003505
114,117.01,106,117.03,08:00:09.540003505
108,117.01,106,117.03,08:00:09.540101537
104,117.01,106,117.03,08:00:09.540101537
99,117.01,106,117.03,08:00:09.540101537
99,117.01,105,117.03,08:00:09.540228724
99,117.01,107,117.03,08:00:09.540245181
113,117.01,107,117.03,08:00:09.540245181
113,117.01,109,117.03,08:00:09.540332906
114,117.01,109,117.03,08:00:09.540441609
6,117.02,109,117.03,08:00:09.560973840
7,117.02,109,117.03,08:00:09.561306720
8,117.02,109,117.03,08:00:09.561651248
8,117.02,110,117.03,08:00:09.579338543
9,117.02,110,117.03,08:00:10.480774804
10,117.02,110,117.03,08:00:10.480988551
11,117.02,110,117.03,08:00:10.481145079
11,117.02,108,117.03,08:00:10.660893942
9,117.02,108,117.03,08:00:10.680567513
8,117.02,108,117.03,08:00:10.680754250
7,117.02,108,117.03,08:00:10.680826445
6,117.02,108,117.03,08:00:10.680894448
7,117.02,108,117.03,08:00:10.681012037
8,117.02,108,117.03,08:00:10.681177004
18,117.02,108,117.03,08:00:10.681350191
18,117.02,106,117.03,08:00:10.681536271
18,117.02,107,117.03,08:00:10.701811192
17,117.02,107,117.03,08:00:10.932976335
13,117.02,107,117.03,08:00:12.241507928
12,117.02,107,117.03,08:00:12.241521083
11,117.02,107,117.03,08:00:12.241603796
10,117.02,107,117.03,08:00:12.241620239
8,117.02,107,117.03,08:00:12.241620239
1,117.02,107,117.03,08:00:12.241706946
114,117.01,107,117.03,08:00:12.241775253
114,117.01,109,117.03,08:00:12.241847647
114,117.01,110,117.03,08:00:12.241929778
113,117.01,110,117.03,08:00:12.241999067
113,117.01,109,117.03,08:00:12.242068165
1,117.02,109,117.03,08:00:12.358522488
113,117.01,109,117.03,08:00:12.358738685
113,117.01,2,117.02,08:00:12.358738685
113,117.01,109,117.03,08:00:12.359005108
113,117.01,102,117.03,08:00:12.359203856
123,117.01,102,117.03,08:00:12.359203856
123,117.01,99,117.03,08:00:12.359220583
123,117.01,117,117.03,08:00:12.359220583
123,117.01,118,117.03,08:00:12.359335056
123,117.01,117,117.03,08:00:12.395775850
123,117.01,116,117.03,08:00:12.395918090
123,117.01,1,117.02,08:00:12.396032653
123,117.01,115,117.03,08:00:12.396231981
2,117.02,115,117.03,08:00:12.405817732
4,117.02,115,117.03,08:00:12.405958871
5,117.02,115,117.03,08:00:12.406169939
5,117.02,97,117.03,08:00:12.406169939
5,117.02,98,117.03,08:00:12.406169939
5,117.02,97,117.03,08:00:12.438417696
6,117.02,97,117.03,08:00:12.438561479
6,117.02,96,117.03,08:00:13.110916199
6,117.02,94,117.03,08:00:13.111939437
7,117.02,94,117.03,08:00:13.112093484
8,117.02,94,117.03,08:00:13.112276187
18,117.02,94,117.03,08:00:13.112422137
23,117.02,94,117.03,08:00:13.112541295
23,117.02,92,117.03,08:00:13.112698658
23,117.02,93,117.03,08:00:13.307477144
23,117.02,95,117.03,08:00:13.307654347
13,117.02,95,117.03,08:00:13.307825767
8,117.02,95,117.03,08:00:13.307893236
8,117.02,96,117.03,08:00:13.307999370
7,117.02,96,117.03,08:00:13.308160708
7,117.02,97,117.03,08:00:13.310985857
7,117.02,98,117.03,08:00:13.311756631
7,117.02,102,117.03,08:00:13.312582067
7,117.02,101,117.03,08:00:14.176917150
10,117.02,101,117.03,08:00:14.176972398
20,117.02,101,117.03,08:00:14.178088803
35,117.02,101,117.03,08:00:14.178279875
39,117.02,101,117.03,08:00:14.199704740
42,117.02,101,117.03,08:00:14.262455626
42,117.02,99,117.03,08:00:14.393390292
39,117.02,99,117.03,08:00:14.479853010
40,117.02,99,117.03,08:00:14.500901806
41,117.02,99,117.03,08:00:14.501169267
41,117.02,97,117.03,08:00:14.505190034
44,117.02,97,117.03,08:00:14.566675471
42,117.02,97,117.03,08:00:15.697061683
40,117.02,97,117.03,08:00:15.697061683
39,117.02,97,117.03,08:00:15.697163453
38,117.02,97,117.03,08:00:15.697180006
37,117.02,97,117.03,08:00:15.697180006
35,117.02,97,117.03,08:00:15.697180006
32,117.02,97,117.03,08:00:15.697258880
32,117.02,98,117.03,08:00:15.697339599
24,117.02,98,117.03,08:00:15.697339599
24,117.02,106,117.03,08:00:15.697426515
24,117.02,107,117.03,08:00:15.697426515
24,117.02,109,117.03,08:00:15.697426515
9,117.02,109,117.03,08:00:15.697503677
9,117.02,108,117.03,08:00:15.697503677
9,117.02,110,117.03,08:00:15.697650973
11,117.02,110,117.03,08:00:15.908588995
11,117.02,112,117.03,08:00:15.908849149
11,117.02,111,117.03,08:00:16.153364074
10,117.02,111,117.03,08:00:16.175916538
10,117.02,112,117.03,08:00:16.455257195
10,117.02,111,117.03,08:00:16.456091206
8,117.02,111,117.03,08:00:16.460052726
9,117.02,111,117.03,08:00:16.622339283
9,117.02,110,117.03,08:00:16.696046573
8,117.02,110,117.03,08:00:16.705294622
10,117.02,110,117.03,08:00:16.706521379
11,117.02,110,117.03,08:00:16.805597934
10,117.02,110,117.03,08:00:16.894106146
11,117.02,110,117.03,08:00:17.005587836
11,117.02,109,117.03,08:00:18.528072114
10,117.02,109,117.03,08:00:18.548376338
9,117.02,109,117.03,08:00:18.548568482
9,117.02,110,117.03,08:00:18.548735874
7,117.02,110,117.03,08:00:19.176526407
8,117.02,110,117.03,08:00:19.176678116
8,117.02,109,117.03,08:00:19.176859136
6,117.02,109,117.03,08:00:19.201904068
5,117.02,109,117.03,08:00:19.201904068
4,117.02,109,117.03,08:00:19.202000748
1,117.02,109,117.03,08:00:19.202018483
124,117.01,109,117.03,08:00:19.202018483
115,117.01,109,117.03,08:00:19.202090313
115,117.01,110,117.03,08:00:19.202251385
109,117.01,110,117.03,08:00:19.202269017
109,117.01,111,117.03,08:00:19.202269017
109,117.01,112,117.03,08:00:19.241768273
109,117.01,113,117.03,08:00:19.241838346
109,117.01,114,117.03,08:00:19.241838346
104,117.01,114,117.03,08:00:19.381465755
104,117.01,3,117.02,08:00:19.388454110
104,117.01,4,117.02,08:00:19.388726733
104,117.01,7,117.02,08:00:19.388809172
104,117.01,8,117.02,08:00:19.388912046
104,117.01,10,117.02,08:00:19.388912046
104,117.01,12,117.02,08:00:19.388929066
110,117.01,12,117.02,08:00:19.388929066
114,117.01,12,117.02,08:00:19.388993268
96,117.01,12,117.02,08:00:19.389178237
96,117.01,15,117.02,08:00:19.389178237
98,117.01,15,117.02,08:00:19.389250285
98,117.01,12,117.02,08:00:19.389469341
98,117.01,11,117.02,08:00:19.389589785
98,117.01,8,117.02,08:00:19.389609926
98,117.01,7,117.02,08:00:19.389609926
98,117.01,5,117.02,08:00:19.389609926
98,117.01,3,117.02,08:00:19.389626951
98,117.01,123,117.03,08:00:19.389626951
98,117.01,122,117.03,08:00:19.389696583
98,117.01,121,117.03,08:00:19.431290918
98,117.01,120,117.03,08:00:19.431356051
98,117.01,119,117.03,08:00:19.431425827
98,117.01,5,117.02,08:00:19.488651352
98,117.01,14,117.02,08:00:19.504566136
98,117.01,15,117.02,08:00:19.528938885
98,117.01,16,117.02,08:00:19.529045810
98,117.01,17,117.02,08:00:19.564336685
98,117.01,18,117.02,08:00:19.571079794
98,117.01,13,117.02,08:00:19.626837895
98,117.01,9,117.02,08:00:19.626857073
103,117.01,9,117.02,08:00:19.627064682
98,117.01,9,117.02,08:00:19.627221313
98,117.01,8,117.02,08:00:19.638198425
100,117.01,8,117.02,08:00:19.638434557
100,117.01,4,117.02,08:00:19.673267528
100,117.01,3,117.02,08:00:19.673267528
100,117.01,2,117.02,08:00:19.673360674
100,117.01,1,117.02,08:00:19.673378518
100,117.01,109,117.03,08:00:19.673378518
2,117.02,109,117.03,08:00:19.673483177
4,117.02,109,117.03,08:00:19.673569635
9,117.02,109,117.03,08:00:19.673692577
9,117.02,91,117.03,08:00:19.673785580
10,117.02,91,117.03,08:00:19.673785580
11,117.02,91,117.03,08:00:19.673882860
10,117.02,91,117.03,08:00:19.673899196
9,117.02,91,117.03,08:00:19.673899196
7,117.02,91,117.03,08:00:19.674075512
10,117.02,91,117.03,08:00:19.674180085
9,117.02,91,117.03,08:00:19.674195560
9,117.02,89,117.03,08:00:19.674195560
6,117.02,89,117.03,08:00:19.713133047
4,117.02,89,117.03,08:00:19.713341946
1,117.02,89,117.03,08:00:19.713423227
108,117.01,89,117.03,08:00:19.713528045
1,117.02,89,117.03,08:00:19.713681073
1,117.02,91,117.03,08:00:19.713775524
2,117.02,91,117.03,08:00:19.713925124
3,117.02,91,117.03,08:00:19.714122055
6,117.02,91,117.03,08:00:19.714210425
7,117.02,91,117.03,08:00:19.755120532
19,117.02,91,117.03,08:00:19.755274493
22,117.02,91,117.03,08:00:19.755382461
22,117.02,89,117.03,08:00:19.755458810
21,117.02,89,117.03,08:00:19.890292330
18,117.02,89,117.03,08:00:19.890459334
6,117.02,89,117.03,08:00:19.890529875
5,117.02,89,117.03,08:00:19.890801186
2,117.02,89,117.03,08:00:19.890801186
1,117.02,89,117.03,08:00:19.890801186
1,117.02,91,117.03,08:00:19.890971507
1,117.02,100,117.03,08:00:19.942133471
123,117.01,100,117.03,08:00:19.942321610
123,117.01,101,117.03,08:00:20.000921420
123,117.01,107,117.03,08:00:21.301146022
121,117.01,107,117.03,08:00:21.378587540
121,117.01,114,117.03,08:00:22.266298114
119,117.01,114,117.03,08:00:22.280184635
119,117.01,10,117.02,08:00:23.507491572
119,117.01,11,117.02,08:00:23.507551937
101,117.01,11,117.02,08:00:23.507773121
101,117.01,13,117.02,08:00:23.507871446
101,117.01,15,117.02,08:00:23.507971268
101,117.01,16,117.02,08:00:23.507986605
101,117.01,18,117.02,08:00:23.508078656
101,117.01,19,117.02,08:00:23.508178448
101,117.01,20,117.02,08:00:23.508254199
101,117.01,19,117.02,08:00:23.508517514
101,117.01,17,117.02,08:00:23.508658781
101,117.01,18,117.02,08:00:23.511297286
101,117.01,19,117.02,08:00:23.511436122
101,117.01,20,117.02,08:00:23.511588868
101,117.01,21,117.02,08:00:23.511884039
101,117.01,22,117.02,08:00:23.511950903
101,117.01,25,117.02,08:00:23.520782621
101,117.01,24,117.02,08:00:23.530189736
101,117.01,23,117.02,08:00:23.530258238
101,117.01,22,117.02,08:00:23.530258238
101,117.01,19,117.02,08:00:23.530365327
101,117.01,20,117.02,08:00:23.534534331
101,117.01,23,117.02,08:00:23.534734359
101,117.01,22,117.02,08:00:23.615111441
101,117.01,19,117.02,08:00:23.855212896
101,117.01,20,117.02,08:00:23.924359861
101,117.01,22,117.02,08:00:23.924491618
101,117.01,25,117.02,08:00:23.924595771
101,117.01,28,117.02,08:00:23.924763861
101,117.01,29,117.02,08:00:23.928784369
101,117.01,30,117.02,08:00:24.021045064
101,117.01,32,117.02,08:00:24.113488737
101,117.01,30,117.02,08:00:24.132884574
101,117.01,29,117.02,08:00:24.133020266
101,117.01,28,117.02,08:00:24.133172571
101,117.01,30,117.02,08:00:24.150129250
99,117.01,30,117.02,08:00:24.712946495
98,117.01,30,117.02,08:00:24.712946495
96,117.01,30,117.02,08:00:24.713050940
93,117.01,30,117.02,08:00:24.713050940
93,117.01,32,117.02,08:00:24.713301993
93,117.01,35,117.02,08:00:24.713301993
91,117.01,35,117.02,08:00:24.713301993
91,117.01,36,117.02,08:00:24.713434268
86,117.01,36,117.02,08:00:24.713434268
86,117.01,40,117.02,08:00:24.713434268
76,117.01,40,117.02,08:00:24.713434268
76,117.01,39,117.02,08:00:24.713575119
73,117.01,39,117.02,08:00:25.010105786
72,117.01,39,117.02,08:00:25.010177514
67,117.01,39,117.02,08:00:25.010177514
67,117.01,52,117.02,08:00:25.010332599
65,117.01,52,117.02,08:00:25.010332599
65,117.01,66,117.02,08:00:25.010423121
65,117.01,67,117.02,08:00:25.010423121
65,117.01,74,117.02,08:00:25.010491146
64,117.01,74,117.02,08:00:25.010558878
64,117.01,81,117.02,08:00:25.026350999
64,117.01,82,117.02,08:00:25.026532757
64,117.01,83,117.02,08:00:25.110422447
62,117.01,83,117.02,08:00:25.612950819
62,117.01,82,117.02,08:00:25.775483159
62,117.01,75,117.02,08:00:26.230212291
62,117.01,74,117.02,08:00:26.230370765
58,117.01,74,117.02,08:00:28.464440619
54,117.01,74,117.02,08:00:28.464440619
54,117.01,75,117.02,08:00:28.464591487
54,117.01,79,117.02,08:00:28.464696553
62,117.01,79,117.02,08:00:28.475281122
62,117.01,78,117.02,08:00:28.475434667
62,117.01,80,117.02,08:00:29.195231912
62,117.01,81,117.02,08:00:29.195408830
62,117.01,85,117.02,08:00:29.195477557
62,117.01,84,117.02,08:00:29.195579723
62,117.01,86,117.02,08:00:29.212867507
62,117.01,82,117.02,08:00:31.066755760
62,117.01,78,117.02,08:00:31.066810775
62,117.01,79,117.02,08:00:31.066903783
62,117.01,84,117.02,08:00:31.067080394
62,117.01,85,117.02,08:00:31.204614648
59,117.01,85,117.02,08:00:31.567726792
57,117.01,85,117.02,08:00:31.567836990
56,117.01,85,117.02,08:00:31.567851185
55,117.01,85,117.02,08:00:31.567851185
53,117.01,85,117.02,08:00:31.567851185
52,117.01,85,117.02,08:00:31.567963109
40,117.01,85,117.02,08:00:31.568046350
37,117.01,85,117.02,08:00:31.568046350
34,117.01,85,117.02,08:00:31.568171402
34,117.01,95,117.02,08:00:31.568171402
34,117.01,97,117.02,08:00:31.568171402
34,117.01,99,117.02,08:00:31.568244913
29,117.01,99,117.02,08:00:31.569224847
25,117.01,99,117.02,08:00:31.569335916
11,117.01,99,117.02,08:00:31.569352748
8,117.01,99,117.02,08:00:31.569352748
4,117.01,99,117.02,08:00:31.569352748
155,117.0,99,117.02,08:00:31.569455072
145,117.0,99,117.02,08:00:31.569546764
145,117.0,101,117.02,08:00:31.569636006
145,117.0,10,117.01,08:00:31.569656195
145,117.0,12,117.01,08:00:31.569738416
146,117.0,12,117.01,08:00:31.569754674
146,117.0,2,117.01,08:00:31.569931478
128,117.0,2,117.01,08:00:31.569985865
128,117.0,5,117.01,08:00:31.570055557
128,117.0,3,117.01,08:00:31.570184840
128,117.0,111,117.02,08:00:31.570184840
128,117.0,2,117.01,08:00:31.570184840
128,117.0,5,117.01,08:00:31.570356930
138,117.0,5,117.01,08:00:31.570356930
180,117.0,5,117.01,08:00:31.570473561
180,117.0,2,117.01,08:00:31.570614821
180,117.0,111,117.02,08:00:31.571498798
180,117.0,3,117.01,08:00:31.592422407
180,117.0,108,117.02,08:00:31.623857506
1,117.01,108,117.02,08:00:31.623857506
2,117.01,108,117.02,08:00:31.624090764
2,117.01,90,117.02,08:00:31.624090764
3,117.01,90,117.02,08:00:31.624183858
7,117.01,90,117.02,08:00:31.624183858
17,117.01,90,117.02,08:00:31.624183858
23,117.01,90,117.02,08:00:31.624422966
27,117.01,90,117.02,08:00:31.624422966
27,117.01,88,117.02,08:00:31.624513906
27,117.01,81,117.02,08:00:31.632556717
26,117.01,81,117.02,08:00:31.632571478
25,117.01,81,117.02,08:00:31.632571478
24,117.01,81,117.02,08:00:31.632653239
20,117.01,81,117.02,08:00:31.632653239
20,117.01,82,117.02,08:00:31.632722807
16,117.01,82,117.02,08:00:31.632796612
10,117.01,82,117.02,08:00:31.635884132
156,117.0,82,117.02,08:00:31.635945187
156,117.0,84,117.02,08:00:31.636146954
156,117.0,102,117.02,08:00:31.636235892
204,117.0,102,117.02,08:00:31.636235892
4,117.01,102,117.02,08:00:31.645168367
10,117.01,102,117.02,08:00:31.645383470
20,117.01,102,117.02,08:00:31.645480993
20,117.01,84,117.02,08:00:31.645480993
21,117.01,84,117.02,08:00:31.645559566
27,117.01,84,117.02,08:00:31.645559566
27,117.01,82,117.02,08:00:31.645640440
28,117.01,82,117.02,08:00:31.762881842
29,117.01,82,117.02,08:00:31.770009775
30,117.01,82,117.02,08:00:31.770235311
30,117.01,80,117.02,08:00:31.770379149
31,117.01,80,117.02,08:00:31.770613982
32,117.01,80,117.02,08:00:31.784088816
39,117.01,80,117.02,08:00:31.784239381
42,117.01,80,117.02,08:00:31.784352804
44,117.01,80,117.02,08:00:31.784459137
44,117.01,78,117.02,08:00:31.784543534
44,117.01,65,117.02,08:00:31.849767139
44,117.01,66,117.02,08:00:32.006985937
45,117.01,66,117.02,08:00:32.203878030
49,117.01,66,117.02,08:00:32.204079143
48,117.01,66,117.02,08:00:32.774256754
48,117.01,65,117.02,08:00:32.774256754
48,117.01,51,117.02,08:00:32.774465632
58,117.01,51,117.02,08:00:32.774546218
54,117.01,51,117.02,08:00:32.774626976
59,117.01,51,117.02,08:00:32.774626976
60,117.01,51,117.02,08:00:32.774701626
63,117.01,51,117.02,08:00:32.774830266
60,117.01,51,117.02,08:00:32.897863750
59,117.01,51,117.02,08:00:33.570742003
58,117.01,51,117.02,08:00:33.574585958
53,117.01,51,117.02,08:00:33.593830145
43,117.01,51,117.02,08:00:33.593890583
42,117.01,51,117.02,08:00:33.598031975
44,117.01,51,117.02,08:00:33.816579759
45,117.01,51,117.02,08:00:33.816723900
45,117.01,60,117.02,08:00:34.320106149
45,117.01,66,117.02,08:00:34.320613489
44,117.01,66,117.02,08:00:34.320757297
45,117.01,66,117.02,08:00:34.415426907
60,117.01,66,117.02,08:00:34.999533895
60,117.01,64,117.02,08:00:34.999869628
60,117.01,63,117.02,08:00:34.999869628
70,117.01,63,117.02,08:00:34.999939177
71,117.01,63,117.02,08:00:34.999954137
61,117.01,63,117.02,08:00:35.000279403
60,117.01,63,117.02,08:00:35.000344747
60,117.01,65,117.02,08:00:35.037521059
60,117.01,66,117.02,08:00:35.037665913
45,117.01,66,117.02,08:00:35.037833302
44,117.01,66,117.02,08:00:35.102897147
45,117.01,66,117.02,08:00:35.126951546
45,117.01,64,117.02,08:00:35.809814844
43,117.01,64,117.02,08:00:35.873157693
42,117.01,64,117.02,08:00:35.873310554
39,117.01,64,117.02,08:00:35.873394534
32,117.01,64,117.02,08:00:35.873394534
33,117.01,64,117.02,08:00:35.873521021
43,117.01,64,117.02,08:00:36.000555140
43,117.01,66,117.02,08:00:36.498900179
43,117.01,64,117.02,08:00:37.015754581
43,117.01,63,117.02,08:00:37.599033979
43,117.01,58,117.02,08:00:37.599776359
54,117.01,58,117.02,08:00:37.621000332
58,117.01,58,117.02,08:00:37.621076873
54,117.01,58,117.02,08:00:39.220083488
44,117.01,58,117.02,08:00:39.220083488
33,117.01,58,117.02,08:00:39.220199229
33,117.01,59,117.02,08:00:39.220199229
33,117.01,58,117.02,08:00:39.220607027
41,117.01,58,117.02,08:00:39.344930695
43,117.01,58,117.02,08:00:39.345031975
44,117.01,58,117.02,08:00:39.470308877
48,117.01,58,117.02,08:00:42.004748714
61,117.01,58,117.02,08:00:42.004908197
61,117.01,59,117.02,08:00:46.435593444
61,117.01,58,117.02,08:00:47.775915792
61,117.01,59,117.02,08:00:48.490393869
48,117.01,59,117.02,08:00:48.490536521
48,117.01,60,117.02,08:00:48.490602512
53,117.01,60,117.02,08:00:49.194462083
53,117.01,59,117.02,08:00:50.285303217
53,117.01,58,117.02,08:00:50.285455300
53,117.01,59,117.02,08:00:50.429211226
54,117.01,59,117.02,08:00:52.304357132
56,117.01,59,117.02,08:00:52.962312928
56,117.01,58,117.02,08:00:52.962372678
56,117.01,55,117.02,08:00:52.965086237
65,117.01,55,117.02,08:00:52.965255786
66,117.01,55,117.02,08:00:52.965333226
72,117.01,55,117.02,08:00:52.965398307
72,117.01,53,117.02,08:00:52.969053584
72,117.01,51,117.02,08:00:52.969123018
73,117.01,51,117.02,08:00:52.969276131
72,117.01,51,117.02,08:00:52.969450336
73,117.01,51,117.02,08:00:52.969523497
73,117.01,47,117.02,08:00:52.970019695
73,117.01,46,117.02,08:00:52.971234261
73,117.01,45,117.02,08:00:52.971234261
73,117.01,44,117.02,08:00:52.971252686
73,117.01,41,117.02,08:00:52.971252686
74,117.01,41,117.02,08:00:52.971423614
74,117.01,40,117.02,08:00:52.971423614
76,117.01,40,117.02,08:00:52.971423614
76,117.01,31,117.02,08:00:52.971875297
76,117.01,29,117.02,08:00:52.972170314
78,117.01,29,117.02,08:00:52.972239069
88,117.01,29,117.02,08:00:52.972926418
88,117.01,28,117.02,08:00:52.972926418
88,117.01,27,117.02,08:00:52.972926418
88,117.01,25,117.02,08:00:52.972926418
88,117.01,23,117.02,08:00:52.972926418
88,117.01,22,117.02,08:00:52.972941884
88,117.01,20,117.02,08:00:52.972941884
88,117.01,19,117.02,08:00:52.972941884
88,117.01,18,117.02,08:00:52.972941884
88,117.01,9,117.02,08:00:52.972941884
88,117.01,3,117.02,08:00:52.972941884
88,117.01,2,117.02,08:00:52.972956290
88,117.01,1,117.02,08:00:52.973268402
88,117.01,114,117.03,08:00:52.973268402
4,117.02,114,117.03,08:00:52.973285436
7,117.02,114,117.03,08:00:52.973285436
7,117.02,113,117.03,08:00:52.973342133
26,117.02,113,117.03,08:00:52.973342133
27,117.02,113,117.03,08:00:52.973479727
29,117.02,113,117.03,08:00:52.973595164
32,117.02,113,117.03,08:00:52.973610728
39,117.02,113,117.03,08:00:52.973699438
39,117.02,95,117.03,08:00:52.973699438
39,117.02,93,117.03,08:00:52.973699438
49,117.02,93,117.03,08:00:52.973890536
46,117.02,93,117.03,08:00:52.973994344
39,117.02,93,117.03,08:00:52.974011205
37,117.02,93,117.03,08:00:52.974162181
38,117.02,93,117.03,08:00:52.975630036
40,117.02,93,117.03,08:00:52.975717868
41,117.02,93,117.03,08:00:52.975825968
41,117.02,91,117.03,08:00:52.975970377
43,117.02,91,117.03,08:00:52.976277545
46,117.02,91,117.03,08:00:52.976277545
49,117.02,91,117.03,08:00:52.976357219
51,117.02,91,117.03,08:00:52.976357219
51,117.02,89,117.03,08:00:52.976436419
51,117.02,87,117.03,08:00:52.976436419
48,117.02,87,117.03,08:00:52.976730905
46,117.02,87,117.03,08:00:52.977028968
46,117.02,81,117.03,08:00:52.982418842
46,117.02,66,117.03,08:00:52.982418842
46,117.02,51,117.03,08:00:52.982495690
59,117.02,51,117.03,08:00:52.982495690
60,117.02,51,117.03,08:00:52.982620199
59,117.02,51,117.03,08:00:52.982758947
60,117.02,51,117.03,08:00:52.982904467
61,117.02,51,117.03,08:00:52.983039714
60,117.02,51,117.03,08:00:52.983238352
59,117.02,51,117.03,08:00:52.983443340
58,117.02,51,117.03,08:00:52.983616879
45,117.02,51,117.03,08:00:52.983686249
46,117.02,51,117.03,08:00:52.986545424
47,117.02,51,117.03,08:00:52.986684283
48,117.02,51,117.03,08:00:52.986981471
47,117.02,51,117.03,08:00:52.987149468
46,117.02,51,117.03,08:00:52.987401691
45,117.02,51,117.03,08:00:52.987476670
46,117.02,51,117.03,08:00:52.987766187
47,117.02,51,117.03,08:00:52.987844680
48,117.02,51,117.03,08:00:52.987960369
47,117.02,51,117.03,08:00:52.988014481
46,117.02,51,117.03,08:00:52.988556132
45,117.02,51,117.03,08:00:52.988896535
45,117.02,50,117.03,08:00:52.991567761
46,117.02,50,117.03,08:00:52.992869439
46,117.02,51,117.03,08:00:52.993419798
46,117.02,50,117.03,08:00:52.993522480
46,117.02,51,117.03,08:00:52.993798008
45,117.02,51,117.03,08:00:52.993989973
45,117.02,50,117.03,08:00:52.994769809
45,117.02,51,117.03,08:00:52.995196488
45,117.02,50,117.03,08:00:52.995339617
46,117.02,50,117.03,08:00:53.006153430
47,117.02,50,117.03,08:00:53.006333735
46,117.02,50,117.03,08:00:53.009220103
45,117.02,50,117.03,08:00:53.009504672
45,117.02,51,117.03,08:00:53.009504672
45,117.02,50,117.03,08:00:53.010532731
46,117.02,50,117.03,08:00:53.011908142
47,117.02,50,117.03,08:00:53.012009601
48,117.02,50,117.03,08:00:53.012607825
47,117.02,50,117.03,08:00:53.019802147
48,117.02,50,117.03,08:00:53.021250287
48,117.02,51,117.03,08:00:53.021384207
48,117.02,50,117.03,08:00:53.021537016
52,117.02,50,117.03,08:00:53.039366868
52,117.02,54,117.03,08:00:53.042360570
52,117.02,55,117.03,08:00:53.042425573
52,117.02,54,117.03,08:00:53.042526801
51,117.02,54,117.03,08:00:53.042597726
50,117.02,54,117.03,08:00:53.042707969
49,117.02,54,117.03,08:00:53.042872439
49,117.02,55,117.03,08:00:53.042946180
49,117.02,54,117.03,08:00:53.044990033
50,117.02,54,117.03,08:00:53.048275916
50,117.02,55,117.03,08:00:53.048404693
50,117.02,54,117.03,08:00:53.050133312
50,117.02,55,117.03,08:00:53.079027669
50,117.02,51,117.03,08:00:53.253826896
53,117.02,51,117.03,08:00:53.254006285
66,117.02,51,117.03,08:00:53.254085405
66,117.02,50,117.03,08:00:53.254085405
66,117.02,49,117.03,08:00:53.324711511
66,117.02,47,117.03,08:00:53.324785905
66,117.02,46,117.03,08:00:53.324785905
67,117.02,46,117.03,08:00:53.325009511
68,117.02,46,117.03,08:00:53.325009511
68,117.02,45,117.03,08:00:53.326399045
68,117.02,43,117.03,08:00:53.326399045
68,117.02,42,117.03,08:00:53.326549154
68,117.02,40,117.03,08:00:53.326569202
68,117.02,39,117.03,08:00:53.326569202
68,117.02,38,117.03,08:00:53.326569202
68,117.02,37,117.03,08:00:53.326569202
68,117.02,36,117.03,08:00:53.326588514
68,117.02,26,117.03,08:00:53.326588514
68,117.02,23,117.03,08:00:53.326588514
68,117.02,17,117.03,08:00:53.326588514
68,117.02,16,117.03,08:00:53.326588514
69,117.02,16,117.03,08:00:53.326692111
71,117.02,16,117.03,08:00:53.326803020
71,117.02,12,117.03,08:00:53.326803020
72,117.02,12,117.03,08:00:53.326819672
73,117.02,12,117.03,08:00:53.326819672
75,117.02,12,117.03,08:00:53.326819672
77,117.02,12,117.03,08:00:53.326975928
87,117.02,12,117.03,08:00:53.326975928
87,117.02,10,117.03,08:00:53.327173818
87,117.02,9,117.03,08:00:53.327173818
87,117.02,5,117.03,08:00:53.327173818
87,117.02,4,117.03,08:00:53.327173818
87,117.02,2,117.03,08:00:53.327173818
87,117.02,3,117.03,08:00:53.327173818
89,117.02,3,117.03,08:00:53.327173818
90,117.02,3,117.03,08:00:53.327173818
95,117.02,3,117.03,08:00:53.327173818
95,117.02,4,117.03,08:00:53.327173818
94,117.02,4,117.03,08:00:53.327368318
84,117.02,4,117.03,08:00:53.327368318
84,117.02,5,117.03,08:00:53.327463876
84,117.02,15,117.03,08:00:53.327688804
83,117.02,15,117.03,08:00:53.348077083
83,117.02,16,117.03,08:00:53.348291284
83,117.02,23,117.03,08:00:53.348475780
83,117.02,25,117.03,08:00:53.348610314
83,117.02,26,117.03,08:00:53.354105087
83,117.02,31,117.03,08:00:53.354242555
83,117.02,34,117.03,08:00:53.354403323
83,117.02,33,117.03,08:00:53.374740446
83,117.02,35,117.03,08:00:53.374848315
87,117.02,35,117.03,08:00:53.374956955
82,117.02,35,117.03,08:00:53.375022718
82,117.02,36,117.03,08:00:53.375104731
78,117.02,36,117.03,08:00:53.375178504
78,117.02,37,117.03,08:00:53.384094415
78,117.02,41,117.03,08:00:53.409238190
78,117.02,42,117.03,08:00:53.409299857
78,117.02,47,117.03,08:00:53.409489201
78,117.02,42,117.03,08:00:53.409710989
78,117.02,41,117.03,08:00:53.478453574
78,117.02,40,117.03,08:00:53.478467990
78,117.02,39,117.03,08:00:53.478467990
78,117.02,38,117.03,08:00:53.478467990
78,117.02,36,117.03,08:00:53.478536301
78,117.02,35,117.03,08:00:53.478601373
78,117.02,34,117.03,08:00:53.478692015
78,117.02,33,117.03,08:00:53.478692015
84,117.02,33,117.03,08:00:53.478692015
84,117.02,34,117.03,08:00:53.478761305
85,117.02,34,117.03,08:00:53.493852196
87,117.02,34,117.03,08:00:53.494021064
87,117.02,35,117.03,08:00:53.538556986
87,117.02,37,117.03,08:00:53.538724138
86,117.02,37,117.03,08:00:53.590076099
86,117.02,33,117.03,08:00:53.694117107
86,117.02,32,117.03,08:00:53.694289815
86,117.02,31,117.03,08:00:53.694369739
84,117.02,31,117.03,08:00:53.694369739
84,117.02,29,117.03,08:00:53.694431809
84,117.02,30,117.03,08:00:53.694501879
84,117.02,32,117.03,08:00:53.694664551
84,117.02,34,117.03,08:00:53.729930792
84,117.02,35,117.03,08:00:53.730165084
84,117.02,31,117.03,08:00:53.771286261
84,117.02,29,117.03,08:00:53.771456178
84,117.02,28,117.03,08:00:53.771533896
78,117.02,28,117.03,08:00:53.771533896
78,117.02,29,117.03,08:00:53.771658021
78,117.02,31,117.03,08:00:53.771845688
78,117.02,32,117.03,08:00:53.771920874
78,117.02,33,117.03,08:00:53.771920874
78,117.02,34,117.03,08:00:53.772045595
78,117.02,47,117.03,08:00:53.772331790
78,117.02,46,117.03,08:00:53.772484862
78,117.02,47,117.03,08:00:53.806570295
78,117.02,45,117.03,08:00:53.851717504
78,117.02,44,117.03,08:00:53.851801933
78,117.02,43,117.03,08:00:53.851801933
78,117.02,42,117.03,08:00:53.851872602
85,117.02,42,117.03,08:00:53.851950627
85,117.02,38,117.03,08:00:54.003542558
85,117.02,37,117.03,08:00:54.003752179
85,117.02,36,117.03,08:00:54.003752179
85,117.02,23,117.03,08:00:54.003837178
85,117.02,22,117.03,08:00:54.003837178
85,117.02,20,117.03,08:00:54.004091402
78,117.02,20,117.03,08:00:54.006518871
78,117.02,21,117.03,08:00:54.006664434
78,117.02,23,117.03,08:00:54.039210617
78,117.02,24,117.03,08:00:54.039275804
78,117.02,26,117.03,08:00:54.039559557
78,117.02,25,117.03,08:00:54.039624497
78,117.02,23,117.03,08:00:54.039970335
74,117.02,23,117.03,08:00:54.069230675
74,117.02,21,117.03,08:00:54.069244496
74,117.02,20,117.03,08:00:54.069244496
74,117.02,19,117.03,08:00:54.069308310
74,117.02,20,117.03,08:00:54.069449421
75,117.02,20,117.03,08:00:54.069525654
75,117.02,19,117.03,08:00:54.069525654
82,117.02,19,117.03,08:00:54.069617923
82,117.02,20,117.03,08:00:54.069694489
81,117.02,20,117.03,08:00:54.069694489
81,117.02,21,117.03,08:00:54.069799283
81,117.02,20,117.03,08:00:54.069867587
81,117.02,21,117.03,08:00:54.093002178
81,117.02,23,117.03,08:00:54.093163126
81,117.02,19,117.03,08:00:54.101452369
82,117.02,19,117.03,08:00:54.101657742
82,117.02,18,117.03,08:00:54.101733323
82,117.02,15,117.03,08:00:54.101733323
84,117.02,15,117.03,08:00:54.101800824
83,117.02,15,117.03,08:00:54.101866740
83,117.02,16,117.03,08:00:54.117346744
83,117.02,19,117.03,08:00:54.117511931
83,117.02,32,117.03,08:00:54.117665884
83,117.02,29,117.03,08:00:54.117947484
83,117.02,30,117.03,08:00:54.117947484
83,117.02,33,117.03,08:00:54.118053471
83,117.02,32,117.03,08:00:54.118127967
83,117.02,33,117.03,08:00:54.163868893
83,117.02,31,117.03,08:00:54.227825830
83,117.02,29,117.03,08:00:54.227825830
83,117.02,26,117.03,08:00:54.228049789
83,117.02,25,117.03,08:00:54.228131069
87,117.02,25,117.03,08:00:54.228131069
87,117.02,12,117.03,08:00:54.228218391
88,117.02,12,117.03,08:00:54.228218391
87,117.02,12,117.03,08:00:54.228342143
87,117.02,13,117.03,08:00:54.228496204
87,117.02,14,117.03,08:00:54.228684736
87,117.02,12,117.03,08:00:54.251797604
87,117.02,10,117.03,08:00:54.251869081
87,117.02,9,117.03,08:00:54.252042711
87,117.02,8,117.03,08:00:54.252120333
87,117.02,6,117.03,08:00:54.252241929
87,117.02,5,117.03,08:00:54.252241929
84,117.02,5,117.03,08:00:54.252241929
80,117.02,5,117.03,08:00:54.252241929
80,117.02,4,117.03,08:00:54.252367433
80,117.02,2,117.03,08:00:54.252387958
80,117.02,1,117.03,08:00:54.252387958
80,117.02,99,117.04,08:00:54.252387958
81,117.02,99,117.04,08:00:54.252470550
85,117.02,99,117.04,08:00:54.252571184
85,117.02,7,117.03,08:00:54.287156250
85,117.02,8,117.03,08:00:54.287349148
84,117.02,8,117.03,08:00:54.380541754
84,117.02,4,117.03,08:00:54.384549866
85,117.02,4,117.03,08:00:54.384758886
92,117.02,4,117.03,08:00:54.384828179
91,117.02,4,117.03,08:00:54.384931763
84,117.02,4,117.03,08:00:54.385084006
85,117.02,4,117.03,08:00:54.418453645
90,117.02,4,117.03,08:00:54.418637251
90,117.02,1,117.03,08:00:54.423628480
90,117.02,92,117.04,08:00:54.423697745
90,117.02,94,117.04,08:00:54.514516655
3,117.03,94,117.04,08:00:54.542535986
3,117.03,93,117.04,08:00:54.542755470
4,117.03,93,117.04,08:00:54.542853889
6,117.03,93,117.04,08:00:54.542853889
7,117.03,93,117.04,08:00:54.543041253
8,117.03,93,117.04,08:00:54.543161892
11,117.03,93,117.04,08:00:54.543231566
13,117.03,93,117.04,08:00:54.543334065
17,117.03,93,117.04,08:00:54.577942049
18,117.03,93,117.04,08:00:54.723525041
18,117.03,75,117.04,08:00:54.764327793
28,117.03,75,117.04,08:00:54.764684539
29,117.03,75,117.04,08:00:54.764684539
32,117.03,75,117.04,08:00:54.764784832
40,117.03,75,117.04,08:00:54.764800489
53,117.03,75,117.04,08:00:54.764800489
55,117.03,75,117.04,08:00:54.764800489
55,117.03,74,117.04,08:00:54.765019156
56,117.03,74,117.04,08:00:54.836629370
57,117.03,74,117.04,08:00:55.040179072
57,117.03,72,117.04,08:00:55.040356001
54,117.03,72,117.04,08:00:55.058157021
55,117.03,72,117.04,08:00:55.258009889
59,117.03,72,117.04,08:00:55.258205281
56,117.03,72,117.04,08:00:55.574637818
56,117.03,69,117.04,08:00:55.574637818
56,117.03,68,117.04,08:00:55.580062524
52,117.03,68,117.04,08:00:55.625266776
52,117.03,66,117.04,08:00:56.468023076
52,117.03,64,117.04,08:00:57.015315702
53,117.03,64,117.04,08:00:57.017840845
59,117.03,64,117.04,08:00:57.018018221
61,117.03,64,117.04,08:00:57.018658901
61,117.03,63,117.04,08:00:57.018863308
61,117.03,56,117.04,08:00:57.049626549
61,117.03,55,117.04,08:00:57.507365661
55,117.03,55,117.04,08:00:57.866679910
55,117.03,57,117.04,08:00:58.358752059
54,117.03,57,117.04,08:01:00.163437039
54,117.03,60,117.04,08:01:00.164205874
55,117.03,60,117.04,08:01:00.575767729
61,117.03,60,117.04,08:01:00.575954000
61,117.03,61,117.04,08:01:00.637724515
55,117.03,61,117.04,08:01:00.811024211
55,117.03,58,117.04,08:01:01.183725161
55,117.03,60,117.04,08:01:04.184486961
56,117.03,60,117.04,08:01:06.298263040
61,117.03,60,117.04,08:01:06.298446774
61,117.03,68,117.04,08:01:06.373374778
56,117.03,68,117.04,08:01:06.482380206
53,117.03,68,117.04,08:01:08.052369170
51,117.03,68,117.04,08:01:08.052535515
50,117.03,68,117.04,08:01:08.052876801
49,117.03,68,117.04,08:01:08.053078750
36,117.03,68,117.04,08:01:08.053098126
36,117.03,70,117.04,08:01:08.053320525
36,117.03,73,117.04,08:01:08.053561076
35,117.03,73,117.04,08:01:08.055143983
38,117.03,73,117.04,08:01:08.055540930
38,117.03,75,117.04,08:01:08.055540930
36,117.03,75,117.04,08:01:08.055736148
28,117.03,75,117.04,08:01:08.055756062
26,117.03,75,117.04,08:01:08.055830757
23,117.03,75,117.04,08:01:08.055919592
24,117.03,75,117.04,08:01:08.055919592
23,117.03,75,117.04,08:01:08.056281470
19,117.03,75,117.04,08:01:08.056281470
18,117.03,75,117.04,08:01:08.056281470
16,117.03,75,117.04,08:01:08.056281470
15,117.03,75,117.04,08:01:08.056503312
14,117.03,75,117.04,08:01:08.056600103
14,117.03,83,117.04,08:01:08.056600103
9,117.03,83,117.04,08:01:08.056739639
7,117.03,83,117.04,08:01:08.056739639
5,117.03,83,117.04,08:01:08.056739639
5,117.03,85,117.04,08:01:08.056739639
5,117.03,95,117.04,08:01:08.056739639
4,117.03,95,117.04,08:01:08.056836401
4,117.03,96,117.04,08:01:08.057010503
3,117.03,96,117.04,08:01:08.057150214
2,117.03,96,117.04,08:01:08.057150214
1,117.03,96,117.04,08:01:08.057150214
1,117.03,86,117.04,08:01:08.057150214
111,117.02,86,117.04,08:01:08.057881254
111,117.02,10,117.03,08:01:08.057967606
112,117.02,10,117.03,08:01:08.058169093
94,117.02,10,117.03,08:01:08.058260444
89,117.02,10,117.03,08:01:08.058260444
89,117.02,7,117.03,08:01:08.058371249
99,117.02,7,117.03,08:01:08.058444731
99,117.02,96,117.04,08:01:08.058903324
99,117.02,99,117.04,08:01:08.059065436
89,117.02,99,117.04,08:01:08.059144191
89,117.02,105,117.04,08:01:08.059241722
89,117.02,1,117.03,08:01:08.060269177
89,117.02,6,117.03,08:01:08.060495792
89,117.02,9,117.03,08:01:08.060495792
89,117.02,12,117.03,08:01:08.060585463
89,117.02,9,117.03,08:01:08.060773385
89,117.02,4,117.03,08:01:08.061683379
88,117.02,4,117.03,08:01:08.063784013
88,117.02,1,117.03,08:01:08.064535142
88,117.02,2,117.03,08:01:08.064606931
88,117.02,1,117.03,08:01:08.065800334
88,117.02,105,117.04,08:01:08.066051957
89,117.02,105,117.04,08:01:08.066963072
88,117.02,105,117.04,08:01:08.074159027
88,117.02,1,117.03,08:01:08.081218892
88,117.02,104,117.04,08:01:08.106968695
1,117.03,104,117.04,08:01:08.106968695
88,117.02,104,117.04,08:01:08.107370436
106,117.02,104,117.04,08:01:08.107454820
108,117.02,104,117.04,08:01:08.107616826
109,117.02,104,117.04,08:01:08.118229884
108,117.02,104,117.04,08:01:08.121064013
108,117.02,102,117.04,08:01:08.262769952
108,117.02,2,117.03,08:01:08.263315289
90,117.02,2,117.03,08:01:08.263769183
90,117.02,3,117.03,08:01:08.277644539
90,117.02,2,117.03,08:01:08.278820318
90,117.02,3,117.03,08:01:08.286444166
90,117.02,2,117.03,08:01:08.296734262
90,117.02,3,117.03,08:01:08.367203926
90,117.02,4,117.03,08:01:08.408688530
90,117.02,5,117.03,08:01:08.472939836
90,117.02,7,117.03,08:01:08.473470450
88,117.02,7,117.03,08:01:08.473636837
88,117.02,16,117.03,08:01:08.473797989
88,117.02,23,117.03,08:01:08.473871738
89,117.02,23,117.03,08:01:09.019019617
89,117.02,21,117.03,08:01:09.147973203
89,117.02,14,117.03,08:01:09.493848464
89,117.02,5,117.03,08:01:09.493909574
89,117.02,4,117.03,08:01:09.494091094
89,117.02,3,117.03,08:01:09.565395027
89,117.02,6,117.03,08:01:12.167160251
89,117.02,7,117.03,08:01:12.167256527
89,117.02,18,117.03,08:01:12.167256527
89,117.02,19,117.03,08:01:12.167270953
89,117.02,24,117.03,08:01:12.167270953
89,117.02,25,117.03,08:01:12.167333925
89,117.02,26,117.03,08:01:12.167511563
89,117.02,23,117.03,08:01:12.168218449
89,117.02,22,117.03,08:01:12.168218449
85,117.02,22,117.03,08:01:12.168408438
85,117.02,25,117.03,08:01:12.168408438
85,117.02,26,117.03,08:01:12.171480817
85,117.02,25,117.03,08:01:12.173984633
85,117.02,26,117.03,08:01:12.181739726
85,117.02,27,117.03,08:01:12.194219740
85,117.02,26,117.03,08:01:12.196308807
85,117.02,25,117.03,08:01:12.196455313
85,117.02,26,117.03,08:01:12.213469450
85,117.02,25,117.03,08:01:12.267628339
85,117.02,22,117.03,08:01:13.067493148
85,117.02,21,117.03,08:01:13.152076490
85,117.02,24,117.03,08:01:13.668028106
85,117.02,28,117.03,08:01:13.668281863
85,117.02,31,117.03,08:01:13.668303651
85,117.02,32,117.03,08:01:13.668303651
85,117.02,42,117.03,08:01:13.668303651
85,117.02,60,117.03,08:01:13.668303651
84,117.02,60,117.03,08:01:13.668376384
82,117.02,60,117.03,08:01:13.668553491
69,117.02,60,117.03,08:01:13.668553491
69,117.02,61,117.03,08:01:13.668627863
67,117.02,61,117.03,08:01:13.668627863
67,117.02,71,117.03,08:01:13.668703325
67,117.02,73,117.03,08:01:13.668785229
67,117.02,78,117.03,08:01:13.668785229
67,117.02,80,117.03,08:01:13.668785229
67,117.02,78,117.03,08:01:13.797345922
67,117.02,79,117.03,08:01:14.004454649
67,117.02,80,117.03,08:01:14.004584516
67,117.02,79,117.03,08:01:16.253704523
67,117.02,78,117.03,08:01:16.253855159
67,117.02,79,117.03,08:01:16.267392510
67,117.02,80,117.03,08:01:18.073610706
66,117.02,80,117.03,08:01:18.357615259
65,117.02,80,117.03,08:01:18.357615259
64,117.02,80,117.03,08:01:18.581995305
64,117.02,81,117.03,08:01:18.661377739
61,117.02,81,117.03,08:01:18.661441447
59,117.02,81,117.03,08:01:18.829733156
49,117.02,81,117.03,08:01:18.844073441
45,117.02,81,117.03,08:01:18.844137083
43,117.02,81,117.03,08:01:18.844242837
41,117.02,81,117.03,08:01:18.844317304
40,117.02,81,117.03,08:01:18.844426017
40,117.02,82,117.03,08:01:19.392893503
40,117.02,90,117.03,08:01:19.393592651
38,117.02,90,117.03,08:01:20.239515539
39,117.02,90,117.03,08:01:20.239677136
32,117.02,90,117.03,08:01:20.239784972
39,117.02,90,117.03,08:01:20.239925522
20,117.02,90,117.03,08:01:20.239993535
22,117.02,90,117.03,08:01:20.240071404
21,117.02,90,117.03,08:01:20.268326709
19,117.02,90,117.03,08:01:20.268486126
16,117.02,90,117.03,08:01:20.268553432
18,117.02,90,117.03,08:01:20.268781537
19,117.02,90,117.03,08:01:20.268890526
24,117.02,90,117.03,08:01:20.268969886
27,117.02,90,117.03,08:01:20.269167319
28,117.02,90,117.03,08:01:20.269167319
28,117.02,72,117.03,08:01:22.295070320
23,117.02,72,117.03,08:01:22.295260873
24,117.02,72,117.03,08:01:22.295373536
28,117.02,72,117.03,08:01:22.295551337
28,117.02,73,117.03,08:01:22.709050543
24,117.02,73,117.03,08:01:23.103426728
24,117.02,74,117.03,08:01:24.459967843
24,117.02,73,117.03,08:01:28.305585112
24,117.02,72,117.03,08:01:28.305743959
25,117.02,72,117.03,08:01:28.305816773
25,117.02,71,117.03,08:01:28.305887202
30,117.02,71,117.03,08:01:28.305999211
31,117.02,71,117.03,08:01:28.306072747
33,117.02,71,117.03,08:01:28.306184971
33,117.02,72,117.03,08:01:28.343881109
33,117.02,71,117.03,08:01:28.606581891
33,117.02,72,117.03,08:01:29.014448912
33,117.02,73,117.03,08:01:29.257948915
28,117.02,73,117.03,08:01:29.346796242
28,117.02,75,117.03,08:01:29.346940024
27,117.02,75,117.03,08:01:33.028660516
26,117.02,75,117.03,08:01:33.028725099
25,117.02,75,117.03,08:01:33.032986631
23,117.02,75,117.03,08:01:33.033151164
20,117.02,75,117.03,08:01:33.033297462
18,117.02,75,117.03,08:01:33.033472621
18,117.02,77,117.03,08:01:33.033540173
17,117.02,77,117.03,08:01:33.268372894
16,117.02,77,117.03,08:01:33.268773885
15,117.02,77,117.03,08:01:33.268872288
13,117.02,77,117.03,08:01:33.268887315
12,117.02,77,117.03,08:01:33.268887315
11,117.02,77,117.03,08:01:33.269039194
11,117.02,83,117.03,08:01:33.269133159
11,117.02,85,117.03,08:01:33.269271639
10,117.02,85,117.03,08:01:33.269271639
9,117.02,85,117.03,08:01:33.269286022
8,117.02,85,117.03,08:01:33.269286022
7,117.02,85,117.03,08:01:33.269286022
105,117.01,85,117.03,08:01:33.269301004
100,117.01,85,117.03,08:01:33.269394038
98,117.01,85,117.03,08:01:33.269394038
90,117.01,85,117.03,08:01:33.269394038
90,117.01,89,117.03,08:01:33.269394038
90,117.01,91,117.03,08:01:33.269504058
90,117.01,92,117.03,08:01:33.269616886
93,117.01,92,117.03,08:01:33.269616886
93,117.01,2,117.02,08:01:33.269635900
92,117.01,2,117.02,08:01:33.269635900
92,117.01,3,117.02,08:01:33.269807052
74,117.01,3,117.02,08:01:33.270035945
74,117.01,2,117.02,08:01:33.270035945
74,117.01,4,117.02,08:01:33.270284534
74,117.01,2,117.02,08:01:33.276487258
84,117.01,2,117.02,08:01:33.276641193
84,117.01,3,117.02,08:01:33.303877706
74,117.01,3,117.02,08:01:33.304051447
74,117.01,5,117.02,08:01:33.304186979
74,117.01,4,117.02,08:01:33.323751435
74,117.01,2,117.02,08:01:33.323903739
81,117.01,2,117.02,08:01:33.324046551
81,117.01,3,117.02,08:01:33.324115959
81,117.01,4,117.02,08:01:33.327041841
81,117.01,3,117.02,08:01:33.336065977
81,117.01,4,117.02,08:01:33.369913171
90,117.01,4,117.02,08:01:33.370014352
97,117.01,4,117.02,08:01:33.370174198
97,117.01,3,117.02,08:01:33.417639070
97,117.01,2,117.02,08:01:33.417777678
97,117.01,4,117.02,08:01:33.444122262
97,117.01,5,117.02,08:01:33.513131075
97,117.01,6,117.02,08:01:33.516576375
97,117.01,5,117.02,08:01:33.520003920
97,117.01,6,117.02,08:01:33.525877373
97,117.01,7,117.02,08:01:33.526006049
97,117.01,8,117.02,08:01:33.526147022
97,117.01,11,117.02,08:01:33.526834695
90,117.01,11,117.02,08:01:33.527057834
90,117.01,21,117.02,08:01:33.548265414
90,117.01,32,117.02,08:01:33.548516291
90,117.01,36,117.02,08:01:33.548580985
90,117.01,37,117.02,08:01:34.122535545
90,117.01,33,117.02,08:01:34.225222253
90,117.01,23,117.02,08:01:34.225298007
90,117.01,12,117.02,08:01:34.225298007
90,117.01,11,117.02,08:01:34.225494554
90,117.01,8,117.02,08:01:34.225590250
90,117.01,7,117.02,08:01:34.225590250
90,117.01,6,117.02,08:01:34.225590250
90,117.01,7,117.02,08:01:34.345660015
90,117.01,8,117.02,08:01:34.345755500
90,117.01,9,117.02,08:01:34.345819004
90,117.01,8,117.02,08:01:34.345978517
90,117.01,10,117.02,08:01:34.346092357
90,117.01,9,117.02,08:01:34.446129907
90,117.01,8,117.02,08:01:34.454431889
90,117.01,7,117.02,08:01:34.490846173
90,117.01,6,117.02,08:01:34.591679591
90,117.01,4,117.02,08:01:34.591743280
90,117.01,5,117.02,08:01:34.591873338
90,117.01,4,117.02,08:01:34.626970547
90,117.01,5,117.02,08:01:34.660625921
90,117.01,6,117.02,08:01:34.660786414
90,117.01,7,117.02,08:01:34.762614439
90,117.01,6,117.02,08:01:35.119335684
90,117.01,5,117.02,08:01:35.119482717
90,117.01,6,117.02,08:01:35.280332989
90,117.01,7,117.02,08:01:35.282200444
91,117.01,7,117.02,08:01:36.781741816
93,117.01,7,117.02,08:01:36.781958801
93,117.01,6,117.02,08:01:38.358883993
93,117.01,5,117.02,08:01:38.359138678
93,117.01,4,117.02,08:01:38.359138678
93,117.01,2,117.02,08:01:38.359337218
93,117.01,1,117.02,08:01:38.359337218
93,117.01,107,117.03,08:01:38.359337218
94,117.01,107,117.03,08:01:38.359337218
92,117.01,107,117.03,08:01:38.359418882
92,117.01,1,117.02,08:01:38.369596937
92,117.01,107,117.03,08:01:38.398689288
92,117.01,106,117.03,08:01:38.398979492
92,117.01,107,117.03,08:01:39.226104953
92,117.01,111,117.03,08:01:39.226307354
92,117.01,112,117.03,08:01:39.266014601
92,117.01,115,117.03,08:01:39.540217130
93,117.01,115,117.03,08:01:40.813582367
97,117.01,115,117.03,08:01:40.813775708
97,117.01,111,117.03,08:01:41.226565141
93,117.01,111,117.03,08:01:42.246215524
1,117.02,111,117.03,08:01:42.303978626
93,117.01,111,117.03,08:01:42.305415424
93,117.01,114,117.03,08:01:42.305593488
93,117.01,2,117.02,08:01:42.713285050
93,117.01,3,117.02,08:01:42.713429613
93,117.01,4,117.02,08:01:42.753344766
93,117.01,3,117.02,08:01:42.753572740
93,117.01,4,117.02,08:01:42.754292704
93,117.01,3,117.02,08:01:42.864616765
93,117.01,4,117.02,08:01:42.886114608
93,117.01,14,117.02,08:01:42.886260396
93,117.01,12,117.02,08:01:42.886531192
93,117.01,11,117.02,08:01:42.886610206
93,117.01,10,117.02,08:01:42.886627499
93,117.01,1,117.02,08:01:42.886627499
93,117.01,113,117.03,08:01:42.886916469
100,117.01,113,117.03,08:01:42.886916469
93,117.01,113,117.03,08:01:43.022493597
93,117.01,114,117.03,08:01:43.050799254
93,117.01,118,117.03,08:01:43.050974515
92,117.01,118,117.03,08:01:43.089250646
92,117.01,114,117.03,08:01:43.131517471
92,117.01,115,117.03,08:01:45.436779564
92,117.01,116,117.03,08:01:45.637893402
92,117.01,113,117.03,08:01:48.686576647
92,117.01,115,117.03,08:01:50.142249280
92,117.01,116,117.03,08:01:50.142503572
92,117.01,117,117.03,08:01:51.129470503
92,117.01,119,117.03,08:01:51.129644634
92,117.01,10,117.02,08:01:51.129827634
92,117.01,9,117.02,08:01:51.182314047
92,117.01,117,117.03,08:01:51.182490412
99,117.01,117,117.03,08:01:51.182557369
1,117.02,117,117.03,08:01:51.183488110
2,117.02,117,117.03,08:01:51.183646429
1,117.02,117,117.03,08:01:51.184664100
90,117.01,117,117.03,08:01:51.184956384
90,117.01,124,117.03,08:01:51.184956384
90,117.01,117,117.03,08:01:51.185177968
90,117.01,1,117.02,08:01:51.185469612
90,117.01,2,117.02,08:01:51.185642054
90,117.01,1,117.02,08:01:51.186812069
90,117.01,117,117.03,08:01:51.186941880
100,117.01,117,117.03,08:01:51.187191146
100,117.01,115,117.03,08:01:51.547772980
100,117.01,117,117.03,08:01:51.552145916
100,117.01,118,117.03,08:01:51.552313515
93,117.01,118,117.03,08:01:56.266845871
93,117.01,119,117.03,08:01:56.463206598
93,117.01,120,117.03,08:01:56.463375328
2,117.02,120,117.03,08:01:58.748740192
5,117.02,120,117.03,08:01:58.748975688
10,117.02,120,117.03,08:01:58.749090545
13,117.02,120,117.03,08:01:58.749168468
15,117.02,120,117.03,08:01:58.749168468
16,117.02,120,117.03,08:01:58.749436653
14,117.02,120,117.03,08:01:58.749628122
14,117.02,119,117.03,08:01:58.749840137
14,117.02,118,117.03,08:01:58.749914857
14,117.02,117,117.03,08:01:58.749914857
15,117.02,117,117.03,08:01:58.751528098
17,117.02,117,117.03,08:01:58.751619490
17,117.02,115,117.03,08:01:58.751619490
17,117.02,114,117.03,08:01:58.751619490
21,117.02,114,117.03,08:01:58.751756603
21,117.02,115,117.03,08:01:58.752610241
21,117.02,116,117.03,08:01:58.752714286
19,117.02,116,117.03,08:01:58.752940372
19,117.02,117,117.03,08:01:58.753010051
17,117.02,117,117.03,08:01:58.753180429
16,117.02,117,117.03,08:01:58.753261734
13,117.02,117,117.03,08:01:58.754616834
14,117.02,117,117.03,08:01:58.756816804
24,117.02,117,117.03,08:01:58.757021744
27,117.02,117,117.03,08:01:58.757021744
26,117.02,117,117.03,08:01:58.757089712
28,117.02,117,117.03,08:01:58.758612757
26,117.02,117,117.03,08:01:58.759267873
16,117.02,117,117.03,08:01:58.759437467
17,117.02,117,117.03,08:01:58.760030505
19,117.02,117,117.03,08:01:58.760030505
17,117.02,117,117.03,08:01:58.760322829
19,117.02,117,117.03,08:01:58.760566185
21,117.02,117,117.03,08:01:58.760636426
21,117.02,115,117.03,08:01:58.760858834
19,117.02,115,117.03,08:01:58.761199056
18,117.02,115,117.03,08:01:58.761340281
19,117.02,115,117.03,08:01:58.761482287
21,117.02,115,117.03,08:01:58.761633718
21,117.02,114,117.03,08:01:58.761786500
32,117.02,114,117.03,08:01:58.762090213
36,117.02,114,117.03,08:01:58.762233285
36,117.02,115,117.03,08:01:58.762553201
37,117.02,115,117.03,08:01:58.762842545
37,117.02,114,117.03,08:01:58.763016020
39,117.02,114,117.03,08:01:58.763102846
39,117.02,115,117.03,08:01:58.763251563
39,117.02,114,117.03,08:01:58.763427774
39,117.02,113,117.03,08:01:58.763498764
39,117.02,111,117.03,08:01:58.763758298
41,117.02,111,117.03,08:01:58.763958026
42,117.02,111,117.03,08:01:58.764149648
42,117.02,109,117.03,08:01:58.764149648
42,117.02,110,117.03,08:01:58.764590109
44,117.02,110,117.03,08:01:58.764728803
44,117.02,109,117.03,08:01:58.765014201
44,117.02,110,117.03,08:01:58.765652191
44,117.02,111,117.03,08:01:58.765834085
42,117.02,111,117.03,08:01:58.766045483
41,117.02,111,117.03,08:01:58.766112013
39,117.02,111,117.03,08:01:58.766333995
40,117.02,111,117.03,08:01:58.767445447
42,117.02,111,117.03,08:01:58.767445447
42,117.02,110,117.03,08:01:58.767516112
42,117.02,109,117.03,08:01:58.767736522
42,117.02,110,117.03,08:01:58.768378531
40,117.02,110,117.03,08:01:58.768521372
40,117.02,111,117.03,08:01:58.768835308
39,117.02,111,117.03,08:01:58.768961439
41,117.02,111,117.03,08:01:58.769114943
41,117.02,110,117.03,08:01:58.769189368
42,117.02,110,117.03,08:01:58.769189368
44,117.02,110,117.03,08:01:58.769301621
46,117.02,110,117.03,08:01:58.769301621
46,117.02,109,117.03,08:01:58.769500238
44,117.02,109,117.03,08:01:58.769575413
43,117.02,109,117.03,08:01:58.769575413
43,117.02,110,117.03,08:01:58.769682711
43,117.02,111,117.03,08:01:58.769865707
41,117.02,111,117.03,08:01:58.769936875
42,117.02,111,117.03,08:01:58.771444521
44,117.02,111,117.03,08:01:58.771585328
45,117.02,111,117.03,08:01:58.771654019
45,117.02,110,117.03,08:01:58.771756432
46,117.02,110,117.03,08:01:58.771988172
46,117.02,109,117.03,08:01:58.772062252
46,117.02,108,117.03,08:01:58.772458533
46,117.02,98,117.03,08:01:58.773528510
47,117.02,98,117.03,08:01:58.773626295
55,117.02,98,117.03,08:01:58.773768401
57,117.02,98,117.03,08:01:58.773846049
57,117.02,80,117.03,08:01:58.773926846
68,117.02,80,117.03,08:01:58.774337703
71,117.02,80,117.03,08:01:58.774404269
71,117.02,75,117.03,08:01:58.774649034
71,117.02,65,117.03,08:01:58.774723047
71,117.02,63,117.03,08:01:58.774788224
73,117.02,63,117.03,08:01:58.780772318
73,117.02,62,117.03,08:01:58.782455023
75,117.02,62,117.03,08:01:58.782692213
75,117.02,60,117.03,08:01:58.782915609
75,117.02,57,117.03,08:01:58.783927380
75,117.02,56,117.03,08:01:58.783996628
77,117.02,56,117.03,08:01:58.784069691
78,117.02,56,117.03,08:01:58.791155741
78,117.02,55,117.03,08:01:58.792149629
80,117.02,55,117.03,08:01:58.800219237
81,117.02,55,117.03,08:01:58.816802050
83,117.02,55,117.03,08:01:58.841467011
83,117.02,51,117.03,08:01:58.879554051
83,117.02,47,117.03,08:01:58.956013732
85,117.02,47,117.03,08:01:58.956163598
85,117.02,44,117.03,08:01:58.956228309
85,117.02,40,117.03,08:01:59.030351134
85,117.02,37,117.03,08:01:59.102878233
85,117.02,36,117.03,08:01:59.102939266
85,117.02,32,117.03,08:01:59.258291033
85,117.02,27,117.03,08:01:59.258536182
85,117.02,26,117.03,08:01:59.334753261
85,117.02,25,117.03,08:01:59.334841702
85,117.02,24,117.03,08:01:59.334857123
85,117.02,23,117.03,08:01:59.334857123
86,117.02,23,117.03,08:01:59.334930285
86,117.02,20,117.03,08:01:59.527116837
86,117.02,19,117.03,08:01:59.527186216
86,117.02,17,117.03,08:01:59.648367351
86,117.02,16,117.03,08:01:59.648453220
86,117.02,15,117.03,08:01:59.648453220
86,117.02,16,117.03,08:01:59.683808967
86,117.02,15,117.03,08:01:59.768015062
86,117.02,14,117.03,08:01:59.801217215
86,117.02,12,117.03,08:01:59.801307334
86,117.02,11,117.03,08:01:59.801307334
86,117.02,92,117.04,08:01:59.801583769
86,117.02,95,117.04,08:01:59.801876960
86,117.02,89,117.04,08:01:59.801962223
86,117.02,95,117.04,08:01:59.802260648
86,117.02,92,117.04,08:01:59.802561960
1,117.03,92,117.04,08:01:59.866237672
4,117.03,92,117.04,08:01:59.866431192
6,117.03,92,117.04,08:01:59.866509998
6,117.03,74,117.04,08:01:59.866592429
7,117.03,74,117.04,08:01:59.866684910
8,117.03,74,117.04,08:01:59.866684910
10,117.03,74,117.04,08:01:59.866786660
14,117.03,74,117.04,08:01:59.866878573
16,117.03,74,117.04,08:01:59.866878573
16,117.03,68,117.04,08:01:59.866980992
17,117.03,68,117.04,08:01:59.867064199
17,117.03,67,117.04,08:01:59.867064199
32,117.03,67,117.04,08:01:59.867140842
42,117.03,67,117.04,08:01:59.867213556
41,117.03,67,117.04,08:01:59.867499623
26,117.03,67,117.04,08:01:59.883756645
27,117.03,67,117.04,08:01:59.889226779
32,117.03,67,117.04,08:01:59.889394131
34,117.03,67,117.04,08:01:59.931565061
36,117.03,67,117.04,08:01:59.954161281
51,117.03,67,117.04,08:01:59.984687356
55,117.03,67,117.04,08:01:59.984955497
55,117.03,65,117.04,08:01:59.985148604
56,117.03,65,117.04,08:01:59.985290940
56,117.03,67,117.04,08:02:00.045091912
56,117.03,64,117.04,08:02:00.045282632
56,117.03,71,117.04,08:02:00.045348402
58,117.03,71,117.04,08:02:00.045416408
56,117.03,71,117.04,08:02:00.082173137
56,117.03,64,117.04,08:02:00.083241939
57,117.03,64,117.04,08:02:00.083396635
58,117.03,64,117.04,08:02:00.083562680
59,117.03,64,117.04,08:02:00.084273090
60,117.03,64,117.04,08:02:00.109077893
62,117.03,64,117.04,08:02:00.109224626
62,117.03,63,117.04,08:02:00.109405674
64,117.03,63,117.04,08:02:00.109480245
64,117.03,65,117.04,08:02:00.163945767
64,117.03,70,117.04,08:02:00.164132291
66,117.03,70,117.04,08:02:00.208441374
67,117.03,70,117.04,08:02:00.209221427
67,117.03,65,117.04,08:02:00.209434890
66,117.03,65,117.04,08:02:00.216852528
65,117.03,65,117.04,08:02:00.228579183
64,117.03,65,117.04,08:02:00.229775902
65,117.03,65,117.04,08:02:00.230846051
67,117.03,65,117.04,08:02:00.231011450
68,117.03,65,117.04,08:02:00.231158525
69,117.03,65,117.04,08:02:00.231515094
70,117.03,65,117.04,08:02:00.233164721
70,117.03,63,117.04,08:02:00.278331180
70,117.03,60,117.04,08:02:00.279108641
70,117.03,58,117.04,08:02:00.307001650
70,117.03,57,117.04,08:02:00.457941871
71,117.03,57,117.04,08:02:00.817343998
70,117.03,57,117.04,08:02:00.868721162
68,117.03,57,117.04,08:02:00.869384426
66,117.03,57,117.04,08:02:00.891927937
66,117.03,56,117.04,08:02:00.914454982
66,117.03,55,117.04,08:02:00.914512121
79,117.03,55,117.04,08:02:00.914661210
79,117.03,52,117.04,08:02:00.914738793
80,117.03,52,117.04,08:02:00.914738793
80,117.03,51,117.04,08:02:00.914933033
80,117.03,45,117.04,08:02:00.914933033
80,117.03,37,117.04,08:02:00.915010252
80,117.03,36,117.04,08:02:00.915196985
80,117.03,35,117.04,08:02:00.915196985
80,117.03,33,117.04,08:02:00.915269683
80,117.03,32,117.04,08:02:00.915269683
80,117.03,30,117.04,08:02:00.936973106
80,117.03,29,117.04,08:02:00.937122738
80,117.03,28,117.04,08:02:00.937188338
80,117.03,32,117.04,08:02:01.020888456
79,117.03,32,117.04,08:02:01.023224527
79,117.03,35,117.04,08:02:01.023291122
79,117.03,37,117.04,08:02:01.023360329
79,117.03,38,117.04,08:02:01.023432565
79,117.03,40,117.04,08:02:01.023499109
79,117.03,41,117.04,08:02:01.024312965
79,117.03,42,117.04,08:02:01.027273269
79,117.03,43,117.04,08:02:01.027371617
79,117.03,44,117.04,08:02:01.027545627
79,117.03,45,117.04,08:02:01.027545627
78,117.03,45,117.04,08:02:01.027623480
78,117.03,46,117.04,08:02:01.027717054
77,117.03,46,117.04,08:02:01.027717054
64,117.03,46,117.04,08:02:01.027717054
63,117.03,46,117.04,08:02:01.027717054
63,117.03,47,117.04,08:02:01.027798229
64,117.03,47,117.04,08:02:01.040190693
64,117.03,46,117.04,08:02:01.040328134
64,117.03,45,117.04,08:02:01.040466345
65,117.03,45,117.04,08:02:01.040535545
65,117.03,44,117.04,08:02:01.040609810
66,117.03,44,117.04,08:02:01.040680946
66,117.03,43,117.04,08:02:01.040753817
64,117.03,43,117.04,08:02:01.045379107
64,117.03,44,117.04,08:02:01.047945287
64,117.03,51,117.04,08:02:01.048113308
63,117.03,51,117.04,08:02:01.048290146
63,117.03,52,117.04,08:02:01.048367858
62,117.03,52,117.04,08:02:01.048367858
61,117.03,52,117.04,08:02:01.048484514
61,117.03,53,117.04,08:02:01.048551970
61,117.03,46,117.04,08:02:01.146403063
62,117.03,46,117.04,08:02:01.158219194
62,117.03,45,117.04,08:02:01.168530707
63,117.03,45,117.04,08:02:01.168593818
64,117.03,45,117.04,08:02:01.175184090
64,117.03,44,117.04,08:02:01.175328074
64,117.03,42,117.04,08:02:01.231550723
64,117.03,40,117.04,08:02:01.232977909
64,117.03,39,117.04,08:02:01.233113579
66,117.03,39,117.04,08:02:01.833286639
68,117.03,39,117.04,08:02:01.833482962
69,117.03,39,117.04,08:02:02.051885843
69,117.03,38,117.04,08:02:02.385991410
69,117.03,37,117.04,08:02:02.854221167
69,117.03,36,117.04,08:02:02.854221167
69,117.03,33,117.04,08:02:02.854282818
69,117.03,32,117.04,08:02:02.854380904
83,117.03,32,117.04,08:02:02.854444396
83,117.03,31,117.04,08:02:02.854548024
83,117.03,25,117.04,08:02:02.857124918
83,117.03,20,117.04,08:02:02.857190601
83,117.03,14,117.04,08:02:02.857190601
84,117.03,14,117.04,08:02:02.857289644
86,117.03,14,117.04,08:02:02.857361020
86,117.03,13,117.04,08:02:02.858399608
86,117.03,9,117.04,08:02:03.112696013
86,117.03,11,117.04,08:02:03.144203456
86,117.03,10,117.04,08:02:03.160075714
87,117.03,10,117.04,08:02:03.629030423
87,117.03,6,117.04,08:02:03.927415827
87,117.03,5,117.04,08:02:03.927542387
87,117.03,4,117.04,08:02:03.927542387
87,117.03,2,117.04,08:02:03.927542387
87,117.03,146,117.05,08:02:03.927557254
4,117.04,146,117.05,08:02:03.927704227
4,117.04,145,117.05,08:02:03.927861024
4,117.04,141,117.05,08:02:03.927965180
4,117.04,134,117.05,08:02:03.927965180
107,117.03,134,117.05,08:02:03.928174933
1,117.04,134,117.05,08:02:03.928174933
2,117.04,134,117.05,08:02:03.928249013
3,117.04,134,117.05,08:02:03.928416441
4,117.04,134,117.05,08:02:03.928593907
3,117.04,134,117.05,08:02:03.928698178
5,117.04,134,117.05,08:02:03.928764934
8,117.04,134,117.05,08:02:03.928946398
8,117.04,132,117.05,08:02:03.929024657
9,117.04,132,117.05,08:02:03.929377960
10,117.04,132,117.05,08:02:03.929568760
10,117.04,129,117.05,08:02:03.929641178
10,117.04,130,117.05,08:02:03.929791713
10,117.04,132,117.05,08:02:03.929936541
10,117.04,131,117.05,08:02:03.930354640
9,117.04,131,117.05,08:02:03.931348790
7,117.04,131,117.05,08:02:03.931408681
6,117.04,131,117.05,08:02:03.931481648
5,117.04,131,117.05,08:02:03.931581272
2,117.04,131,117.05,08:02:03.931648949
1,117.04,131,117.05,08:02:03.931839641
107,117.03,131,117.05,08:02:03.931958166
109,117.03,131,117.05,08:02:03.932245375
2,117.04,131,117.05,08:02:03.938010995
3,117.04,131,117.05,08:02:03.938084352
5,117.04,131,117.05,08:02:03.938151066
10,117.04,131,117.05,08:02:03.938219264
13,117.04,131,117.05,08:02:03.938305568
14,117.04,131,117.05,08:02:03.938568745
13,117.04,131,117.05,08:02:03.939294615
14,117.04,131,117.05,08:02:03.943625431
19,117.04,131,117.05,08:02:03.943798113
18,117.04,131,117.05,08:02:03.951445552
17,117.04,131,117.05,08:02:03.951623306
18,117.04,131,117.05,08:02:03.971291486
19,117.04,131,117.05,08:02:03.981437341
20,117.04,131,117.05,08:02:03.981502666
19,117.04,131,117.05,08:02:03.981599310
19,117.04,129,117.05,08:02:03.982697766
19,117.04,126,117.05,08:02:03.982755805
33,117.04,126,117.05,08:02:03.983427346
33,117.04,124,117.05,08:02:03.983638255
39,117.04,124,117.05,08:02:03.983638255
43,117.04,124,117.05,08:02:04.033340388
45,117.04,124,117.05,08:02:04.033515459
46,117.04,124,117.05,08:02:04.054812149
50,117.04,124,117.05,08:02:04.246140239
46,117.04,124,117.05,08:02:04.682947520
47,117.04,124,117.05,08:02:04.832655566
43,117.04,124,117.05,08:02:05.082611008
43,117.04,121,117.05,08:02:05.082624486
43,117.04,120,117.05,08:02:05.082685305
43,117.04,109,117.05,08:02:05.082864064
43,117.04,105,117.05,08:02:05.082937059
53,117.04,105,117.05,08:02:05.083024256
54,117.04,105,117.05,08:02:05.083024256
54,117.04,106,117.05,08:02:05.123921939
54,117.04,109,117.05,08:02:05.167580786
54,117.04,110,117.05,08:02:05.230519538
55,117.04,110,117.05,08:02:05.317674511
54,117.04,110,117.05,08:02:05.383577856
53,117.04,110,117.05,08:02:05.648161644
52,117.04,110,117.05,08:02:05.648183734
38,117.04,110,117.05,08:02:05.648183734
28,117.04,110,117.05,08:02:05.648259957
25,117.04,110,117.05,08:02:05.648467267
23,117.04,110,117.05,08:02:05.648482380
21,117.04,110,117.05,08:02:05.648482380
17,117.04,110,117.05,08:02:05.648504943
17,117.04,122,117.05,08:02:05.648518213
16,117.04,122,117.05,08:02:05.648949637
16,117.04,125,117.05,08:02:05.648981110
14,117.04,125,117.05,08:02:05.648981110
13,117.04,125,117.05,08:02:05.648995810
12,117.04,125,117.05,08:02:05.648995810
11,117.04,125,117.05,08:02:05.649019208
5,117.04,125,117.05,08:02:05.649019208
3,117.04,125,117.05,08:02:05.649045637
2,117.04,125,117.05,08:02:05.649045637
1,117.04,125,117.05,08:02:05.649062002
119,117.03,125,117.05,08:02:05.649062002
105,117.03,125,117.05,08:02:05.649311496
105,117.03,20,117.04,08:02:05.649328024
105,117.03,24,117.04,08:02:05.649400434
104,117.03,24,117.04,08:02:05.649612248
104,117.03,25,117.04,08:02:05.649742260
104,117.03,26,117.04,08:02:05.649757166
86,117.03,26,117.04,08:02:05.649774164
86,117.03,44,117.04,08:02:05.649774164
86,117.03,36,117.04,08:02:05.649789899
86,117.03,35,117.04,08:02:05.649868370
86,117.03,38,117.04,08:02:05.649884366
86,117.03,39,117.04,08:02:05.673787375
86,117.03,41,117.04,08:02:06.154963688
86,117.03,42,117.04,08:02:06.160174137
86,117.03,45,117.04,08:02:06.160239187
84,117.03,45,117.04,08:02:06.161458044
84,117.03,44,117.04,08:02:06.196711216
85,117.03,44,117.04,08:02:06.626188341
85,117.03,45,117.04,08:02:06.732205128
85,117.03,46,117.04,08:02:07.125310988
85,117.03,47,117.04,08:02:07.125453597
85,117.03,50,117.04,08:02:07.127527549
83,117.03,50,117.04,08:02:07.127674433
83,117.03,49,117.04,08:02:08.095609956
83,117.03,50,117.04,08:02:08.190461909
83,117.03,52,117.04,08:02:08.476309318
83,117.03,51,117.04,08:02:08.476547650
83,117.03,52,117.04,08:02:08.480922862
84,117.03,52,117.04,08:02:08.704136723
83,117.03,52,117.04,08:02:08.774623698
80,117.03,52,117.04,08:02:09.372668734
78,117.03,52,117.04,08:02:09.372668734
77,117.03,52,117.04,08:02:09.372799790
75,117.03,52,117.04,08:02:09.372814158
71,117.03,52,117.04,08:02:09.372814158
69,117.03,52,117.04,08:02:09.372814158
68,117.03,52,117.04,08:02:09.372814158
58,117.03,52,117.04,08:02:09.373024229
57,117.03,52,117.04,08:02:09.373024229
52,117.03,52,117.04,08:02:09.373037284
40,117.03,52,117.04,08:02:09.373052522
40,117.03,60,117.04,08:02:09.373179239
39,117.03,60,117.04,08:02:09.373179239
37,117.03,60,117.04,08:02:09.373194461
36,117.03,60,117.04,08:02:09.373194461
36,117.03,65,117.04,08:02:09.373194461
35,117.03,65,117.04,08:02:09.373194461
29,117.03,65,117.04,08:02:09.373234014
26,117.03,65,117.04,08:02:09.373234014
24,117.03,65,117.04,08:02:09.373234014
23,117.03,65,117.04,08:02:09.373234014
23,117.03,66,117.04,08:02:09.373234014
22,117.03,66,117.04,08:02:09.373420113
21,117.03,66,117.04,08:02:09.373487700
21,117.03,69,117.04,08:02:09.373487700
21,117.03,75,117.04,08:02:09.373506666
21,117.03,85,117.04,08:02:09.373506666
16,117.03,85,117.04,08:02:09.373506666
15,117.03,85,117.04,08:02:09.373506666
15,117.03,87,117.04,08:02:09.373506666
15,117.03,94,117.04,08:02:09.373506666
18,117.03,94,117.04,08:02:09.373594205
18,117.03,84,117.04,08:02:09.373811911
18,117.03,86,117.04,08:02:09.373811911
17,117.03,86,117.04,08:02:09.373826541
18,117.03,86,117.04,08:02:09.536987336
27,117.03,86,117.04,08:02:09.537163963
34,117.03,86,117.04,08:02:09.537229969
41,117.03,86,117.04,08:02:09.537295227
41,117.03,83,117.04,08:02:09.564313026
42,117.03,83,117.04,08:02:09.564493317
43,117.03,83,117.04,08:02:09.564493317
42,117.03,83,117.04,08:02:09.567025974
43,117.03,83,117.04,08:02:09.568622392
44,117.03,83,117.04,08:02:09.572938298
43,117.03,83,117.04,08:02:09.573180576
42,117.03,83,117.04,08:02:09.573817660
42,117.03,84,117.04,08:02:09.573966886
42,117.03,90,117.04,08:02:09.574133692
42,117.03,84,117.04,08:02:09.586533313
42,117.03,83,117.04,08:02:09.586681108
42,117.03,84,117.04,08:02:09.598458019
42,117.03,86,117.04,08:02:09.598613676
42,117.03,87,117.04,08:02:09.598754908
42,117.03,85,117.04,08:02:09.619590479
42,117.03,84,117.04,08:02:09.619763592
42,117.03,83,117.04,08:02:09.619868956
43,117.03,83,117.04,08:02:09.619961342
46,117.03,83,117.04,08:02:09.619961342
46,117.03,81,117.04,08:02:09.619961342
52,117.03,81,117.04,08:02:09.619961342
56,117.03,81,117.04,08:02:09.620038655
56,117.03,79,117.04,08:02:09.620115036
56,117.03,77,117.04,08:02:09.620194584
56,117.03,70,117.04,08:02:09.620194584
56,117.03,64,117.04,08:02:09.620266351
56,117.03,56,117.04,08:02:09.620338024
57,117.03,56,117.04,08:02:09.620406946
59,117.03,56,117.04,08:02:09.620483179
59,117.03,54,117.04,08:02:09.646970019
60,117.03,54,117.04,08:02:09.647155736
60,117.03,53,117.04,08:02:09.647310947
64,117.03,53,117.04,08:02:09.647310947
66,117.03,53,117.04,08:02:09.677363021
69,117.03,53,117.04,08:02:09.708159037
69,117.03,54,117.04,08:02:09.767205608
69,117.03,61,117.04,08:02:09.767378104
69,117.03,65,117.04,08:02:09.767525942
70,117.03,65,117.04,08:02:09.805893284
70,117.03,58,117.04,08:02:10.005059588
70,117.03,57,117.04,08:02:10.005220451
66,117.03,57,117.04,08:02:10.005392992
66,117.03,58,117.04,08:02:10.005517794
66,117.03,64,117.04,08:02:10.005693306
66,117.03,63,117.04,08:02:10.976926065
66,117.03,57,117.04,08:02:10.977963975
74,117.03,57,117.04,08:02:10.982006403
81,117.03,57,117.04,08:02:10.982112377
81,117.03,52,117.04,08:02:10.984662900
81,117.03,49,117.04,08:02:10.987618565
83,117.03,49,117.04,08:02:10.991188174
83,117.03,47,117.04,08:02:10.991352050
84,117.03,47,117.04,08:02:10.991580411
85,117.03,47,117.04,08:02:10.991580411
85,117.03,43,117.04,08:02:10.991845389
84,117.03,43,117.04,08:02:10.992024051
84,117.03,39,117.04,08:02:10.992024051
84,117.03,36,117.04,08:02:10.992039882
84,117.03,18,117.04,08:02:10.992039882
84,117.03,10,117.04,08:02:10.992039882
85,117.03,10,117.04,08:02:10.992160951
85,117.03,7,117.04,08:02:10.992160951
87,117.03,7,117.04,08:02:10.992233305
88,117.03,7,117.04,08:02:10.992427376
90,117.03,7,117.04,08:02:10.992427376
92,117.03,7,117.04,08:02:10.992551309
92,117.03,6,117.04,08:02:10.992688893
92,117.03,5,117.04,08:02:10.992713872
92,117.03,4,117.04,08:02:10.992713872
92,117.03,3,117.04,08:02:10.992713872
92,117.03,1,117.04,08:02:10.992713872
92,117.03,128,117.05,08:02:10.992713872
91,117.03,128,117.05,08:02:10.992727894
88,117.03,128,117.05,08:02:10.992727894
106,117.03,128,117.05,08:02:10.993149294
107,117.03,128,117.05,08:02:10.993166367
11,117.04,128,117.05,08:02:10.993436214
20,117.04,128,117.05,08:02:10.993436214
23,117.04,128,117.05,08:02:10.993618153
29,117.04,128,117.05,08:02:10.993820707
29,117.04,126,117.05,08:02:10.994071480
31,117.04,126,117.05,08:02:10.998835995
33,117.04,126,117.05,08:02:10.999023031
35,117.04,126,117.05,08:02:10.999103789
41,117.04,126,117.05,08:02:10.999623533
45,117.04,126,117.05,08:02:10.999722973
46,117.04,126,117.05,08:02:11.001064556
46,117.04,124,117.05,08:02:11.001170399
45,117.04,124,117.05,08:02:11.001591154
45,117.04,121,117.05,08:02:11.001951605
46,117.04,121,117.05,08:02:11.002632502
47,117.04,121,117.05,08:02:11.002699889
46,117.04,121,117.05,08:02:11.002834778
50,117.04,121,117.05,08:02:11.002906455
50,117.04,118,117.05,08:02:11.002974097
50,117.04,106,117.05,08:02:11.003062804
49,117.04,106,117.05,08:02:11.003150407
50,117.04,106,117.05,08:02:11.003150407
51,117.04,106,117.05,08:02:11.003606054
52,117.04,106,117.05,08:02:11.003606054
53,117.04,106,117.05,08:02:11.003676467
53,117.04,104,117.05,08:02:11.003831893
54,117.04,104,117.05,08:02:11.003920237
53,117.04,104,117.05,08:02:11.004127797
52,117.04,104,117.05,08:02:11.004201800
55,117.04,104,117.05,08:02:11.005559496
56,117.04,104,117.05,08:02:11.005664846
56,117.04,97,117.05,08:02:11.005848718
56,117.04,91,117.05,08:02:11.005848718
56,117.04,87,117.05,08:02:11.005934925
56,117.04,83,117.05,08:02:11.006016877
55,117.04,83,117.05,08:02:11.006120349
55,117.04,80,117.05,08:02:11.006120349
55,117.04,78,117.05,08:02:11.006120349
56,117.04,78,117.05,08:02:11.006120349
57,117.04,78,117.05,08:02:11.006214810
59,117.04,78,117.05,08:02:11.006214810
60,117.04,78,117.05,08:02:11.006361895
59,117.04,78,117.05,08:02:11.006996726
60,117.04,78,117.05,08:02:11.007323053
63,117.04,78,117.05,08:02:11.008615968
66,117.04,78,117.05,08:02:11.008792469
65,117.04,78,117.05,08:02:11.015979134
70,117.04,78,117.05,08:02:11.039594367
70,117.04,77,117.05,08:02:11.039762594
70,117.04,60,117.05,08:02:11.039840018
70,117.04,57,117.05,08:02:11.043078287
70,117.04,55,117.05,08:02:11.043140901
78,117.04,55,117.05,08:02:11.045130327
84,117.04,55,117.05,08:02:11.045200218
84,117.04,53,117.05,08:02:11.045361727
88,117.04,53,117.05,08:02:11.108906091
90,117.04,53,117.05,08:02:11.109039161
91,117.04,53,117.05,08:02:11.109143193
91,117.04,52,117.05,08:02:11.268300279
91,117.04,50,117.05,08:02:11.268366547
91,117.04,48,117.05,08:02:11.268678301
91,117.04,47,117.05,08:02:11.268821165
91,117.04,45,117.05,08:02:11.268821165
91,117.04,13,117.05,08:02:11.268844637
91,117.04,12,117.05,08:02:11.268844637
91,117.04,6,117.05,08:02:11.268844637
91,117.04,5,117.05,08:02:11.268844637
91,117.04,4,117.05,08:02:11.268844637
91,117.04,1,117.05,08:02:11.268844637
91,117.04,110,117.06,08:02:11.268844637
91,117.04,112,117.06,08:02:11.268988847
2,117.05,112,117.06,08:02:11.269055846
4,117.05,112,117.06,08:02:11.269193645
4,117.05,111,117.06,08:02:11.269216428
6,117.05,111,117.06,08:02:11.269216428
6,117.05,112,117.06,08:02:11.269410505
9,117.05,112,117.06,08:02:11.269618098
10,117.05,112,117.06,08:02:11.269618098
8,117.05,112,117.06,08:02:11.269924719
8,117.05,105,117.06,08:02:11.269924719
9,117.05,105,117.06,08:02:11.270014907
10,117.05,105,117.06,08:02:11.270130994
9,117.05,105,117.06,08:02:11.352701837
8,117.05,105,117.06,08:02:11.352857449
7,117.05,105,117.06,08:02:11.352926637
7,117.05,107,117.06,08:02:11.352926637
8,117.05,107,117.06,08:02:11.353122691
7,117.05,107,117.06,08:02:11.353225096
6,117.05,107,117.06,08:02:11.353225096
3,117.05,107,117.06,08:02:11.353333398
2,117.05,107,117.06,08:02:11.353420639
1,117.05,107,117.06,08:02:11.353637679
117,117.04,107,117.06,08:02:11.353709947
99,117.04,107,117.06,08:02:11.353902341
99,117.04,1,117.05,08:02:11.353990908
99,117.04,2,117.05,08:02:11.354065167
99,117.04,1,117.05,08:02:11.354253902
99,117.04,107,117.06,08:02:11.354351857
99,117.04,3,117.05,08:02:11.354351857
99,117.04,5,117.05,08:02:11.354481198
101,117.04,5,117.05,08:02:11.354481198
101,117.04,4,117.05,08:02:11.354576581
108,117.04,4,117.05,08:02:11.354576581
108,117.04,2,117.05,08:02:11.354740660
108,117.04,1,117.05,08:02:11.354740660
108,117.04,33,117.05,08:02:11.354814686
108,117.04,32,117.05,08:02:11.354939918
108,117.04,33,117.05,08:02:11.355128611
108,117.04,34,117.05,08:02:11.355201591
108,117.04,33,117.05,08:02:11.408984112
108,117.04,34,117.05,08:02:11.486979458
108,117.04,40,117.05,08:02:11.487161922
107,117.04,40,117.05,08:02:11.487309061
107,117.04,41,117.05,08:02:11.751747725
100,117.04,41,117.05,08:02:11.757348299
100,117.04,40,117.05,08:02:11.801531513
100,117.04,41,117.05,08:02:11.812093208
100,117.04,42,117.05,08:02:11.812257490
101,117.04,42,117.05,08:02:11.841712999
107,117.04,42,117.05,08:02:11.841886071
107,117.04,41,117.05,08:02:11.842021467
107,117.04,59,117.05,08:02:11.855011800
107,117.04,60,117.05,08:02:11.855160207
105,117.04,60,117.05,08:02:12.027563847
100,117.04,60,117.05,08:02:12.070413829
100,117.04,55,117.05,08:02:12.070413829
100,117.04,54,117.05,08:02:12.070546278
94,117.04,54,117.05,08:02:12.070619146
94,117.04,57,117.05,08:02:12.070791712
94,117.04,58,117.05,08:02:12.070865648
94,117.04,63,117.05,08:02:12.154935909
94,117.04,60,117.05,08:02:12.416390618
95,117.04,60,117.05,08:02:12.418380610
95,117.04,59,117.05,08:02:12.418447045
94,117.04,59,117.05,08:02:12.418516363
99,117.04,59,117.05,08:02:12.418587541
99,117.04,58,117.05,08:02:12.418649153
99,117.04,59,117.05,08:02:12.418719275
99,117.04,58,117.05,08:02:12.418835553
100,117.04,58,117.05,08:02:12.419649751
99,117.04,58,117.05,08:02:12.419801895
99,117.04,52,117.05,08:02:12.419952580
100,117.04,52,117.05,08:02:12.420218435
99,117.04,52,117.05,08:02:12.421263286
99,117.04,53,117.05,08:02:12.421403634
99,117.04,52,117.05,08:02:12.421584783
99,117.04,53,117.05,08:02:12.421652162
99,117.04,54,117.05,08:02:12.422296424
99,117.04,53,117.05,08:02:12.422589832
99,117.04,54,117.05,08:02:12.423247805
99,117.04,53,117.05,08:02:12.423402330
99,117.04,52,117.05,08:02:12.434206912
100,117.04,52,117.05,08:02:12.434352029
99,117.04,52,117.05,08:02:12.434650115
99,117.04,45,117.05,08:02:12.435096130
99,117.04,44,117.05,08:02:12.435379913
101,117.04,44,117.05,08:02:12.435453380
102,117.04,44,117.05,08:02:12.435533125
102,117.04,40,117.05,08:02:12.437472298
102,117.04,38,117.05,08:02:12.437684819
102,117.04,24,117.05,08:02:12.437781843
102,117.04,23,117.05,08:02:12.437796896
102,117.04,5,117.05,08:02:12.437796896
102,117.04,4,117.05,08:02:12.437871437
102,117.04,107,117.06,08:02:12.438228988
5,117.05,107,117.06,08:02:12.438228988
15,117.05,107,117.06,08:02:12.438337849
18,117.05,107,117.06,08:02:12.438571621
22,117.05,107,117.06,08:02:12.438571621
23,117.05,107,117.06,08:02:12.438679628
18,117.05,107,117.06,08:02:12.438702812
8,117.05,107,117.06,08:02:12.438702812
8,117.05,103,117.06,08:02:12.438957478
8,117.05,101,117.06,08:02:12.438957478
11,117.05,101,117.06,08:02:12.438975135
17,117.05,101,117.06,08:02:12.439217506
32,117.05,101,117.06,08:02:12.448121912
32,117.05,99,117.06,08:02:12.448201287
33,117.05,99,117.06,08:02:12.448436976
32,117.05,99,117.06,08:02:12.448536685
33,117.05,99,117.06,08:02:12.449896014
32,117.05,99,117.06,08:02:12.449925713
32,117.05,103,117.06,08:02:12.449925713
17,117.05,103,117.06,08:02:12.458266395
17,117.05,99,117.06,08:02:12.463238528
21,117.05,99,117.06,08:02:12.482391208
24,117.05,99,117.06,08:02:12.482558277
24,117.05,97,117.06,08:02:12.482700113
24,117.05,96,117.06,08:02:12.482872753
24,117.05,88,117.06,08:02:12.483014878
26,117.05,88,117.06,08:02:12.483190145
27,117.05,88,117.06,08:02:12.483262449
26,117.05,88,117.06,08:02:12.483371406
26,117.05,89,117.06,08:02:12.505518572
26,117.05,96,117.06,08:02:12.505518572
26,117.05,99,117.06,08:02:12.505657315
24,117.05,99,117.06,08:02:12.505728294
22,117.05,99,117.06,08:02:12.519342976
18,117.05,99,117.06,08:02:12.519357152
17,117.05,99,117.06,08:02:12.519436432
14,117.05,99,117.06,08:02:12.519576096
8,117.05,99,117.06,08:02:12.519681846
7,117.05,99,117.06,08:02:12.519698444
3,117.05,99,117.06,08:02:12.519698444
126,117.04,99,117.06,08:02:12.519698444
108,117.04,99,117.06,08:02:12.519879766
107,117.04,99,117.06,08:02:12.519879766
107,117.04,101,117.06,08:02:12.519879766
107,117.04,103,117.06,08:02:12.519979677
106,117.04,103,117.06,08:02:12.520073120
100,117.04,103,117.06,08:02:12.520168741
100,117.04,4,117.05,08:02:12.520308047
100,117.04,8,117.05,08:02:12.520532316
100,117.04,4,117.05,08:02:12.520641387
101,117.04,4,117.05,08:02:12.520641387
101,117.04,7,117.05,08:02:12.520714198
101,117.04,9,117.05,08:02:12.520841471
101,117.04,23,117.05,08:02:12.521307736
101,117.04,21,117.05,08:02:12.617638094
97,117.04,21,117.05,08:02:12.662441869
97,117.04,19,117.05,08:02:12.662457382
97,117.04,17,117.05,08:02:12.662457382
97,117.04,16,117.05,08:02:12.700690985
97,117.04,14,117.05,08:02:12.700690985
97,117.04,12,117.05,08:02:12.700706045
97,117.04,2,117.05,08:02:12.700826679
97,117.04,3,117.05,08:02:12.883853394
97,117.04,13,117.05,08:02:12.884077883
97,117.04,20,117.05,08:02:12.884153710
96,117.04,20,117.05,08:02:12.902537639
96,117.04,18,117.05,08:02:12.976270565
96,117.04,17,117.05,08:02:12.976359150
96,117.04,16,117.05,08:02:12.976373285
97,117.04,16,117.05,08:02:12.976565767
97,117.04,9,117.05,08:02:12.976653570
97,117.04,105,117.06,08:02:12.976770242
97,117.04,104,117.06,08:02:13.125502160
96,117.04,104,117.06,08:02:13.125658437
96,117.04,2,117.05,08:02:13.206675741
90,117.04,2,117.05,08:02:13.206972361
82,117.04,2,117.05,08:02:13.206996946
82,117.04,3,117.05,08:02:13.206996946
82,117.04,5,117.05,08:02:13.207418005
76,117.04,5,117.05,08:02:13.207418005
76,117.04,25,117.05,08:02:13.207469563
71,117.04,25,117.05,08:02:13.207469563
67,117.04,25,117.05,08:02:13.207469563
67,117.04,42,117.05,08:02:13.207470705
67,117.04,45,117.05,08:02:13.207557960
67,117.04,49,117.05,08:02:13.207572388
67,117.04,54,117.05,08:02:13.207572388
67,117.04,64,117.05,08:02:13.207599742
67,117.04,67,117.05,08:02:13.207613202
68,117.04,67,117.05,08:02:13.207801592
68,117.04,68,117.05,08:02:13.207801592
68,117.04,51,117.05,08:02:13.207801592
68,117.04,52,117.05,08:02:13.207801592
68,117.04,70,117.05,08:02:13.207801592
68,117.04,60,117.05,08:02:13.207966750
68,117.04,56,117.05,08:02:13.208058583
68,117.04,53,117.05,08:02:13.208081636
68,117.04,52,117.05,08:02:13.208159255
67,117.04,52,117.05,08:02:13.208173620
68,117.04,52,117.05,08:02:13.208422981
67,117.04,52,117.05,08:02:13.270981126
77,117.04,52,117.05,08:02:13.308485079
77,117.04,53,117.05,08:02:13.625754075
77,117.04,59,117.05,08:02:13.625946446
77,117.04,61,117.05,08:02:14.324143306
74,117.04,61,117.05,08:02:14.338577420
74,117.04,62,117.05,08:02:14.338641782
72,117.04,62,117.05,08:02:14.339267833
72,117.04,61,117.05,08:02:14.339336012
72,117.04,55,117.05,08:02:14.339560146
73,117.04,55,117.05,08:02:14.339708607
73,117.04,56,117.05,08:02:14.339817445
72,117.04,56,117.05,08:02:14.339926283
72,117.04,61,117.05,08:02:14.340043173
72,117.04,60,117.05,08:02:14.340796023
73,117.04,60,117.05,08:02:14.340901626
75,117.04,60,117.05,08:02:14.340969233
73,117.04,60,117.05,08:02:14.341435856
73,117.04,61,117.05,08:02:14.341950473
73,117.04,56,117.05,08:02:14.342030713
72,117.04,56,117.05,08:02:14.342030713
72,117.04,55,117.05,08:02:14.342137360
72,117.04,56,117.05,08:02:14.343538494
74,117.04,56,117.05,08:02:14.343605921
74,117.04,55,117.05,08:02:14.343718228
75,117.04,55,117.05,08:02:14.343931608
74,117.04,55,117.05,08:02:14.344487734
72,117.04,55,117.05,08:02:14.344929232
73,117.04,55,117.05,08:02:14.345218461
74,117.04,55,117.05,08:02:14.345290169
75,117.04,55,117.05,08:02:14.345365260
74,117.04,55,117.05,08:02:14.346244450
75,117.04,55,117.05,08:02:14.346421788
74,117.04,55,117.05,08:02:14.347138142
73,117.04,55,117.05,08:02:14.347855665
74,117.04,55,117.05,08:02:14.348212125
75,117.04,55,117.05,08:02:14.348332595
75,117.04,63,117.05,08:02:14.444496580
75,117.04,66,117.05,08:02:14.444668075
74,117.04,66,117.05,08:02:14.494396029
73,117.04,66,117.05,08:02:14.494521923
73,117.04,81,117.05,08:02:14.494537200
72,117.04,81,117.05,08:02:14.494537200
70,117.04,81,117.05,08:02:14.494537200
70,117.04,84,117.05,08:02:14.494660579
60,117.04,84,117.05,08:02:14.494796518
59,117.04,84,117.05,08:02:14.494899439
58,117.04,84,117.05,08:02:14.494899439
57,117.04,84,117.05,08:02:14.494992320
57,117.04,87,117.05,08:02:14.494992320
46,117.04,87,117.05,08:02:14.495913247
37,117.04,87,117.05,08:02:14.495913247
35,117.04,87,117.05,08:02:14.496150776
35,117.04,89,117.05,08:02:14.496150776
30,117.04,89,117.05,08:02:14.496236843
30,117.04,91,117.05,08:02:14.496305307
28,117.04,91,117.05,08:02:14.496549637
28,117.04,92,117.05,08:02:14.551830847
28,117.04,94,117.05,08:02:14.551998312
25,117.04,94,117.05,08:02:14.552154069
25,117.04,102,117.05,08:02:14.657308357
23,117.04,102,117.05,08:02:14.659092681
21,117.04,102,117.05,08:02:14.659186111
17,117.04,102,117.05,08:02:14.659201644
16,117.04,102,117.05,08:02:14.659442569
15,117.04,102,117.05,08:02:14.659457048
13,117.04,102,117.05,08:02:14.659457048
10,117.04,102,117.05,08:02:14.659457048
7,117.04,102,117.05,08:02:14.659470892
6,117.04,102,117.05,08:02:14.659470892
5,117.04,102,117.05,08:02:14.659593592
4,117.04,102,117.05,08:02:14.659607864
107,117.03,102,117.05,08:02:14.659607864
107,117.03,104,117.05,08:02:14.659625035
107,117.03,8,117.04,08:02:14.659625035
101,117.03,8,117.04,08:02:14.659855956
96,117.03,8,117.04,08:02:14.659871774
92,117.03,8,117.04,08:02:14.659871774
74,117.03,8,117.04,08:02:14.659871774
73,117.03,8,117.04,08:02:14.659968911
73,117.03,26,117.04,08:02:14.659968911
73,117.03,27,117.04,08:02:14.660226015
73,117.03,26,117.04,08:02:14.660348924
122,117.03,26,117.04,08:02:14.660637252
122,117.03,18,117.04,08:02:14.673730342
122,117.03,102,117.05,08:02:14.673890514
129,117.03,102,117.05,08:02:14.674316931
132,117.03,102,117.05,08:02:14.674316931
137,117.03,102,117.05,08:02:14.674463538
138,117.03,102,117.05,08:02:14.674951470
148,117.03,102,117.05,08:02:14.681159649
148,117.03,1,117.04,08:02:14.688284786
148,117.03,101,117.05,08:02:14.688664219
2,117.04,101,117.05,08:02:14.688664219
7,117.04,101,117.05,08:02:14.688739118
48,117.04,101,117.05,08:02:14.688739118
48,117.04,99,117.05,08:02:14.688816662
52,117.04,99,117.05,08:02:14.689027047
55,117.04,99,117.05,08:02:14.689027047
51,117.04,99,117.05,08:02:14.689152084
52,117.04,99,117.05,08:02:14.689230215
52,117.04,98,117.05,08:02:14.689230215
51,117.04,98,117.05,08:02:14.689389214
51,117.04,96,117.05,08:02:14.689469578
52,117.04,96,117.05,08:02:14.689592820
52,117.04,81,117.05,08:02:14.696870157
52,117.04,79,117.05,08:02:14.696870157
53,117.04,79,117.05,08:02:14.696944544
53,117.04,77,117.05,08:02:14.696944544
53,117.04,74,117.05,08:02:14.697026384
52,117.04,74,117.05,08:02:14.699569934
52,117.04,75,117.05,08:02:14.700101546
52,117.04,74,117.05,08:02:14.701748290
53,117.04,74,117.05,08:02:14.701898668
56,117.04,74,117.05,08:02:14.702078585
56,117.04,75,117.05,08:02:14.708755865
55,117.04,75,117.05,08:02:14.708912972
55,117.04,77,117.05,08:02:14.709063426
56,117.04,77,117.05,08:02:14.712205865
55,117.04,77,117.05,08:02:14.712364130
56,117.04,77,117.05,08:02:14.712429996
57,117.04,77,117.05,08:02:14.712534181
57,117.04,75,117.05,08:02:14.712684932
56,117.04,75,117.05,08:02:14.719508846
57,117.04,75,117.05,08:02:14.763507453
58,117.04,75,117.05,08:02:14.763688630
62,117.04,75,117.05,08:02:14.782501201
61,117.04,75,117.05,08:02:14.803781797
62,117.04,75,117.05,08:02:14.868977046
64,117.04,75,117.05,08:02:14.869045190
65,117.04,75,117.05,08:02:14.869150828
67,117.04,75,117.05,08:02:14.869270716
68,117.04,75,117.05,08:02:14.869556658
69,117.04,75,117.05,08:02:14.869640661
76,117.04,75,117.05,08:02:14.870226158
79,117.04,75,117.05,08:02:14.870302810
79,117.04,70,117.05,08:02:14.878829297
79,117.04,67,117.05,08:02:14.878933858
79,117.04,49,117.05,08:02:14.879201433
88,117.04,49,117.05,08:02:14.879273632
93,117.04,49,117.05,08:02:14.879352854
93,117.04,46,117.05,08:02:14.879439145
103,117.04,46,117.05,08:02:14.879439145
103,117.04,26,117.05,08:02:14.879537449
108,117.04,26,117.05,08:02:14.879537449
110,117.04,26,117.05,08:02:14.879718507
112,117.04,26,117.05,08:02:14.891624618
112,117.04,24,117.05,08:02:14.891695216
112,117.04,32,117.05,08:02:14.903718153
112,117.04,34,117.05,08:02:14.908616484
112,117.04,44,117.05,08:02:14.910752156
113,117.04,44,117.05,08:02:14.960914120
113,117.04,34,117.05,08:02:14.961068437
115,117.04,34,117.05,08:02:14.992643681
115,117.04,35,117.05,08:02:15.012726791
114,117.04,35,117.05,08:02:15.153534361
114,117.04,38,117.05,08:02:15.491689658
114,117.04,48,117.05,08:02:15.492550131
114,117.04,38,117.05,08:02:15.721046073
114,117.04,35,117.05,08:02:15.721184204
114,117.04,33,117.05,08:02:16.927713951
116,117.04,33,117.05,08:02:17.037935086
116,117.04,31,117.05,08:02:17.442501441
116,117.04,29,117.05,08:02:17.442566414
116,117.04,27,117.05,08:02:17.444785316
116,117.04,24,117.05,08:02:17.444974613
116,117.04,22,117.05,08:02:17.577607920
116,117.04,20,117.05,08:02:17.577763052
116,117.04,24,117.05,08:02:17.693274445
116,117.04,33,117.05,08:02:17.693274445
116,117.04,41,117.05,08:02:17.693294682
116,117.04,44,117.05,08:02:17.693469932
116,117.04,47,117.05,08:02:17.693469932
111,117.04,47,117.05,08:02:17.693496793
111,117.04,57,117.05,08:02:17.693496793
101,117.04,57,117.05,08:02:17.693496793
101,117.04,75,117.05,08:02:17.693496793
101,117.04,82,117.05,08:02:17.693496793
101,117.04,89,117.05,08:02:17.693496793
96,117.04,89,117.05,08:02:17.693496793
87,117.04,89,117.05,08:02:17.693496793
87,117.04,92,117.05,08:02:17.693496793
86,117.04,92,117.05,08:02:17.693817395
86,117.04,94,117.05,08:02:17.693852812
84,117.04,94,117.05,08:02:17.693869471
83,117.04,94,117.05,08:02:17.693869471
82,117.04,94,117.05,08:02:17.693869471
82,117.04,95,117.05,08:02:17.693869471
81,117.04,95,117.05,08:02:17.693869471
78,117.04,95,117.05,08:02:17.693869471
71,117.04,95,117.05,08:02:17.693869471
69,117.04,95,117.05,08:02:17.693869471
67,117.04,95,117.05,08:02:17.694039170
67,117.04,94,117.05,08:02:17.694141279
66,117.04,94,117.05,08:02:17.694141279
65,117.04,94,117.05,08:02:17.694141279
64,117.04,94,117.05,08:02:17.714414179
63,117.04,94,117.05,08:02:17.714568057
60,117.04,94,117.05,08:02:17.717325149
60,117.04,86,117.05,08:02:17.719173121
58,117.04,86,117.05,08:02:17.719187086
53,117.04,86,117.05,08:02:17.719187086
52,117.04,86,117.05,08:02:17.719252494
50,117.04,86,117.05,08:02:17.719412443
47,117.04,86,117.05,08:02:17.719506152
47,117.04,89,117.05,08:02:17.719506152
47,117.04,96,117.05,08:02:17.719598936
50,117.04,96,117.05,08:02:17.746495062
51,117.04,96,117.05,08:02:17.746663657
53,117.04,96,117.05,08:02:17.746735615
53,117.04,93,117.05,08:02:17.746842137
53,117.04,94,117.05,08:02:17.760093589
52,117.04,94,117.05,08:02:17.760263475
52,117.04,101,117.05,08:02:17.760330013
52,117.04,103,117.05,08:02:17.760396784
52,117.04,111,117.05,08:02:17.856259292
50,117.04,111,117.05,08:02:17.856450629
47,117.04,111,117.05,08:02:19.386812549
47,117.04,108,117.05,08:02:19.387044555
50,117.04,108,117.05,08:02:19.390378606
50,117.04,101,117.05,08:02:19.391426186
47,117.04,101,117.05,08:02:19.500481393
47,117.04,102,117.05,08:02:19.504116465
47,117.04,109,117.05,08:02:19.504283665
47,117.04,110,117.05,08:02:21.501917666
47,117.04,114,117.05,08:02:21.502120565
42,117.04,114,117.05,08:02:24.033704555
37,117.04,114,117.05,08:02:24.033804443
35,117.04,114,117.05,08:02:24.033804443
35,117.04,116,117.05,08:02:24.034058875
35,117.04,123,117.05,08:02:24.034168452
31,117.04,123,117.05,08:02:24.034292836
20,117.04,123,117.05,08:02:24.034476585
8,117.04,123,117.05,08:02:24.034498253
4,117.04,123,117.05,08:02:24.034498253
2,117.04,123,117.05,08:02:24.034498253
103,117.03,123,117.05,08:02:24.034498253
103,117.03,20,117.04,08:02:24.034600532
103,117.03,35,117.04,08:02:24.034600532
103,117.03,36,117.04,08:02:24.034618816
95,117.03,36,117.04,08:02:24.034618816
95,117.03,37,117.04,08:02:24.034633188
94,117.03,37,117.04,08:02:24.034633188
94,117.03,38,117.04,08:02:24.034906468
94,117.03,46,117.04,08:02:24.034906468
94,117.03,49,117.04,08:02:24.034906468
77,117.03,49,117.04,08:02:24.034906468
77,117.03,55,117.04,08:02:24.034906468
77,117.03,73,117.04,08:02:24.034906468
77,117.03,58,117.04,08:02:24.034945697
77,117.03,57,117.04,08:02:24.035067597
77,117.03,56,117.04,08:02:24.035172428
77,117.03,36,117.04,08:02:24.035188675
77,117.03,30,117.04,08:02:24.035188675
77,117.03,27,117.04,08:02:24.035272219
107,117.03,27,117.04,08:02:24.035558691
107,117.03,26,117.04,08:02:24.035679818
110,117.03,26,117.04,08:02:24.035759930
110,117.03,29,117.04,08:02:24.043352709
110,117.03,32,117.04,08:02:24.045484094
110,117.03,33,117.04,08:02:24.045617777
110,117.03,25,117.04,08:02:24.050319570
110,117.03,24,117.04,08:02:24.050500614
109,117.03,24,117.04,08:02:24.051059918
109,117.03,25,117.04,08:02:24.051210599
106,117.03,25,117.04,08:02:24.053715429
106,117.03,26,117.04,08:02:24.077165697
101,117.03,26,117.04,08:02:24.085178301
97,117.03,26,117.04,08:02:24.131561381
107,117.03,26,117.04,08:02:24.135469983
107,117.03,25,117.04,08:02:24.135617905
106,117.03,25,117.04,08:02:24.285261716
106,117.03,26,117.04,08:02:24.288191483
106,117.03,29,117.04,08:02:24.288367899
105,117.03,29,117.04,08:02:25.018130389
105,117.03,30,117.04,08:02:25.018304199
105,117.03,31,117.04,08:02:25.018410299
105,117.03,32,117.04,08:02:25.161382044
105,117.03,37,117.04,08:02:25.161622325
105,117.03,38,117.04,08:02:25.162068773
105,117.03,39,117.04,08:02:25.162143358
105,117.03,38,117.04,08:02:25.162248472
105,117.03,39,117.04,08:02:25.162740660
109,117.03,39,117.04,08:02:25.201152763
109,117.03,34,117.04,08:02:25.234057920
109,117.03,33,117.04,08:02:26.191410120
109,117.03,32,117.04,08:02:26.192455568
109,117.03,29,117.04,08:02:26.192521323
109,117.03,28,117.04,08:02:26.197301155
109,117.03,25,117.04,08:02:26.202174069
109,117.03,7,117.04,08:02:26.518187385
122,117.03,7,117.04,08:02:26.518579251
122,117.03,6,117.04,08:02:26.518594521
122,117.03,5,117.04,08:02:26.614625199
122,117.03,4,117.04,08:02:26.614852543
122,117.03,2,117.04,08:02:26.614962593
122,117.03,1,117.04,08:02:26.614962593
122,117.03,114,117.05,08:02:26.614976904
4,117.04,114,117.05,08:02:26.615270283
6,117.04,114,117.05,08:02:26.615354859
26,117.04,114,117.05,08:02:26.615432030
22,117.04,114,117.05,08:02:26.615617528
22,117.04,117,117.05,08:02:26.616137287
22,117.04,122,117.05,08:02:26.616304250
22,117.04,117,117.05,08:02:26.757229410
20,117.04,117,117.05,08:02:26.913328411
14,117.04,117,117.05,08:02:26.913342657
14,117.04,127,117.05,08:02:26.913500542
93,117.03,127,117.05,08:02:26.913609974
83,117.03,127,117.05,08:02:26.913609974
83,117.03,134,117.05,08:02:26.913609974
83,117.03,1,117.04,08:02:26.913826395
83,117.03,4,117.04,08:02:26.913826395
83,117.03,9,117.04,08:02:26.913945549
83,117.03,13,117.04,08:02:26.914033102
120,117.03,13,117.04,08:02:26.914692496
120,117.03,12,117.04,08:02:26.914883594
123,117.03,12,117.04,08:02:26.914968325
123,117.03,7,117.04,08:02:26.915469109
132,117.03,7,117.04,08:02:27.016956183
134,117.03,7,117.04,08:02:27.017158551
134,117.03,8,117.04,08:02:27.034716090
134,117.03,10,117.04,08:02:27.034887015
132,117.03,10,117.04,08:02:27.077332055
132,117.03,8,117.04,08:02:27.077985453
132,117.03,9,117.04,08:02:27.338993751
132,117.03,10,117.04,08:02:27.339126788
129,117.03,10,117.04,08:02:27.433505791
129,117.03,11,117.04,08:02:27.793970227
129,117.03,10,117.04,08:02:29.092173122
129,117.03,11,117.04,08:02:30.085029151
129,117.03,12,117.04,08:02:30.709628822
129,117.03,11,117.04,08:02:31.135575455
129,117.03,13,117.04,08:02:31.549282367
129,117.03,11,117.04,08:02:31.549454120
129,117.03,12,117.04,08:02:31.549522753
129,117.03,11,117.04,08:02:31.549644667
129,117.03,10,117.04,08:02:32.047549137
129,117.03,9,117.04,08:02:32.047761380
129,117.03,8,117.04,08:02:32.047823310
129,117.03,9,117.04,08:02:32.048170141
129,117.03,10,117.04,08:02:32.048595594
129,117.03,11,117.04,08:02:33.345768024
129,117.03,12,117.04,08:02:33.520898500
129,117.03,13,117.04,08:02:33.521349921
129,117.03,20,117.04,08:02:34.104747910
129,117.03,38,117.04,08:02:34.104900361
129,117.03,41,117.04,08:02:34.105204099
129,117.03,38,117.04,08:02:34.476571931
129,117.03,41,117.04,08:02:34.578822314
130,117.03,41,117.04,08:02:36.560751180
130,117.03,42,117.04,08:02:36.833712325
117,117.03,42,117.04,08:02:36.837641141
117,117.03,51,117.04,08:02:36.843567878
117,117.03,53,117.04,08:02:36.843634006
117,117.03,59,117.04,08:02:36.843707276
117,117.03,60,117.04,08:02:36.843789049
117,117.03,62,117.04,08:02:36.843894116
115,117.03,62,117.04,08:02:36.844796017
109,117.03,62,117.04,08:02:36.845123552
107,117.03,62,117.04,08:02:36.845516762
107,117.03,66,117.04,08:02:36.845646944
107,117.03,67,117.04,08:02:36.845887569
106,117.03,67,117.04,08:02:36.846238525
106,117.03,68,117.04,08:02:36.846238525
106,117.03,67,117.04,08:02:36.846382349
106,117.03,66,117.04,08:02:36.846461069
106,117.03,68,117.04,08:02:36.847968114
106,117.03,66,117.04,08:02:36.848167998
106,117.03,67,117.04,08:02:36.848589992
106,117.03,74,117.04,08:02:36.848755089
104,117.03,74,117.04,08:02:36.851724094
104,117.03,76,117.04,08:02:36.851805799
95,117.03,76,117.04,08:02:36.851805799
94,117.03,76,117.04,08:02:36.851805799
93,117.03,76,117.04,08:02:36.851913844
86,117.03,76,117.04,08:02:36.852700163
85,117.03,76,117.04,08:02:36.853581727
85,117.03,77,117.04,08:02:36.853649628
85,117.03,78,117.04,08:02:36.853797782
84,117.03,78,117.04,08:02:36.853797782
84,117.03,82,117.04,08:02:36.853908147
82,117.03,82,117.04,08:02:36.853908147
81,117.03,82,117.04,08:02:36.853983382
79,117.03,82,117.04,08:02:36.854154239
74,117.03,82,117.04,08:02:36.855324414
74,117.03,90,117.04,08:02:36.855906635
73,117.03,90,117.04,08:02:36.855977175
73,117.03,96,117.04,08:02:36.856051815
72,117.03,96,117.04,08:02:36.856127310
72,117.03,98,117.04,08:02:36.856218185
70,117.03,98,117.04,08:02:36.856218185
69,117.03,98,117.04,08:02:36.856218185
68,117.03,98,117.04,08:02:36.856218185
67,117.03,98,117.04,08:02:36.856383185
65,117.03,98,117.04,08:02:36.857273827
56,117.03,98,117.04,08:02:36.857386851
51,117.03,98,117.04,08:02:36.857386851
44,117.03,98,117.04,08:02:36.857453769
44,117.03,100,117.04,08:02:36.857527292
41,117.03,100,117.04,08:02:36.857606623
40,117.03,100,117.04,08:02:36.857702198
40,117.03,101,117.04,08:02:36.857860748
31,117.03,101,117.04,08:02:36.944230096
28,117.03,101,117.04,08:02:37.015494093
28,117.03,103,117.04,08:02:37.565934492
28,117.03,105,117.04,08:02:37.566139852
28,117.03,103,117.04,08:02:38.586800758
28,117.03,104,117.04,08:02:39.231344414
28,117.03,106,117.04,08:02:39.231589295
24,117.03,106,117.04,08:02:40.406008749
20,117.03,106,117.04,08:02:40.406140222
6,117.03,106,117.04,08:02:40.406310743
4,117.03,106,117.04,08:02:40.406310743
1,117.03,106,117.04,08:02:40.406324023
101,117.02,106,117.04,08:02:40.406387610
101,117.02,113,117.04,08:02:40.406418932
101,117.02,12,117.03,08:02:40.406570205
101,117.02,13,117.03,08:02:40.406770183
101,117.02,14,117.03,08:02:40.406770183
101,117.02,15,117.03,08:02:40.406787709
101,117.02,16,117.03,08:02:40.406787709
83,117.02,16,117.03,08:02:40.406985158
83,117.02,20,117.03,08:02:40.406985158
83,117.02,21,117.03,08:02:40.407095008
83,117.02,39,117.03,08:02:40.407095008
83,117.02,40,117.03,08:02:40.407257235
83,117.02,43,117.03,08:02:40.407257235
83,117.02,31,117.03,08:02:40.407286124
83,117.02,30,117.03,08:02:40.407401855
83,117.02,29,117.03,08:02:40.407540905
72,117.02,29,117.03,08:02:40.407647642
69,117.02,29,117.03,08:02:40.407647642
69,117.02,32,117.03,08:02:40.407803957
79,117.02,32,117.03,08:02:40.407818494
79,117.02,33,117.03,08:02:40.407818494
79,117.02,34,117.03,08:02:40.408025628
79,117.02,35,117.03,08:02:40.408025628
79,117.02,46,117.03,08:02:40.409350229
79,117.02,51,117.03,08:02:40.409422984
79,117.02,52,117.03,08:02:40.409593525
79,117.02,55,117.03,08:02:40.419439902
79,117.02,56,117.03,08:02:40.426644322
79,117.02,57,117.03,08:02:40.426855227
78,117.02,57,117.03,08:02:40.434972432
76,117.02,57,117.03,08:02:40.444273804
75,117.02,57,117.03,08:02:40.444500722
74,117.02,57,117.03,08:02:40.444605691
74,117.02,52,117.03,08:02:40.453078106
74,117.02,41,117.03,08:02:40.453146570
74,117.02,40,117.03,08:02:40.453259175
75,117.02,40,117.03,08:02:40.453327747
76,117.02,40,117.03,08:02:40.453327747
76,117.02,39,117.03,08:02:40.453444199
78,117.02,39,117.03,08:02:40.453520099
77,117.02,39,117.03,08:02:40.453955356
77,117.02,40,117.03,08:02:40.454087081
77,117.02,39,117.03,08:02:40.454229545
77,117.02,40,117.03,08:02:40.454681417
77,117.02,41,117.03,08:02:40.454857199
77,117.02,40,117.03,08:02:40.454936709
77,117.02,42,117.03,08:02:40.454936709
76,117.02,42,117.03,08:02:40.455007227
77,117.02,42,117.03,08:02:40.457905804
76,117.02,42,117.03,08:02:40.458599752
76,117.02,43,117.03,08:02:40.775563041
76,117.02,45,117.03,08:02:40.775733239
76,117.02,46,117.03,08:02:40.775889866
75,117.02,46,117.03,08:02:40.776236672
75,117.02,47,117.03,08:02:40.776236672
75,117.02,48,117.03,08:02:40.776383856
75,117.02,47,117.03,08:02:40.776534457
75,117.02,49,117.03,08:02:40.983513118
75,117.02,50,117.03,08:02:40.983577748
74,117.02,50,117.03,08:02:40.983683834
72,117.02,50,117.03,08:02:40.983760877
70,117.02,50,117.03,08:02:40.983760877
70,117.02,51,117.03,08:02:40.983760877
69,117.02,51,117.03,08:02:40.983830429
67,117.02,51,117.03,08:02:40.983904001
65,117.02,51,117.03,08:02:40.983976420
63,117.02,51,117.03,08:02:40.984060156
63,117.02,50,117.03,08:02:40.984060156
61,117.02,50,117.03,08:02:40.984861504
61,117.02,51,117.03,08:02:40.987953693
61,117.02,50,117.03,08:02:40.988096221
61,117.02,51,117.03,08:02:41.123864100
61,117.02,52,117.03,08:02:41.131164598
61,117.02,51,117.03,08:02:41.131310974
62,117.02,51,117.03,08:02:41.182979333
62,117.02,61,117.03,08:02:41.469034535
62,117.02,62,117.03,08:02:41.469111037
62,117.02,67,117.03,08:02:41.469111037
62,117.02,66,117.03,08:02:41.469216957
63,117.02,66,117.03,08:02:43.241325301
63,117.02,69,117.03,08:02:44.010165408
63,117.02,68,117.03,08:02:46.186100947
63,117.02,63,117.03,08:02:46.186100947
63,117.02,62,117.03,08:02:46.186166641
63,117.02,52,117.03,08:02:46.186166641
63,117.02,50,117.03,08:02:46.187062829
63,117.02,49,117.03,08:02:46.187124710
64,117.02,49,117.03,08:02:46.187232608
63,117.02,49,117.03,08:02:46.187401884
63,117.02,50,117.03,08:02:46.187606611
63,117.02,49,117.03,08:02:46.187787326
64,117.02,49,117.03,08:02:46.190243628
63,117.02,49,117.03,08:02:46.194258560
63,117.02,50,117.03,08:02:46.196819444
63,117.02,51,117.03,08:02:46.197004889
63,117.02,53,117.03,08:02:46.286735523
63,117.02,51,117.03,08:02:46.296501200
63,117.02,50,117.03,08:02:46.419818258
63,117.02,53,117.03,08:02:46.542060629
63,117.02,54,117.03,08:02:46.542478325
63,117.02,53,117.03,08:02:49.288199927
64,117.02,53,117.03,08:02:49.291452817
63,117.02,53,117.03,08:02:49.301280549
65,117.02,53,117.03,08:02:49.556818780
63,117.02,53,117.03,08:02:49.558193730
64,117.02,53,117.03,08:02:49.558380507
65,117.02,53,117.03,08:02:49.558904856
66,117.02,53,117.03,08:02:49.560975750
66,117.02,51,117.03,08:02:49.561113087
65,117.02,51,117.03,08:02:49.564415411
64,117.02,51,117.03,08:02:49.565753448
63,117.02,51,117.03,08:02:49.933952954
64,117.02,51,117.03,08:02:50.193837044
63,117.02,51,117.03,08:02:50.334548876
63,117.02,52,117.03,08:02:51.449702465
63,117.02,54,117.03,08:02:51.449885687
63,117.02,55,117.03,08:02:51.454724623
63,117.02,56,117.03,08:02:51.454967283
63,117.02,55,117.03,08:02:51.940093646
63,117.02,56,117.03,08:02:52.192607104
63,117.02,57,117.03,08:02:52.882654819
63,117.02,59,117.03,08:02:52.886366953
63,117.02,61,117.03,08:02:52.886429600
52,117.02,61,117.03,08:02:52.887326681
47,117.02,61,117.03,08:02:52.887393948
43,117.02,61,117.03,08:02:52.887393948
43,117.02,71,117.03,08:02:52.887514236
40,117.02,71,117.03,08:02:52.887670476
36,117.02,71,117.03,08:02:52.887740812
36,117.02,61,117.03,08:02:52.891800430
35,117.02,61,117.03,08:02:54.046907648
35,117.02,60,117.03,08:02:55.061532999
35,117.02,61,117.03,08:02:56.384127282
35,117.02,71,117.03,08:02:56.386410349
30,117.02,71,117.03,08:02:56.387302985
28,117.02,71,117.03,08:02:56.389621399
