price,volume,timestamp
117.02,1,08:00:09.539121614
117.02,5,08:00:09.539191601
117.02,10,08:00:09.539404004
117.02,1,08:00:09.539496666
117.02,2,08:00:09.539515994
117.02,3,08:00:09.539819495
117.02,1,08:00:09.539819495
117.02,10,08:00:09.539986951
117.02,1,08:00:09.539986951
117.02,2,08:00:09.540003505
117.02,1,08:00:09.540003505
117.02,5,08:00:09.540003505
117.02,2,08:00:10.680567513
117.02,4,08:00:12.241507928
117.02,1,08:00:12.241521083
117.02,1,08:00:12.241603796
117.02,2,08:00:12.241620239
117.02,1,08:00:12.241620239
117.02,7,08:00:12.241706946
117.02,1,08:00:12.358738685
117.02,2,08:00:12.359005108
117.02,1,08:00:12.396231981
117.02,2,08:00:15.697061683
117.02,1,08:00:15.697163453
117.02,1,08:00:15.697180006
117.02,2,08:00:15.697180006
117.02,1,08:00:16.175916538
117.02,1,08:00:18.548376338
117.02,1,08:00:19.201904068
117.02,2,08:00:19.201904068
117.02,1,08:00:19.202000748
117.02,3,08:00:19.202018483
117.02,1,08:00:19.202018483
117.02,3,08:00:19.389469341
117.02,1,08:00:19.389589785
117.02,3,08:00:19.389609926
117.02,1,08:00:19.389609926
117.02,2,08:00:19.389609926
117.02,3,08:00:19.389626951
117.02,2,08:00:19.389626951
117.02,5,08:00:19.626837895
117.02,4,08:00:19.626857073
117.02,1,08:00:19.638198425
117.02,1,08:00:19.673267528
117.02,4,08:00:19.673267528
117.02,1,08:00:19.673360674
117.02,1,08:00:19.673378518
117.02,1,08:00:19.673899196
117.02,3,08:00:19.713133047
117.02,1,08:00:19.713528045
117.01,2,08:00:24.712946495
117.01,1,08:00:24.712946495
117.01,2,08:00:24.713050940
117.01,3,08:00:24.713050940
117.01,3,08:00:25.010105786
117.01,5,08:00:25.010177514
117.01,1,08:00:25.010177514
117.01,4,08:00:28.464440619
117.01,3,08:00:31.567726792
117.01,2,08:00:31.567836990
117.01,1,08:00:31.567851185
117.01,2,08:00:31.567851185
117.01,5,08:00:31.569224847
117.01,4,08:00:31.569335916
117.01,14,08:00:31.569352748
117.01,4,08:00:31.569352748
117.01,3,08:00:31.569352748
117.01,2,08:00:31.570184840
117.01,3,08:00:31.570184840
117.01,3,08:00:31.623857506
117.01,1,08:00:31.632571478
117.01,1,08:00:31.632653239
117.01,4,08:00:31.632653239
117.02,1,08:00:32.774256754
117.01,2,08:00:35.873157693
117.02,2,08:00:52.972170314
117.02,1,08:00:52.972926418
117.02,2,08:00:52.972926418
117.02,6,08:00:52.972941884
117.02,1,08:00:52.972941884
117.02,2,08:00:52.972941884
117.02,9,08:00:52.972941884
117.02,1,08:00:52.972956290
117.02,1,08:00:52.973268402
117.02,1,08:00:52.983443340
117.02,1,08:00:53.019802147
117.03,4,08:00:53.253826896
117.03,1,08:00:53.324711511
117.03,2,08:00:53.324785905
117.03,1,08:00:53.324785905
117.03,1,08:00:53.326399045
117.03,2,08:00:53.326399045
117.03,1,08:00:53.326549154
117.03,1,08:00:53.326569202
117.03,2,08:00:53.326569202
117.03,3,08:00:53.326588514
117.03,1,08:00:53.326588514
117.03,10,08:00:53.326588514
117.03,6,08:00:53.326588514
117.03,1,08:00:53.327173818
117.03,2,08:00:53.327173818
117.03,4,08:00:53.327173818
117.03,1,08:00:53.374740446
117.03,1,08:00:53.478453574
117.03,1,08:00:53.478467990
117.03,4,08:00:53.694117107
117.03,4,08:00:53.771286261
117.03,2,08:00:53.851717504
117.03,1,08:00:53.851801933
117.03,4,08:00:54.003542558
117.03,2,08:00:54.069244496
117.03,1,08:00:54.069244496
117.03,1,08:00:54.069308310
117.03,4,08:00:54.101452369
117.03,2,08:00:54.227825830
117.03,2,08:00:54.251797604
117.03,2,08:00:54.251869081
117.03,2,08:00:54.252241929
117.03,1,08:00:54.252241929
117.03,1,08:00:54.252367433
117.03,2,08:00:54.252387958
117.03,1,08:00:54.252387958
117.03,4,08:00:54.384549866
117.03,3,08:00:54.423628480
117.03,1,08:00:54.423697745
117.04,3,08:00:55.574637818
117.03,1,08:01:08.056281470
117.03,4,08:01:08.056281470
117.03,2,08:01:08.056281470
117.03,5,08:01:08.056739639
117.03,1,08:01:08.056836401
117.03,1,08:01:08.057150214
117.03,1,08:01:08.057881254
117.03,3,08:01:08.058371249
117.03,1,08:01:08.066051957
117.03,1,08:01:08.106968695
117.03,1,08:01:08.107370436
117.02,1,08:01:20.268326709
117.02,1,08:01:33.268773885
117.02,1,08:01:33.268872288
117.02,2,08:01:33.268887315
117.02,1,08:01:33.268887315
117.02,1,08:01:33.269286022
117.02,7,08:01:33.269301004
117.02,1,08:01:33.323751435
117.02,1,08:01:38.358883993
117.02,1,08:01:38.359337218
117.02,2,08:01:38.359337218
117.02,1,08:01:42.305415424
117.02,2,08:01:42.886531192
117.02,1,08:01:42.886610206
117.02,1,08:01:42.886627499
117.02,9,08:01:42.886627499
117.02,1,08:01:51.182314047
117.02,1,08:01:51.184664100
117.02,1,08:01:51.184956384
117.03,4,08:01:58.956013732
117.03,4,08:01:59.030351134
117.03,3,08:01:59.102878233
117.03,1,08:01:59.102939266
117.03,4,08:01:59.258291033
117.03,1,08:01:59.334753261
117.03,1,08:01:59.334841702
117.03,1,08:01:59.334857123
117.03,3,08:01:59.527116837
117.03,1,08:01:59.527186216
117.03,2,08:01:59.648367351
117.03,1,08:01:59.648453220
117.03,1,08:01:59.801217215
117.03,2,08:01:59.801307334
117.03,1,08:01:59.801307334
117.03,11,08:01:59.801583769
117.04,1,08:02:00.914454982
117.04,1,08:02:00.914512121
117.04,2,08:02:00.936973106
117.04,1,08:02:03.160075714
117.04,4,08:02:03.927415827
117.04,1,08:02:03.927542387
117.04,2,08:02:03.927542387
117.04,2,08:02:03.927557254
117.04,1,08:02:03.951445552
117.05,3,08:02:05.082624486
117.05,1,08:02:05.082685305
117.04,1,08:02:05.648161644
117.04,1,08:02:05.648183734
117.04,2,08:02:05.648482380
117.04,4,08:02:05.648504943
117.04,1,08:02:05.648949637
117.04,2,08:02:05.648981110
117.04,1,08:02:05.648995810
117.04,6,08:02:05.649019208
117.04,1,08:02:05.649019208
117.04,2,08:02:05.649045637
117.04,1,08:02:05.649045637
117.04,1,08:02:05.649062002
117.04,8,08:02:05.649789899
117.03,3,08:02:09.372668734
117.03,2,08:02:09.372668734
117.03,1,08:02:09.372799790
117.03,1,08:02:09.372814158
117.03,2,08:02:09.372814158
117.03,4,08:02:09.372814158
117.03,1,08:02:09.373024229
117.03,10,08:02:09.373024229
117.03,5,08:02:09.373037284
117.03,12,08:02:09.373052522
117.03,1,08:02:09.373179239
117.03,1,08:02:09.373194461
117.03,2,08:02:09.373194461
117.04,2,08:02:09.619590479
117.04,2,08:02:09.646970019
117.04,1,08:02:10.992688893
117.04,2,08:02:10.992713872
117.04,1,08:02:10.992713872
117.05,1,08:02:11.268300279
117.05,2,08:02:11.268366547
117.05,2,08:02:11.268678301
117.05,1,08:02:11.268821165
117.05,2,08:02:11.268821165
117.05,1,08:02:11.268844637
117.05,6,08:02:11.268844637
117.05,3,08:02:11.268844637
117.05,32,08:02:11.268844637
117.05,1,08:02:11.352701837
117.05,1,08:02:11.353225096
117.05,1,08:02:11.353637679
117.05,1,08:02:11.353709947
117.05,1,08:02:11.354253902
117.05,1,08:02:11.354351857
117.05,1,08:02:11.354576581
117.05,2,08:02:11.354740660
117.05,1,08:02:11.354740660
117.05,1,08:02:11.354939918
117.05,5,08:02:12.070413829
117.05,7,08:02:12.435096130
117.05,4,08:02:12.437472298
117.05,2,08:02:12.437684819
117.05,14,08:02:12.437781843
117.05,1,08:02:12.437796896
117.05,18,08:02:12.437796896
117.05,1,08:02:12.437871437
117.05,4,08:02:12.438228988
117.05,1,08:02:12.448536685
117.05,2,08:02:12.519342976
117.05,4,08:02:12.519357152
117.05,1,08:02:12.519436432
117.05,3,08:02:12.519576096
117.05,6,08:02:12.519681846
117.05,3,08:02:12.519698444
117.05,1,08:02:12.519698444
117.05,4,08:02:12.519698444
117.05,4,08:02:12.520641387
117.05,2,08:02:12.617638094
117.05,2,08:02:12.662457382
117.05,2,08:02:12.700690985
117.05,1,08:02:12.700690985
117.05,2,08:02:12.700706045
117.05,10,08:02:12.700826679
117.05,2,08:02:12.976270565
117.05,1,08:02:12.976359150
117.05,1,08:02:12.976373285
117.04,2,08:02:14.659092681
117.04,2,08:02:14.659186111
117.04,4,08:02:14.659201644
117.04,1,08:02:14.659442569
117.04,3,08:02:14.659457048
117.04,1,08:02:14.659457048
117.04,2,08:02:14.659457048
117.04,3,08:02:14.659470892
117.04,1,08:02:14.659470892
117.04,1,08:02:14.659593592
117.04,4,08:02:14.659607864
117.04,1,08:02:14.659607864
117.04,1,08:02:14.688664219
117.04,5,08:02:17.719187086
117.04,2,08:02:17.719187086
117.04,1,08:02:17.719252494
117.04,5,08:02:24.033704555
117.04,5,08:02:24.033804443
117.04,2,08:02:24.033804443
117.04,4,08:02:24.034292836
117.04,11,08:02:24.034476585
117.04,12,08:02:24.034498253
117.04,2,08:02:24.034498253
117.04,4,08:02:24.034498253
117.03,1,08:02:25.018130389
117.04,1,08:02:26.614625199
117.04,2,08:02:26.614962593
117.04,1,08:02:26.614962593
117.04,1,08:02:26.614976904
117.04,2,08:02:26.913328411
117.04,6,08:02:26.913342657
117.04,14,08:02:26.913609974
117.04,1,08:02:32.047549137
117.03,4,08:02:40.406008749
117.03,4,08:02:40.406140222
117.03,2,08:02:40.406310743
117.03,14,08:02:40.406310743
117.03,3,08:02:40.406324023
117.03,1,08:02:40.406387610
117.02,3,08:02:56.391939653
117.02,1,08:02:56.391953495
117.02,8,08:02:56.392060574
117.02,9,08:02:56.392076257
117.02,1,08:02:56.392317309
117.02,1,08:02:56.392451652
117.02,1,08:02:56.392465626
117.01,1,08:02:56.438888723
117.01,1,08:02:56.528451087
117.01,4,08:02:56.528680940
117.01,1,08:02:56.528697119
117.01,5,08:02:56.528697119
117.01,2,08:02:56.662869076
117.01,5,08:02:56.695030017
117.01,14,08:02:56.714128368
117.01,2,08:02:56.714199686
117.02,4,08:03:00.289688166
117.02,1,08:03:00.289751676
117.02,1,08:03:01.586616747
117.02,4,08:03:01.586732552
117.02,1,08:03:01.586753218
117.02,18,08:03:01.586753218
117.02,1,08:03:01.586766830
117.02,3,08:03:01.586784040
117.02,1,08:03:01.587181026
117.01,1,08:03:17.064106186
117.01,3,08:03:17.173880308
117.01,3,08:03:17.173976027
117.01,1,08:03:17.173976027
117.01,8,08:03:17.336892862
117.01,4,08:03:17.337189096
117.01,1,08:03:17.337273288
117.01,1,08:03:17.362163221
117.01,2,08:03:20.280358636
117.01,9,08:03:20.280427257
117.01,1,08:03:32.021038003
117.01,1,08:03:32.047808571
117.01,1,08:03:32.119585031
117.01,1,08:03:32.119665437
117.01,1,08:03:32.509018106
117.01,2,08:03:32.509226390
117.01,2,08:03:32.509468431
117.01,1,08:03:32.509468431
117.01,1,08:03:32.509483232
117.01,2,08:03:32.509483232
117.01,1,08:03:32.509593737
117.01,1,08:03:32.509828566
117.01,3,08:03:32.509828566
117.01,6,08:03:32.509828566
117.01,12,08:03:32.509828566
117.01,1,08:03:32.509959832
117.01,2,08:03:32.509959832
117.01,1,08:03:32.510307791
117.01,1,08:03:32.510491208
117.01,1,08:03:32.548018429
117.01,3,08:03:32.548136364
117.01,4,08:03:32.548154667
117.01,2,08:03:32.548154667
117.01,1,08:03:32.548154667
117.01,1,08:03:32.913582196
117.01,1,08:03:32.913686225
117.01,1,08:03:32.913701431
117.01,2,08:03:32.913701431
117.02,2,08:03:33.679583970
117.02,2,08:03:33.702180948
117.01,3,08:03:40.275303630
117.01,1,08:03:40.275398177
117.01,3,08:03:40.275414075
117.01,4,08:03:40.275414075
117.02,2,08:03:42.574519155
117.02,2,08:03:42.574806073
117.02,3,08:03:42.574820463
117.02,1,08:03:42.574820463
117.02,1,08:03:42.574841299
117.02,3,08:03:42.574841299
117.02,2,08:03:42.574854937
117.02,1,08:03:42.575020394
117.02,1,08:03:42.575035433
117.02,6,08:03:42.575055728
117.02,1,08:03:42.603205965
117.03,1,08:03:42.650619958
117.03,3,08:03:42.650687743
117.02,1,08:03:42.732410970
117.03,1,08:03:42.913779880
117.03,1,08:03:42.913793729
117.03,2,08:03:42.913866766
117.03,4,08:03:43.058752852
117.03,4,08:03:43.143858116
117.03,4,08:03:43.217094806
117.03,4,08:03:43.306169888
117.03,1,08:03:43.384969338
117.03,3,08:03:43.385033296
117.03,3,08:03:43.490728709
117.03,1,08:03:43.490794366
117.03,1,08:03:43.569021091
117.03,1,08:03:43.569104068
117.03,2,08:03:43.569344884
117.03,1,08:03:43.569470397
117.03,2,08:03:43.569470397
117.03,5,08:03:43.569496484
117.03,7,08:03:43.569496484
117.03,3,08:03:43.569496484
117.03,2,08:03:43.653083128
117.04,2,08:03:43.865248036
117.04,2,08:03:43.865326759
117.04,2,08:03:44.752786187
117.04,1,08:03:44.752876712
117.04,1,08:03:45.737999909
117.04,2,08:03:45.738091461
117.04,1,08:03:45.738091461
117.03,1,08:03:48.266533375
117.03,1,08:03:48.266685336
117.03,5,08:03:48.266950571
117.03,1,08:03:48.266970558
117.03,2,08:03:48.266970558
117.03,7,08:03:48.267299268
117.03,3,08:03:48.267299268
117.03,1,08:03:48.267432020
117.03,1,08:03:48.267453976
117.03,4,08:03:52.899656590
117.03,12,08:03:52.899895637
117.03,7,08:03:52.900002517
117.03,4,08:03:52.900151668
117.03,7,08:03:52.900262180
117.03,4,08:03:53.274927352
117.03,1,08:03:53.373622022
117.03,3,08:03:53.373684472
117.03,2,08:03:53.430105997
117.03,1,08:03:53.430195052
117.02,4,08:03:53.530014223
117.02,1,08:03:53.530128034
117.02,1,08:03:53.530145874
117.02,2,08:03:53.530145874
117.02,1,08:03:54.047163585
117.01,3,08:04:00.218134280
117.01,1,08:04:01.592916094
117.01,1,08:04:01.593034696
117.01,2,08:04:01.593053771
117.01,1,08:04:01.593053771
117.01,4,08:04:01.593053771
117.01,3,08:04:05.935151105
117.01,1,08:04:05.935222684
117.01,1,08:04:05.962407345
117.01,1,08:04:05.962477175
117.01,5,08:04:10.016728937
117.01,5,08:04:10.017064098
117.01,1,08:04:10.067749819
117.01,2,08:04:12.055200743
117.01,3,08:04:12.055200743
117.01,1,08:04:12.247180464
117.01,6,08:04:12.247529052
117.01,1,08:04:12.247630117
117.01,1,08:04:12.247645391
117.01,1,08:04:12.285710851
117.01,2,08:04:12.285799509
117.01,1,08:04:12.285813788
117.01,1,08:04:12.343370266
117.01,1,08:04:12.343430669
117.01,1,08:04:12.448707438
117.01,3,08:04:15.434642626
117.01,1,08:04:15.434748754
117.01,2,08:04:15.434769090
117.01,3,08:04:15.434901624
117.01,1,08:04:15.434901624
117.01,1,08:04:15.435038152
117.01,1,08:04:15.435053518
117.01,2,08:04:15.435053518
117.01,1,08:04:15.435188811
117.01,2,08:04:15.435188811
117.01,1,08:04:15.436267879
117.01,2,08:04:16.024871513
117.01,4,08:04:16.024957510
117.01,2,08:04:16.025187628
117.01,1,08:04:16.025187628
117.01,1,08:04:17.104381476
117.01,4,08:04:17.108007216
117.01,1,08:04:17.108100777
117.01,3,08:04:17.108115840
117.01,2,08:04:17.108285834
117.01,2,08:04:17.789418598
117.01,1,08:04:17.789492736
117.01,1,08:04:22.140454206
117.01,2,08:04:22.140640507
117.01,1,08:04:28.045352651
117.0,1,08:05:02.935599068
117.0,14,08:05:02.935711016
117.0,3,08:05:02.935725976
117.0,1,08:05:02.935725976
117.0,2,08:05:02.935944641
117.0,2,08:05:02.935961592
117.0,10,08:05:02.936309489
117.0,11,08:05:03.324409240
117.01,2,08:05:11.287231110
117.01,5,08:05:11.287297792
117.01,3,08:05:11.287635916
117.01,1,08:05:11.287635916
117.01,2,08:05:22.154362675
117.01,1,08:05:28.356726875
117.0,11,08:05:33.714549125
117.01,1,08:05:34.174319777
117.0,9,08:05:40.713021459
117.0,1,08:05:40.739617199
117.0,1,08:05:40.739728508
117.0,1,08:05:40.739742067
117.0,1,08:05:40.739965666
117.0,3,08:05:40.739965666
117.0,7,08:05:40.740292821
117.0,3,08:05:40.740292821
117.0,4,08:05:40.740411064
117.0,1,08:05:40.740411064
117.0,1,08:05:40.740426430
117.0,1,08:05:40.767609550
117.0,3,08:05:51.909689905
117.0,7,08:05:51.909891834
117.0,1,08:05:51.909905917
117.0,1,08:05:51.909919537
117.0,1,08:05:51.910068550
117.0,57,08:05:51.910068550
117.0,3,08:05:51.910085473
117.0,4,08:05:51.910085473
117.0,1,08:05:51.910085473
117.0,2,08:05:51.910283952
117.0,1,08:05:51.910308534
117.0,1,08:05:51.910892581
117.0,1,08:06:02.371610760
117.01,1,08:06:10.165951451
117.01,1,08:06:28.165612887
117.0,1,08:06:35.020842789
117.01,1,08:06:46.165741660
117.0,48,08:06:47.706797091
117.0,1,08:06:47.706998526
117.0,1,08:06:47.707012901
117.0,3,08:06:47.707012901
117.0,27,08:06:47.707012901
117.0,4,08:06:47.707025784
117.0,1,08:06:47.707177244
117.0,1,08:06:47.707192259
117.0,4,08:06:47.707192259
117.0,1,08:06:47.707376162
117.0,1,08:06:47.707404441
117.0,2,08:06:47.707404441
117.0,22,08:06:47.717653435
117.0,4,08:06:47.813085720
117.0,4,08:06:47.835584178
117.0,4,08:06:47.928242550
117.0,4,08:06:47.952915948
117.0,12,08:06:48.022160186
117.0,1,08:06:48.022269147
117.0,6,08:06:48.022288626
117.0,1,08:06:48.022288626
117.0,3,08:06:48.022288626
117.0,7,08:06:48.022288626
117.0,3,08:06:48.022488904
117.0,2,08:06:48.024033286
117.0,1,08:06:48.024033286
117.0,1,08:06:48.024108227
117.0,4,08:06:48.054630815
117.0,2,08:06:48.080653889
117.0,1,08:06:48.080742552
117.0,1,08:06:48.080757855
117.0,4,08:06:48.135036797
117.0,1,08:06:48.224445915
117.0,3,08:06:48.224445915
117.0,1,08:06:48.264181675
117.0,3,08:06:48.264249041
117.0,1,08:06:48.412416106
117.0,3,08:06:48.412478483
117.0,2,08:06:48.434904756
117.0,2,08:06:48.488723348
117.0,2,08:06:48.488786854
117.0,1,08:06:48.488903149
117.0,2,08:06:48.488903149
117.0,2,08:06:48.488918102
117.0,1,08:06:48.489017056
117.0,2,08:06:48.516778271
117.0,2,08:06:48.888507653
117.0,3,08:06:48.888507653
117.01,4,08:06:49.667123508
117.01,1,08:06:49.956578387
117.01,4,08:06:49.956767036
117.01,2,08:06:49.957187852
117.01,3,08:06:49.957370552
117.01,1,08:06:49.957384895
117.01,6,08:06:49.957406223
117.01,49,08:06:49.957406223
117.01,1,08:06:49.957406223
117.01,3,08:06:49.957406223
117.01,2,08:06:49.957429493
117.01,3,08:06:49.957429493
117.01,4,08:06:49.957429493
117.01,1,08:06:49.957857153
117.01,1,08:06:49.971519870
117.01,4,08:06:49.971638413
117.01,19,08:06:49.971657443
117.01,9,08:06:49.971657443
117.01,1,08:06:49.971657443
117.01,8,08:06:49.971657443
117.01,1,08:06:49.971674832
117.01,3,08:06:49.971674832
117.01,3,08:06:49.971884523
117.01,1,08:06:49.972004362
117.01,1,08:06:49.972218551
117.01,2,08:06:49.972337438
117.01,1,08:06:49.972451837
117.01,2,08:06:49.972451837
117.01,1,08:06:49.972716809
117.01,3,08:06:49.972716809
117.01,4,08:06:49.972716809
117.01,3,08:06:49.972833345
117.01,1,08:06:49.983469974
117.01,1,08:06:49.983832683
117.01,1,08:06:50.085719715
117.02,1,08:06:51.087213582
117.02,1,08:06:51.087293231
117.02,2,08:06:51.087293231
117.01,6,08:06:52.225264541
117.01,1,08:06:52.225414752
117.01,7,08:06:52.225431264
117.01,1,08:06:52.225431264
117.01,1,08:06:52.225451206
117.01,2,08:06:52.225451206
117.01,1,08:06:52.226110370
117.01,4,08:06:52.226587499
117.01,1,08:06:52.226682997
117.01,1,08:06:52.328841528
117.01,1,08:06:52.328914612
117.01,1,08:06:52.470345715
117.01,1,08:06:53.217601605
117.01,1,08:06:53.220378293
117.01,2,08:06:53.220459137
117.01,1,08:06:53.220802225
117.01,3,08:06:53.220802225
117.01,4,08:06:53.221139083
117.01,4,08:06:55.870820977
117.01,7,08:06:55.870820977
117.01,2,08:06:55.870820977
117.01,2,08:06:59.470190021
117.01,1,08:06:59.472224621
117.01,4,08:06:59.472242733
117.01,4,08:06:59.523655075
117.01,2,08:06:59.544593752
117.01,1,08:06:59.546407862
117.01,3,08:06:59.546484995
117.01,1,08:06:59.565605341
117.01,2,08:06:59.570721080
117.01,1,08:06:59.668811159
117.01,2,08:06:59.790059331
117.01,1,08:06:59.790157529
117.01,1,08:06:59.790171567
117.01,2,08:06:59.862792749
117.01,2,08:06:59.892780938
117.01,4,08:07:00.938919805
117.01,4,08:07:01.158530517
117.01,3,08:07:01.258161487
117.01,1,08:07:01.258161487
117.01,2,08:07:01.258571699
117.01,3,08:07:01.258725109
117.01,1,08:07:01.258739781
117.01,5,08:07:01.258984085
117.01,2,08:07:01.258984085
117.01,1,08:07:01.259010482
117.01,2,08:07:01.259010482
117.01,4,08:07:01.259010482
117.01,1,08:07:01.259121132
117.01,4,08:07:01.446716172
117.01,1,08:07:01.446807469
117.01,1,08:07:01.447206399
117.01,6,08:07:01.447206399
117.01,2,08:07:01.447374713
117.01,1,08:07:01.447476319
117.01,1,08:07:01.447624520
117.01,2,08:07:01.447624520
117.01,1,08:07:01.447815766
117.01,4,08:07:01.831429502
117.01,1,08:07:01.831860749
117.01,2,08:07:01.831880329
117.01,4,08:07:02.604315095
117.01,1,08:07:02.604401796
117.01,4,08:07:12.652307541
117.01,1,08:07:22.166062675
117.01,1,08:07:22.816624034
117.01,1,08:07:27.517686610
117.01,3,08:07:27.517701202
117.01,4,08:07:27.517867166
117.01,1,08:07:27.517867166
117.01,2,08:07:27.517998728
117.01,1,08:07:27.517998728
117.01,1,08:07:27.518014942
117.01,1,08:07:27.652783674
117.02,2,08:07:33.102610830
117.02,1,08:07:33.102610830
117.01,15,08:07:35.097905015
117.01,1,08:07:35.097927261
117.01,2,08:07:35.097942109
117.01,1,08:07:35.097942109
117.01,3,08:07:35.097942109
117.01,3,08:07:35.098292316
117.01,1,08:07:35.098307352
117.01,4,08:07:35.098307352
117.01,1,08:07:35.098342623
117.01,3,08:07:35.098342623
117.01,8,08:07:35.098373869
117.01,1,08:07:35.098373869
117.01,7,08:07:35.098373869
117.01,3,08:07:35.098680246
117.01,5,08:07:35.109731298
117.0,1,08:07:40.275394274
117.0,2,08:07:40.275459278
117.01,1,08:07:58.166147425
117.01,1,08:08:15.017068331
117.0,1,08:08:15.590938036
117.0,1,08:08:15.591209054
117.0,2,08:08:15.613204201
117.0,6,08:08:15.613221231
117.0,2,08:08:15.613495765
117.0,1,08:08:15.613495765
117.0,2,08:08:15.613628297
117.0,3,08:08:15.613644671
117.0,1,08:08:15.613644671
117.0,1,08:08:15.613659247
117.0,2,08:08:15.763717418
117.0,1,08:08:15.763814874
117.0,1,08:08:15.809759970
117.0,3,08:08:15.809759970
117.0,2,08:08:15.969480391
117.0,1,08:08:15.969788382
117.0,1,08:08:15.969901355
117.0,1,08:08:15.969917873
117.0,2,08:08:15.970147799
117.0,3,08:08:15.970147799
117.0,1,08:08:17.055779169
117.01,4,08:08:17.079143490
117.0,1,08:08:20.267054125
117.0,4,08:08:20.267150000
117.0,2,08:08:20.267167513
117.0,1,08:08:20.267167513
117.0,4,08:08:26.209419663
117.0,2,08:08:26.209500223
117.0,1,08:08:26.209623087
117.0,1,08:08:26.209804726
117.0,4,08:08:26.209804726
117.0,2,08:08:26.261114434
117.0,4,08:08:26.310593272
117.0,1,08:08:26.374252992
117.0,3,08:08:29.745459954
117.0,1,08:08:29.745473477
117.0,1,08:08:29.745550673
117.0,1,08:08:29.745831700
117.0,1,08:08:29.746065070
117.0,2,08:08:29.746452337
117.0,1,08:08:29.746787370
117.0,1,08:08:30.275309139
117.0,1,08:08:32.247774932
117.0,3,08:08:32.247788512
117.0,3,08:08:32.247880944
117.0,1,08:08:32.248624538
117.0,1,08:08:32.251698532
117.0,1,08:08:49.016539333
117.0,1,08:09:06.015778728
117.0,1,08:09:09.120210689
117.0,2,08:09:09.120291678
116.99,1,08:09:22.420345581
116.99,2,08:09:22.420570535
116.99,1,08:09:22.420847910
116.99,1,08:09:22.420955225
116.99,1,08:09:22.421153199
116.99,10,08:09:22.421343097
116.99,3,08:09:22.421568911
116.99,10,08:09:22.421665241
117.0,1,08:09:23.016837760
117.0,1,08:09:23.804195919
117.0,2,08:09:23.804215467
117.0,1,08:09:23.804215467
117.0,1,08:09:23.804235506
117.0,3,08:09:23.804235506
117.0,1,08:09:23.804587229
117.0,1,08:09:23.805117640
117.0,1,08:09:23.808651486
117.0,1,08:09:23.808730948
117.0,1,08:09:23.822572033
117.0,3,08:09:23.833173991
117.0,1,08:09:23.833482481
117.0,2,08:09:23.833673930
117.0,1,08:09:25.014324769
117.0,1,08:09:25.014469818
117.0,2,08:09:25.014485998
117.0,3,08:09:25.014485998
117.0,1,08:09:25.014500612
117.0,1,08:09:25.014514512
117.0,10,08:09:25.014514512
117.0,5,08:09:25.014529811
117.0,2,08:09:25.024879515
117.0,1,08:09:25.044132226
117.01,3,08:09:28.987555122
117.01,3,08:09:29.000396102
117.01,1,08:09:30.048578384
117.01,2,08:09:30.048813414
117.01,1,08:09:30.048922752
117.01,1,08:09:30.049027654
117.01,1,08:09:30.049043437
117.01,2,08:09:30.049144861
117.01,3,08:09:30.049321174
117.01,9,08:09:30.049428835
117.01,6,08:09:30.049650994
117.01,1,08:09:30.049853535
117.01,1,08:09:30.049877653
117.01,3,08:09:30.049877653
117.01,7,08:09:30.049919167
117.01,1,08:09:30.049919167
117.01,6,08:09:30.049919167
117.01,3,08:09:30.049919167
117.01,11,08:09:30.050370562
117.02,4,08:09:30.149344165
117.02,3,08:09:31.167038081
117.02,1,08:09:31.167116718
117.02,4,08:09:31.993939728
117.01,2,08:09:32.483642347
117.01,3,08:09:32.483998196
117.01,1,08:09:32.484153741
117.01,1,08:09:32.484172320
117.01,4,08:09:39.791212441
117.01,1,08:09:39.791334962
117.01,3,08:09:39.791349929
117.01,1,08:09:39.792181250
117.01,3,08:09:39.804312487
117.01,1,08:09:39.804403229
117.01,1,08:09:40.449894550
117.01,1,08:09:40.450205474
117.01,1,08:09:44.839912742
117.01,3,08:09:49.491684781
117.01,1,08:09:49.491783420
117.01,1,08:09:49.491954966
117.01,2,08:09:49.494960183
117.01,1,08:09:49.496097401
117.01,1,08:09:55.965142224
117.01,1,08:09:55.965601654
117.01,1,08:09:55.965715443
117.01,1,08:09:55.966020060
117.01,1,08:09:55.966294764
117.02,1,08:09:59.606389477
117.02,2,08:09:59.606405259
117.02,7,08:09:59.606649204
117.02,2,08:09:59.606806167
117.02,1,08:09:59.606806167
117.02,3,08:09:59.606821240
117.02,35,08:09:59.606821240
117.02,1,08:09:59.606821240
117.02,1,08:09:59.606947865
117.02,1,08:09:59.606967808
117.02,1,08:09:59.617596865
117.02,4,08:09:59.617708289
117.02,20,08:09:59.617708289
117.02,3,08:09:59.617737194
117.02,1,08:09:59.617737194
117.02,2,08:09:59.617737194
117.02,5,08:09:59.672065167
117.02,1,08:09:59.672081061
117.02,1,08:09:59.682734540
117.02,5,08:09:59.682845304
117.02,3,08:09:59.682869702
117.02,1,08:09:59.682869702
117.02,6,08:09:59.682869702
117.02,4,08:09:59.696353305
117.02,4,08:09:59.773139308
117.02,4,08:09:59.845643460
117.02,4,08:09:59.942141807
117.02,22,08:09:59.942459850
117.02,4,08:10:00.019069253
117.02,1,08:10:00.019538398
117.02,1,08:10:00.019643393
117.02,4,08:10:00.105474325
117.02,2,08:10:00.185817299
117.02,1,08:10:00.185893759
117.02,4,08:10:00.337842145
117.02,4,08:10:00.435647086
117.02,4,08:10:00.512982295
117.02,4,08:10:00.593291575
117.02,4,08:10:00.679868294
117.02,4,08:10:00.702341975
117.02,4,08:10:00.776518231
117.02,4,08:10:00.799037353
117.02,4,08:10:00.869866442
117.02,4,08:10:00.900960643
117.02,4,08:10:00.967124838
117.02,4,08:10:00.994748223
117.02,14,08:10:00.995046889
117.02,3,08:10:00.995046889
117.02,2,08:10:00.995173343
117.02,1,08:10:00.995193922
117.02,3,08:10:00.995193922
117.03,3,08:10:02.191412811
117.03,1,08:10:02.191412811
117.03,3,08:10:02.191796733
117.03,2,08:10:02.191921094
117.03,3,08:10:02.191921094
117.03,4,08:10:02.191943024
117.03,10,08:10:02.191943024
117.03,7,08:10:02.191943024
117.03,2,08:10:02.191943024
117.03,9,08:10:02.191943024
117.02,4,08:10:02.380827266
117.02,1,08:10:02.380927333
117.02,1,08:10:02.380941263
117.02,3,08:10:02.380941263
117.03,1,08:10:03.564101505
117.03,7,08:10:03.564320286
117.03,1,08:10:03.564334193
117.03,1,08:10:03.564586365
117.03,1,08:10:03.564600884
117.03,1,08:10:03.564615172
117.03,2,08:10:03.564713642
117.03,1,08:10:03.565139569
117.03,1,08:10:03.591336965
117.03,2,08:10:03.591780838
117.03,2,08:10:03.761388421
117.03,1,08:10:03.761493019
117.03,2,08:10:03.761510762
117.03,4,08:10:03.761510762
117.03,1,08:10:03.761510762
117.03,1,08:10:03.762096484
117.03,1,08:10:03.762202099
117.03,8,08:10:05.725372989
117.03,1,08:10:05.725452879
117.03,2,08:10:05.726318822
117.03,2,08:10:05.729252671
117.03,4,08:10:05.729252671
117.03,1,08:10:05.729356194
117.03,1,08:10:05.729506008
117.03,1,08:10:05.729629551
117.03,1,08:10:05.729784575
117.03,1,08:10:05.729878230
117.03,1,08:10:07.657806921
117.03,8,08:10:07.658007646
117.03,1,08:10:07.658021791
117.03,3,08:10:07.658021791
117.03,2,08:10:07.658021791
117.03,11,08:10:07.658169672
117.03,1,08:10:07.658187784
117.03,3,08:10:07.658187784
117.03,2,08:10:07.658187784
117.03,5,08:10:07.658187784
117.02,1,08:10:07.658455988
117.02,2,08:10:07.658470405
117.02,7,08:10:07.658470405
117.02,15,08:10:07.658484837
117.02,3,08:10:07.658484837
117.02,2,08:10:07.658497953
117.02,2,08:10:07.658551813
117.02,1,08:10:07.658551813
117.02,1,08:10:07.658565675
117.02,4,08:10:07.658579637
117.02,2,08:10:07.658579637
117.02,2,08:10:07.658592743
117.02,1,08:10:07.658820696
117.02,1,08:10:07.658851470
117.02,13,08:10:07.658851470
117.02,3,08:10:07.658851470
117.02,1,08:10:08.369404864
117.02,1,08:10:08.369579843
117.02,3,08:10:08.369608451
117.02,2,08:10:08.369608451
117.02,5,08:10:08.369608451
117.02,1,08:10:08.369608451
117.02,10,08:10:08.369623190
117.02,2,08:10:08.369623190
117.02,7,08:10:08.369623190
117.02,1,08:10:08.369623190
117.02,9,08:10:08.369623190
117.02,9,08:10:08.369768546
117.02,4,08:10:08.369782642
117.02,6,08:10:08.369804307
117.02,10,08:10:08.369804307
117.02,4,08:10:08.369819561
117.02,4,08:10:08.369833183
117.02,3,08:10:08.369858483
117.02,4,08:10:08.457619309
117.02,4,08:10:08.480168556
117.02,1,08:10:08.557711966
117.02,3,08:10:08.557778599
117.02,2,08:10:08.557914535
117.02,1,08:10:08.558011328
117.02,1,08:10:08.558264983
117.02,2,08:10:08.558264983
117.02,3,08:10:08.558264983
117.02,4,08:10:08.599024839
117.02,1,08:10:08.694319532
117.02,2,08:10:08.694409126
117.02,1,08:10:08.694409126
117.02,5,08:10:08.723304155
117.02,2,08:10:08.765691578
117.02,5,08:10:08.765790633
117.02,1,08:10:08.765806451
117.02,4,08:10:08.901624098
117.02,1,08:10:08.924136663
117.02,3,08:10:08.924204364
117.02,1,08:10:09.055423379
117.02,1,08:10:09.055499204
117.02,2,08:10:09.077997691
117.02,1,08:10:09.078088793
117.01,3,08:10:18.730154092
117.01,2,08:10:18.730285286
117.01,1,08:10:18.730300924
117.01,3,08:10:18.730300924
117.01,1,08:10:18.730316984
117.01,1,08:10:18.735905879
117.01,5,08:10:18.736009108
117.01,2,08:10:18.736256902
117.01,1,08:10:18.736256902
117.01,1,08:10:22.145513281
117.01,1,08:10:22.145738782
117.01,2,08:10:22.145918490
117.01,2,08:10:22.145934717
117.01,3,08:10:22.145934717
117.01,2,08:10:22.145950381
117.01,3,08:10:22.145950381
117.01,2,08:10:22.145969741
117.01,1,08:10:22.145969741
117.01,5,08:10:22.145991654
117.01,3,08:10:22.145991654
117.01,3,08:10:22.158422725
117.01,1,08:10:22.171247051
117.01,9,08:10:22.474487153
117.01,1,08:10:22.474742340
117.01,3,08:10:22.475130452
117.01,1,08:10:22.475241079
117.01,2,08:10:22.625581366
117.01,3,08:10:22.625790713
117.01,1,08:10:24.786997792
117.01,2,08:10:24.820591812
117.01,3,08:10:24.820826640
117.01,3,08:10:26.438511103
117.01,2,08:10:26.654802067
117.01,6,08:10:26.655029671
117.01,1,08:10:26.655302796
117.01,2,08:10:40.987258890
117.01,8,08:10:40.987570985
117.01,1,08:10:40.987680384
117.01,1,08:10:40.998781518
117.01,1,08:10:40.998877692
117.01,1,08:10:40.999069052
117.01,7,08:10:40.999356005
117.01,5,08:10:41.000402509
117.01,1,08:10:41.071871302
117.0,10,08:10:50.779930419
117.0,2,08:10:50.780119100
117.0,3,08:10:50.780119100
117.0,1,08:10:50.780441388
117.0,6,08:10:50.780441388
117.0,3,08:10:50.780614053
117.0,2,08:10:50.780627555
117.0,1,08:10:50.780627555
117.0,7,08:10:50.780649715
117.0,1,08:10:50.780649715
117.0,2,08:10:50.780799871
117.0,15,08:10:50.780836140
117.0,8,08:10:50.780836140
117.0,2,08:10:50.780836140
117.0,1,08:10:50.781313129
117.0,1,08:10:50.781444161
117.0,2,08:10:50.781444161
117.0,1,08:10:50.781899124
117.0,1,08:10:50.782098778
117.0,1,08:10:50.784858114
117.0,1,08:10:50.784973934
117.0,1,08:10:50.785092043
117.0,1,08:10:50.786513280
117.0,1,08:10:50.786629786
117.0,5,08:10:50.791104783
117.01,2,08:11:00.282841828
117.01,1,08:11:00.282841828
117.0,1,08:11:15.028428863
117.0,1,08:11:28.501058707
117.0,1,08:11:28.501237135
117.0,1,08:11:28.501270635
117.0,4,08:11:28.501270635
117.0,1,08:11:28.501289759
117.0,11,08:11:28.501289759
117.0,7,08:11:28.501289759
117.0,1,08:11:28.514121893
117.0,2,08:11:28.514121893
117.0,1,08:11:28.514414584
117.0,1,08:11:28.514494764
117.0,1,08:11:32.202413064
117.0,1,08:11:45.028640943
117.01,2,08:12:00.275887408
117.01,1,08:12:00.275887408
117.01,1,08:12:00.275979514
117.01,3,08:12:00.275979514
117.01,1,08:12:00.370290808
117.01,1,08:12:00.370306609
117.01,1,08:12:00.370525287
117.01,1,08:12:00.370634974
117.01,2,08:12:00.370634974
117.01,5,08:12:00.370651300
117.01,1,08:12:00.400873562
117.01,1,08:12:08.747680396
117.02,3,08:12:12.697314215
117.02,5,08:12:12.697314215
117.02,1,08:12:12.697314215
117.02,1,08:12:12.697449258
117.02,1,08:12:12.698113260
117.02,8,08:12:12.698113260
117.02,1,08:12:12.698137561
117.02,2,08:12:12.698137561
117.02,1,08:12:12.708630581
117.02,2,08:12:12.708767377
117.02,3,08:12:12.708784507
117.02,4,08:12:12.708784507
117.02,2,08:12:12.708805573
117.02,1,08:12:12.708805573
117.02,4,08:12:12.719975466
117.02,2,08:12:12.720100082
117.02,1,08:12:12.720115154
117.02,3,08:12:12.720115154
117.02,3,08:12:12.720130235
117.02,4,08:12:12.720130235
117.02,5,08:12:12.720130235
117.02,2,08:12:12.720481757
117.02,1,08:12:12.722782128
117.02,1,08:12:12.736007129
117.02,2,08:12:12.884117708
117.02,4,08:12:22.183953012
117.02,1,08:12:27.728452758
117.02,3,08:12:29.117697548
117.02,12,08:12:29.161766253
117.02,1,08:12:29.161892512
117.02,2,08:12:29.161921517
117.02,1,08:12:29.161921517
117.02,1,08:12:29.172632057
117.02,1,08:12:29.172726901
117.02,1,08:12:29.172745736
117.02,3,08:12:29.183447719
117.02,13,08:12:36.960636049
117.02,1,08:12:36.960636049
117.02,1,08:12:36.960803236
117.02,1,08:12:36.960822107
117.02,2,08:12:36.961056273
117.02,1,08:12:36.961072836
117.02,14,08:12:36.961072836
117.02,2,08:12:36.961195718
117.02,1,08:12:36.961228711
117.02,14,08:12:36.961228711
117.02,3,08:12:36.961620375
117.02,6,08:12:38.249654926
117.02,11,08:12:38.251065945
117.02,1,08:12:38.251088572
117.02,11,08:12:38.251088572
117.02,10,08:12:38.251190754
117.02,4,08:12:38.251352210
117.02,2,08:12:38.251463942
117.02,4,08:12:38.251790994
117.02,1,08:12:38.252878833
117.02,3,08:12:38.373003062
117.02,10,08:12:41.721592123
117.02,1,08:12:41.721619439
117.02,14,08:12:41.721619439
117.02,3,08:12:41.721633310
117.02,2,08:12:41.721633310
117.02,4,08:12:41.722010376
117.02,2,08:12:41.722010376
117.01,6,08:12:41.722024276
117.01,1,08:12:41.722047089
117.01,2,08:12:41.722047089
117.01,1,08:12:41.722060526
117.01,2,08:12:41.722075144
117.01,1,08:12:41.722075144
117.01,1,08:12:41.722108094
117.01,15,08:12:41.722122193
117.01,1,08:12:41.722122193
117.01,1,08:12:41.722136992
117.01,2,08:12:41.722136992
117.01,13,08:12:41.722136992
117.01,4,08:12:41.722159287
117.01,10,08:12:41.722159287
117.01,7,08:12:42.222471867
117.01,1,08:12:42.222579355
117.01,1,08:12:42.222608328
117.01,10,08:12:42.222608328
117.01,16,08:12:42.222608328
117.0,9,08:12:42.519241458
117.0,1,08:12:42.519542538
117.0,1,08:12:42.556053543
117.0,1,08:12:42.580847951
117.0,1,08:12:42.581020575
117.0,1,08:12:42.581229551
117.0,1,08:12:42.581244491
117.0,1,08:12:42.581745972
117.0,5,08:12:42.582053863
117.0,1,08:12:42.582202228
117.0,2,08:12:42.582653498
117.0,3,08:12:42.582880314
117.0,2,08:12:42.582986525
116.99,3,08:12:52.291281639
116.99,5,08:12:52.291539527
116.99,1,08:12:52.292221222
116.99,1,08:12:52.534588462
117.0,1,08:12:57.728453668
117.0,1,08:13:12.726189850
116.99,1,08:13:16.858252321
116.99,1,08:13:16.858404673
116.99,1,08:13:16.858500958
116.99,2,08:13:16.858830871
116.99,13,08:13:16.858930363
116.99,10,08:13:18.344876185
116.99,31,08:13:20.860615065
116.99,1,08:13:20.860700886
116.99,1,08:13:20.861098597
116.99,9,08:13:20.861098597
116.99,1,08:13:20.861278814
116.99,1,08:13:20.861298632
116.99,1,08:13:20.861449608
116.98,1,08:13:20.862886912
116.98,1,08:13:20.862904454
116.98,1,08:13:20.863033917
116.98,2,08:13:20.863033917
116.99,2,08:13:20.871885348
116.99,20,08:13:20.871991018
116.99,1,08:13:20.872014596
116.99,1,08:13:20.901497379
116.99,2,08:13:21.044831059
116.99,1,08:13:21.124988426
117.0,1,08:13:33.346968714
117.0,1,08:13:33.347093945
117.0,7,08:13:33.347110582
117.0,2,08:13:33.347110582
117.0,1,08:13:33.347110582
117.0,3,08:13:33.347312771
117.0,4,08:13:33.347332704
117.0,9,08:13:33.358290511
117.0,1,08:13:33.358371758
117.0,1,08:13:33.755013072
117.0,1,08:13:33.755041126
117.0,2,08:13:33.755041126
117.0,1,08:13:33.755056663
117.0,1,08:13:40.265212971
117.0,2,08:13:40.265227963
117.0,3,08:13:40.265227963
117.0,5,08:13:40.265227963
117.0,1,08:13:40.275940074
117.0,1,08:13:42.728520387
116.99,20,08:13:44.316313171
116.99,1,08:13:44.316658411
116.99,2,08:13:44.316658411
116.99,1,08:13:44.316808421
116.99,1,08:13:44.316835596
116.99,18,08:13:44.327290712
116.99,1,08:13:44.327379131
116.99,3,08:13:44.498936674
116.99,1,08:13:44.498950376
116.99,1,08:13:44.499052052
116.99,3,08:13:44.499070507
116.99,10,08:13:44.499070507
116.98,1,08:13:44.651385338
116.99,1,08:13:44.679194084
116.99,3,08:13:44.696974013
116.99,1,08:13:44.696974013
116.99,1,08:13:51.353719255
116.99,2,08:13:51.354055165
116.99,1,08:13:51.354055165
116.99,1,08:13:51.727245299
116.99,1,08:13:51.738441536
116.99,1,08:13:51.738556163
116.99,1,08:13:55.613242197
116.99,1,08:13:55.613255813
116.99,2,08:13:55.613357875
116.99,1,08:13:55.613380450
116.99,3,08:13:55.613380450
116.98,1,08:14:01.959580170
116.99,2,08:14:10.229326094
116.99,1,08:14:10.229529655
116.99,2,08:14:10.229543047
116.99,2,08:14:10.229630973
116.99,1,08:14:10.229649610
116.98,1,08:14:10.872577836
116.98,1,08:14:10.872598988
116.98,3,08:14:10.872598988
116.98,2,08:14:10.873126025
116.98,1,08:14:10.873150968
116.98,5,08:14:10.874387806
116.98,1,08:14:19.211223948
116.99,1,08:14:27.728167583
116.99,1,08:14:31.743097555
116.99,1,08:14:31.743298067
116.99,1,08:14:31.743315644
116.99,2,08:14:31.743315644
116.99,1,08:14:31.743541608
116.99,1,08:14:31.743670754
116.99,1,08:14:31.801602379
117.0,1,08:14:42.728863058
117.0,5,08:14:44.963976440
117.0,3,08:14:44.964127658
117.0,1,08:14:44.964146922
117.01,1,08:14:51.259383365
117.0,1,08:14:54.760407836
117.0,1,08:14:54.760542947
117.0,1,08:14:54.760556044
117.0,2,08:14:54.760633535
117.0,2,08:14:54.854357069
116.98,1,08:14:57.585897569
116.98,6,08:14:57.585992337
116.98,3,08:14:57.586007090
116.97,1,08:14:57.597721725
116.97,4,08:14:57.597721725
116.97,1,08:14:57.597737514
116.97,3,08:14:57.597737514
116.97,5,08:14:57.597737514
116.96,3,08:14:57.599090136
116.98,5,08:15:00.036122100
116.98,1,08:15:00.036122100
116.98,3,08:15:00.036250452
116.98,3,08:15:00.036274238
116.98,1,08:15:00.036274238
116.99,5,08:15:00.042582869
116.99,1,08:15:00.042735465
116.99,1,08:15:00.042763248
116.99,45,08:15:00.042763248
116.99,3,08:15:00.042763248
117.0,1,08:15:00.043982089
117.0,3,08:15:00.044181184
117.0,3,08:15:00.044214451
117.0,2,08:15:00.044214451
117.0,5,08:15:00.044214451
117.0,8,08:15:00.044798588
117.01,1,08:15:00.045596731
117.01,1,08:15:00.045787250
117.01,5,08:15:00.045787250
117.01,1,08:15:00.045806558
117.01,3,08:15:00.045806558
117.01,12,08:15:00.046550003
117.01,12,08:15:00.046658816
117.01,17,08:15:00.046774948
117.02,1,08:15:00.097150991
117.02,3,08:15:00.097241638
117.04,1,08:15:00.118593979
117.02,5,08:15:00.164877326
117.03,1,08:15:00.201045106
117.03,1,08:15:00.201138276
117.03,1,08:15:00.214604507
117.06,13,08:15:01.024602902
117.08,1,08:15:02.323940379
117.08,2,08:15:02.323956104
117.08,1,08:15:02.350116976
117.05,1,08:15:03.065370442
117.05,7,08:15:03.065370442
117.05,5,08:15:03.065370442
117.05,4,08:15:03.065385722
117.05,1,08:15:03.065385722
117.04,1,08:15:03.067025001
117.02,1,08:15:03.081275714
117.02,2,08:15:03.081275714
117.01,8,08:15:03.135411925
117.0,1,08:15:03.135645554
117.0,3,08:15:03.135645554
117.01,1,08:15:04.500549648
116.99,1,08:15:05.602311264
116.98,7,08:15:06.201436145
116.98,1,08:15:06.201436145
116.98,18,08:15:06.201436145
116.99,1,08:15:06.226677145
116.96,1,08:15:06.434235956
116.95,4,08:15:06.454767421
116.95,2,08:15:06.454872979
116.95,4,08:15:06.454889014
116.95,5,08:15:06.454889014
116.94,3,08:15:06.494811760
116.93,6,08:15:06.881059814
116.93,8,08:15:06.881177545
116.94,1,08:15:06.949846128
116.94,3,08:15:06.949859769
116.94,1,08:15:06.961542154
116.94,2,08:15:06.961542154
116.95,5,08:15:06.961890436
116.95,1,08:15:06.961903613
116.95,2,08:15:06.962006247
116.95,1,08:15:06.962028231
116.97,1,08:15:07.749547781
116.97,1,08:15:07.750066539
116.97,2,08:15:07.750086715
116.99,2,08:15:08.755459680
117.0,2,08:15:08.770050079
116.99,1,08:15:08.772831940
116.99,5,08:15:09.023126287
116.99,1,08:15:09.023222254
116.99,1,08:15:09.023240213
116.99,2,08:15:09.521464053
116.98,1,08:15:09.521897557
116.98,1,08:15:09.521986325
116.98,1,08:15:10.383269390
116.97,1,08:15:10.393324795
116.97,5,08:15:10.393339515
116.98,1,08:15:10.989655039
116.98,1,08:15:10.989770014
116.98,2,08:15:10.989770014
116.98,7,08:15:10.997884505
116.98,5,08:15:10.997977702
116.98,1,08:15:10.998203997
116.98,2,08:15:11.158643852
116.98,1,08:15:11.158717704
116.97,1,08:15:12.336944740
116.96,4,08:15:12.422624771
116.96,16,08:15:13.150275553
116.95,1,08:15:13.151958522
116.95,2,08:15:13.155292239
116.95,1,08:15:13.155364142
116.95,9,08:15:13.155539971
116.94,1,08:15:13.169347548
116.94,1,08:15:14.133470331
116.94,14,08:15:14.179820649
116.95,1,08:15:14.468598366
116.94,1,08:15:15.010379645
116.94,5,08:15:15.010710966
116.94,1,08:15:15.010725503
116.94,4,08:15:15.010725503
116.94,2,08:15:15.133151403
116.94,1,08:15:15.133151403
116.94,1,08:15:16.009231910
116.95,5,08:15:17.750447556
116.95,1,08:15:17.750803783
116.95,9,08:15:17.750803783
116.94,1,08:15:18.739243702
116.94,2,08:15:18.739266979
116.94,1,08:15:18.739266979
116.94,9,08:15:18.739266979
116.94,1,08:15:18.739659695
116.95,1,08:15:19.160862191
116.96,1,08:15:20.725176943
116.96,1,08:15:20.725264482
116.96,1,08:15:21.506576534
116.97,1,08:15:22.156994467
116.97,1,08:15:22.157127958
116.97,2,08:15:22.157147936
116.97,4,08:15:22.157147936
116.97,3,08:15:22.157147936
116.97,1,08:15:22.157166813
116.97,13,08:15:22.157166813
116.97,3,08:15:22.157166813
116.97,20,08:15:22.157490513
116.96,1,08:15:22.158706859
116.96,1,08:15:22.159300579
116.97,1,08:15:26.726450283
116.97,1,08:15:26.726717620
116.97,2,08:15:26.726821140
116.97,1,08:15:26.726965629
116.97,1,08:15:26.727525264
116.97,1,08:15:30.151332907
116.97,1,08:15:30.151426843
116.96,1,08:15:30.302225395
116.96,3,08:15:30.302225395
116.96,1,08:15:30.302243216
116.96,2,08:15:30.302243216
116.95,1,08:15:32.480301590
116.95,1,08:15:32.480379081
116.95,9,08:15:32.480494438
116.95,1,08:15:32.480494438
116.95,1,08:15:32.584117192
116.94,1,08:15:33.068924773
116.94,1,08:15:33.068939006
116.94,1,08:15:33.069252584
116.94,16,08:15:33.069385159
116.94,4,08:15:33.069402765
116.94,1,08:15:33.097352954
116.94,2,08:15:33.336409228
116.94,1,08:15:33.987431306
116.95,1,08:15:37.643466675
116.95,1,08:15:37.643560039
116.95,1,08:15:37.644985121
116.96,1,08:15:38.017064230
116.96,1,08:15:38.017582808
116.97,2,08:15:40.388327801
116.97,2,08:15:40.388394790
116.98,1,08:15:40.964353750
116.98,1,08:15:40.998998345
116.98,1,08:15:40.999082889
116.97,21,08:15:41.461292973
116.97,2,08:15:42.279028482
116.97,1,08:15:42.279028482
116.97,1,08:15:44.553216006
116.97,1,08:15:44.553235228
116.97,2,08:15:45.762180742
116.97,1,08:15:45.762180742
116.97,1,08:15:45.769668156
116.97,2,08:15:45.789005151
116.98,1,08:15:48.840138864
116.98,2,08:15:48.840138864
116.98,1,08:15:48.902310806
116.98,2,08:15:48.902487439
116.98,2,08:15:48.902511433
116.98,1,08:15:48.902511433
116.98,1,08:15:48.902536592
116.98,9,08:15:48.902536592
116.98,3,08:15:49.005270438
116.98,15,08:15:49.053112603
116.98,1,08:15:49.053194078
116.97,5,08:15:50.605691576
116.97,1,08:15:50.605691576
116.97,2,08:15:50.605952933
116.97,1,08:15:50.606067615
116.97,1,08:15:50.763648603
116.97,1,08:15:54.493239179
116.97,2,08:15:54.493317105
116.97,2,08:16:02.463640497
116.97,2,08:16:02.464726855
116.97,1,08:16:02.465160032
116.97,1,08:16:03.863784987
116.97,1,08:16:05.086240314
116.98,1,08:16:05.809347603
116.98,1,08:16:05.809564278
116.98,1,08:16:05.809579220
116.98,1,08:16:05.809593869
116.98,1,08:16:05.809730221
116.99,1,08:16:05.838838017
116.99,2,08:16:05.839173234
116.99,1,08:16:05.840034904
116.99,1,08:16:05.860067906
116.99,1,08:16:05.878998388
116.99,1,08:16:05.951973793
116.99,1,08:16:06.050523507
116.99,1,08:16:07.491015254
116.99,1,08:16:07.491105668
116.99,1,08:16:07.491526479
116.99,1,08:16:07.491940907
116.98,2,08:16:10.803264677
116.99,1,08:16:13.866321806
116.99,1,08:16:13.866355037
116.99,2,08:16:13.866355037
116.99,1,08:16:13.866593232
116.98,1,08:16:15.041784407
116.98,4,08:16:15.041784407
116.97,1,08:16:15.188448421
116.97,1,08:16:16.500982115
116.97,1,08:16:16.506669985
116.97,1,08:16:16.518706305
116.97,1,08:16:16.518792143
116.97,1,08:16:16.802129452
116.97,2,08:16:16.802148527
116.98,1,08:16:16.802779243
116.98,5,08:16:16.802779243
116.98,1,08:16:16.802919349
116.98,1,08:16:16.803042097
116.98,1,08:16:16.803644164
116.98,1,08:16:16.803882714
116.98,1,08:16:16.805114880
116.98,1,08:16:16.805222323
116.98,1,08:16:16.805561007
116.98,1,08:16:16.805806018
116.98,1,08:16:16.806737095
116.98,1,08:16:16.806841985
116.98,4,08:16:16.807259367
116.98,1,08:16:17.455176076
116.98,2,08:16:17.455267830
116.98,1,08:16:17.455283430
116.98,1,08:16:17.833984466
116.98,1,08:16:17.834010809
116.98,2,08:16:23.721493505
116.98,1,08:16:29.773673299
116.99,1,08:16:31.704635184
116.99,2,08:16:31.704725916
116.99,1,08:16:52.735186789
116.99,14,08:16:52.735571089
116.99,1,08:16:52.735571089
116.99,1,08:16:52.735675754
116.99,1,08:16:52.735692528
116.98,2,08:17:00.218155841
116.98,1,08:17:03.144610441
116.98,1,08:17:03.144708208
116.98,2,08:17:03.144916931
116.98,2,08:17:03.171722883
116.98,1,08:17:04.877353372
116.98,1,08:17:05.062305770
116.98,1,08:17:05.853220211
116.97,2,08:17:07.419462624
116.97,1,08:17:07.419542896
116.98,1,08:17:08.302220672
116.98,1,08:17:08.302331267
116.98,1,08:17:08.302346374
116.98,3,08:17:08.302346374
116.98,1,08:17:08.315744704
116.98,1,08:17:12.321964073
116.98,2,08:17:12.321964073
116.98,1,08:17:12.321978399
116.98,3,08:17:12.321978399
116.98,2,08:17:12.321978399
116.98,1,08:17:12.322128185
116.98,2,08:17:12.322141958
116.98,2,08:17:12.322155420
116.98,1,08:17:12.323837931
116.98,1,08:17:16.057220273
116.98,1,08:17:16.057315738
116.98,1,08:17:16.057401728
116.98,2,08:17:16.057855005
116.98,1,08:17:16.058155251
116.98,2,08:17:16.058265727
116.99,1,08:17:28.473753295
116.99,2,08:17:28.473753295
116.99,1,08:17:28.473767110
116.99,1,08:17:28.473792102
116.99,3,08:17:28.473792102
116.99,1,08:17:28.595604120
116.98,1,08:17:29.269877673
116.99,2,08:17:29.762758145
116.99,1,08:17:33.437123284
116.99,1,08:17:33.437412215
116.99,3,08:17:33.437427469
116.99,1,08:17:33.499368583
117.0,1,08:17:33.524658556
117.0,2,08:17:33.525224302
117.0,2,08:17:33.525238213
117.0,1,08:17:33.525238213
117.0,1,08:17:33.525251211
117.0,1,08:17:33.525266872
117.0,1,08:17:39.643573706
117.0,1,08:17:39.643671443
117.0,2,08:17:39.643686778
117.0,1,08:17:39.644360779
117.01,1,08:17:39.696254332
117.01,1,08:17:39.696511281
117.01,1,08:17:39.696607784
117.01,2,08:17:39.701320948
117.01,1,08:17:39.701624135
117.01,1,08:17:39.701703933
117.01,2,08:17:39.763342454
117.01,1,08:17:39.763342454
117.01,2,08:17:39.763361290
117.01,1,08:17:39.764053119
117.01,1,08:17:39.764376214
117.01,2,08:17:41.312612317
117.01,2,08:17:41.312681385
117.01,1,08:17:47.521874202
117.01,1,08:17:47.524366795
117.01,2,08:17:47.524633109
117.01,3,08:17:47.524733400
117.02,1,08:17:53.130794253
117.02,24,08:17:53.130794253
117.02,1,08:17:53.130915005
117.02,1,08:17:53.130932944
117.02,3,08:17:53.130932944
117.02,1,08:17:53.130950189
117.02,4,08:17:53.141457027
117.02,4,08:17:53.676050232
117.02,1,08:17:53.676533793
117.02,4,08:17:53.676533793
117.02,2,08:17:53.676649739
117.02,1,08:17:53.676673799
117.02,1,08:17:53.687398319
117.02,2,08:17:53.687398319
117.02,1,08:17:53.687495536
117.02,4,08:17:53.687517085
117.02,7,08:17:53.687517085
117.02,1,08:17:53.687517085
117.02,1,08:17:53.687598852
117.02,2,08:17:53.687988854
117.02,1,08:17:53.698441292
117.02,5,08:17:53.698441292
117.02,1,08:17:53.698537489
117.02,1,08:17:53.698556046
117.02,12,08:17:53.699305240
117.02,1,08:17:53.709803719
117.02,5,08:17:53.709803719
117.02,3,08:17:53.709899943
117.02,7,08:17:53.709914846
117.02,3,08:17:53.709914846
117.02,1,08:17:53.828139385
117.02,1,08:17:53.832113317
117.02,1,08:17:53.832339135
117.02,1,08:17:53.841595161
117.02,1,08:17:53.841611359
117.02,2,08:17:53.865515343
117.02,2,08:17:54.114963415
117.02,1,08:17:54.114963415
117.02,1,08:17:54.115059521
117.02,1,08:17:54.155102778
117.02,1,08:18:08.177918035
117.02,1,08:18:08.178056256
117.02,1,08:18:08.178091040
117.02,1,08:18:08.178962073
117.02,2,08:18:08.178962073
117.02,1,08:18:08.178985932
117.02,1,08:18:08.179335586
117.02,1,08:18:08.179491715
117.02,1,08:18:08.179764059
117.02,1,08:18:08.180526660
117.02,2,08:18:08.185545055
117.02,4,08:18:11.610014340
117.02,3,08:18:11.610029610
117.02,1,08:18:11.610029610
117.02,1,08:18:11.610549734
117.02,2,08:18:11.610567087
117.02,1,08:18:11.610567087
117.02,2,08:18:13.550736266
117.02,1,08:18:13.550749182
117.02,4,08:18:26.322278213
117.02,1,08:18:26.322877070
117.02,1,08:18:26.322895230
117.02,1,08:18:27.244392079
117.03,1,08:18:30.461012640
117.03,1,08:18:30.461027405
117.03,1,08:18:30.461124995
117.03,1,08:18:30.859094990
117.03,1,08:18:32.910230460
117.03,1,08:18:32.910566709
117.03,2,08:18:40.319503807
117.03,1,08:18:46.175027077
117.03,1,08:18:46.175042334
117.03,1,08:18:46.179269047
117.03,1,08:18:46.179566061
117.03,2,08:18:46.179566061
117.03,4,08:18:46.180221754
117.04,1,08:19:00.047393792
117.04,1,08:19:00.047564951
117.04,1,08:19:00.047578787
117.04,2,08:19:00.047578787
117.04,1,08:19:00.062899349
117.04,1,08:19:00.093854607
117.04,1,08:19:00.145119067
117.04,1,08:19:00.145133329
117.05,6,08:19:00.177139688
117.05,7,08:19:00.177139688
117.05,4,08:19:00.177290380
117.05,1,08:19:00.177290380
117.05,3,08:19:00.177310713
117.05,1,08:19:00.177310713
117.05,5,08:19:00.177310713
117.05,2,08:19:00.187968649
117.05,1,08:19:00.187968649
117.05,13,08:19:00.196036452
117.05,1,08:19:00.206665216
117.05,23,08:19:00.208905208
117.05,1,08:19:00.219432491
117.05,6,08:19:00.232478455
117.05,3,08:19:00.232761704
117.05,7,08:19:00.233276206
117.05,7,08:19:00.243784045
117.05,1,08:19:00.243784045
117.05,1,08:19:00.243880352
117.04,1,08:19:01.659826828
117.04,1,08:19:01.659951141
117.04,1,08:19:01.659968568
117.04,2,08:19:01.659968568
117.04,1,08:19:01.660110710
117.04,3,08:19:01.660110710
117.04,1,08:19:02.578284466
117.04,1,08:19:02.578456649
117.04,1,08:19:02.579078040
117.04,1,08:19:03.124318204
117.04,1,08:19:03.437456994
117.04,1,08:19:08.847582579
117.03,1,08:19:08.875263218
117.03,1,08:19:08.875278888
117.03,1,08:19:08.875363774
117.03,1,08:19:08.875377886
117.03,2,08:19:08.875377886
117.04,1,08:19:09.144804891
117.04,3,08:19:09.162254506
117.03,1,08:19:14.049366143
117.03,1,08:19:14.049801412
117.03,7,08:19:14.049801412
117.03,1,08:19:14.049928922
117.03,1,08:19:14.049944353
117.03,2,08:19:14.049944353
117.03,1,08:19:19.814103146
117.03,2,08:19:19.814211003
117.03,1,08:19:19.814211003
117.03,1,08:19:25.864041891
117.03,2,08:19:25.864142668
117.03,1,08:19:25.864142668
117.03,2,08:19:25.865474205
117.03,1,08:19:25.865878359
117.03,1,08:19:26.143738423
117.04,1,08:19:32.796868947
117.04,1,08:19:32.797086310
117.04,1,08:19:32.797107874
117.04,1,08:19:32.799993962
117.04,2,08:19:32.803231948
117.04,2,08:19:32.804322751
117.04,1,08:19:32.804322751
117.04,3,08:19:32.812000190
117.04,4,08:19:32.813546163
117.04,1,08:19:32.856808334
117.04,1,08:19:32.979104444
117.04,1,08:19:32.979119368
117.04,1,08:19:33.824813560
117.04,1,08:19:33.824927384
117.04,2,08:19:59.036422198
117.04,2,08:19:59.036526623
117.04,1,08:19:59.036542395
117.03,1,08:19:59.120191894
117.03,1,08:19:59.120316642
117.03,2,08:19:59.120336668
117.03,1,08:19:59.120336668
117.03,1,08:19:59.120352159
117.03,2,08:19:59.120352159
117.04,1,08:19:59.159838391
117.04,2,08:19:59.159934491
117.04,1,08:19:59.159934491
117.04,1,08:19:59.159950929
117.04,1,08:19:59.228915231
117.03,1,08:20:00.075376186
117.04,3,08:20:00.137627389
117.04,1,08:20:00.137741232
117.04,1,08:20:00.137758390
117.04,2,08:20:00.137758390
117.04,2,08:20:00.140150432
117.04,1,08:20:00.140164058
117.03,1,08:20:00.451380131
117.03,1,08:20:00.451488931
117.03,1,08:20:00.451511222
117.03,2,08:20:00.451955966
117.03,1,08:20:00.453529015
117.03,1,08:20:01.190036928
117.03,1,08:20:01.342778134
117.03,5,08:20:01.384984041
117.03,1,08:20:01.424244830
117.04,1,08:20:01.535729595
117.04,1,08:20:01.535745118
117.04,4,08:20:01.535807486
117.04,4,08:20:01.643439661
117.04,2,08:20:01.643570865
117.04,1,08:20:01.643592046
117.04,3,08:20:01.643616263
117.04,1,08:20:01.643616263
117.04,4,08:20:01.643616263
117.04,2,08:20:01.643616263
117.05,1,08:20:01.689894484
117.04,1,08:20:01.729911768
117.04,1,08:20:01.730161930
117.05,5,08:20:01.918834388
117.05,2,08:20:01.919070509
117.05,3,08:20:01.919230122
117.05,1,08:20:01.919378285
117.05,1,08:20:01.919401379
117.05,4,08:20:01.919422675
117.05,1,08:20:01.919897795
117.05,1,08:20:01.920509193
117.05,1,08:20:01.921163403
117.05,1,08:20:01.941577132
117.05,2,08:20:01.941660929
117.05,2,08:20:01.941769355
117.05,1,08:20:01.941769355
117.05,3,08:20:02.028986735
117.05,1,08:20:02.028986735
117.05,1,08:20:02.029097102
117.05,2,08:20:02.029114686
117.05,1,08:20:02.029114686
117.05,1,08:20:02.054658713
117.05,2,08:20:02.178585115
117.05,2,08:20:02.442898897
117.05,1,08:20:02.442898897
117.05,1,08:20:02.444013633
117.05,1,08:20:02.444201486
117.05,1,08:20:02.444311466
117.05,2,08:20:02.444834871
117.05,1,08:20:02.959570019
117.05,1,08:20:03.610444501
117.05,1,08:20:04.247686949
117.05,5,08:20:04.247811621
117.05,1,08:20:04.247811621
117.05,2,08:20:04.248166254
117.05,2,08:20:04.248287972
117.05,1,08:20:04.248311934
117.05,1,08:20:04.279479397
117.05,1,08:20:05.148014492
117.05,1,08:20:05.148260885
117.05,2,08:20:05.148260885
117.05,1,08:20:05.148349074
117.05,1,08:20:05.148589762
117.06,1,08:20:05.579092851
117.05,1,08:20:05.581853204
117.05,1,08:20:05.582659690
117.06,1,08:20:07.196958651
117.04,1,08:20:07.289647607
117.05,1,08:20:07.739153883
117.06,1,08:20:14.182729097
117.06,1,08:20:14.183101978
117.06,1,08:20:14.183252444
117.06,1,08:20:14.183279808
117.07,1,08:20:18.738171797
117.07,1,08:20:25.490801024
117.07,1,08:20:25.606003272
117.06,4,08:20:27.954099559
117.06,2,08:20:27.954222738
117.06,4,08:20:27.954222738
117.06,2,08:20:27.954323258
117.06,3,08:20:27.954707077
117.06,4,08:20:27.954707077
117.06,2,08:20:27.954868565
117.06,1,08:20:27.954883488
117.06,2,08:20:27.954883488
117.06,1,08:20:27.954897183
117.06,1,08:20:27.954912463
117.06,1,08:20:27.954926959
117.06,16,08:20:27.954940729
117.06,1,08:20:27.955106769
117.06,1,08:20:27.955121291
117.06,1,08:20:27.955142923
117.06,1,08:20:27.955170821
117.06,12,08:20:27.956190955
117.06,1,08:20:27.964865594
117.06,1,08:20:27.964925808
117.06,1,08:20:27.965241055
117.06,1,08:20:27.969004562
117.06,1,08:20:27.969019512
117.06,1,08:20:29.979627081
117.06,2,08:20:29.979696630
117.05,1,08:20:31.214903146
117.06,1,08:20:31.215382925
117.05,2,08:20:33.166192091
117.05,1,08:20:33.166704523
117.05,1,08:20:33.166737992
117.05,1,08:20:33.170525940
117.05,2,08:20:33.172477486
117.05,3,08:20:33.172477486
117.05,1,08:20:33.200083364
117.04,1,08:20:36.070975686
117.04,1,08:20:36.071071350
117.04,1,08:20:36.071088378
117.03,1,08:20:36.662527593
117.03,2,08:20:36.662921679
117.02,1,08:20:37.536403713
117.03,1,08:20:38.180597048
117.02,2,08:20:38.748231576
117.02,1,08:20:38.748245012
117.02,1,08:20:38.748341722
117.02,1,08:20:38.748364717
117.02,2,08:20:38.748364717
117.02,3,08:20:38.748364717
117.01,1,08:20:38.949101991
117.01,1,08:20:38.949119427
117.01,1,08:20:39.415767124
117.01,1,08:20:39.415850234
117.01,1,08:20:39.415865050
117.01,1,08:20:40.074803826
117.01,1,08:20:43.005092733
117.01,2,08:20:44.376390472
117.01,1,08:20:44.376403982
117.01,2,08:20:44.376464305
117.01,1,08:20:44.376744810
117.01,1,08:20:44.376844222
117.01,6,08:20:44.376959891
117.01,1,08:20:44.387079688
117.01,1,08:20:44.387154561
117.01,1,08:20:44.387682231
117.01,1,08:20:44.428217712
117.0,2,08:20:44.966628642
117.0,1,08:20:44.966628642
117.01,1,08:20:48.727565009
117.01,1,08:20:48.728000423
117.01,2,08:20:48.728000423
117.01,1,08:20:48.728196219
117.01,2,08:20:48.728196219
117.01,3,08:20:48.728196219
117.01,1,08:20:48.728372256
117.01,1,08:20:48.738617563
117.01,4,08:20:48.738925431
117.01,1,08:20:48.738941358
117.01,6,08:20:49.020851388
117.01,1,08:20:49.021069310
117.01,2,08:20:49.021088075
117.01,1,08:20:49.021088075
117.01,1,08:20:49.947971088
117.01,1,08:20:49.959752684
117.01,1,08:20:52.493435997
117.02,1,08:20:52.954617930
117.01,3,08:20:57.507555919
117.01,1,08:20:57.507555919
117.01,4,08:20:57.507661305
117.01,1,08:20:57.507678304
117.01,2,08:20:57.507678304
117.01,1,08:20:57.922101817
117.01,1,08:20:57.922218408
117.01,2,08:20:57.922237029
117.01,1,08:20:57.922237029
117.01,1,08:20:57.922252364
117.01,2,08:20:57.922252364
117.01,1,08:20:57.922477781
117.01,1,08:21:03.060486766
117.01,7,08:21:03.060630372
117.01,1,08:21:03.060645412
117.01,2,08:21:03.060668285
117.01,1,08:21:03.060668285
117.01,5,08:21:03.060668285
117.01,1,08:21:03.061154477
117.01,1,08:21:06.385109530
117.01,4,08:21:06.385222720
117.01,1,08:21:06.385237706
117.01,1,08:21:09.184224986
117.01,1,08:21:09.753378508
117.01,2,08:21:09.753378508
117.01,1,08:21:09.753449302
117.01,1,08:21:12.217924498
117.01,1,08:21:13.232157100
117.01,1,08:21:13.232437410
117.01,3,08:21:13.232437410
117.01,1,08:21:13.232551451
117.01,1,08:21:13.232729262
117.01,1,08:21:13.232745550
117.01,1,08:21:13.236323448
117.01,1,08:21:13.243146997
117.01,1,08:21:13.243270952
117.01,1,08:21:13.245182093
117.01,1,08:21:13.245198681
117.02,5,08:21:13.354191067
117.02,1,08:21:13.376195396
117.02,1,08:21:13.376490128
117.02,1,08:21:13.376573564
117.02,2,08:21:13.407385577
117.02,3,08:21:13.407636562
117.02,2,08:21:13.407794814
117.02,1,08:21:13.407794814
117.02,3,08:21:13.407794814
117.03,1,08:21:19.013565355
117.03,1,08:21:19.013578702
117.03,1,08:21:19.013733102
117.03,1,08:21:19.013754996
117.03,1,08:21:19.013770385
117.04,1,08:21:20.511558477
117.04,2,08:21:20.511669863
117.04,1,08:21:20.511685817
117.05,1,08:21:23.113935900
117.05,1,08:21:23.114314564
117.05,1,08:21:23.114652039
117.05,1,08:21:23.114763140
117.05,1,08:21:23.114785805
117.05,1,08:21:23.115473392
117.05,1,08:21:23.116734035
117.05,1,08:21:23.142945477
117.05,1,08:21:23.143165400
117.06,1,08:21:23.257408527
117.05,2,08:21:23.448951412
117.05,1,08:21:23.449234987
117.05,1,08:21:23.464145437
117.05,1,08:21:23.464570547
117.05,1,08:21:23.465191682
117.05,1,08:21:26.201008449
117.05,1,08:21:26.201111169
117.05,1,08:21:27.242060807
117.05,1,08:21:39.188229554
117.05,1,08:21:39.188246194
117.05,1,08:21:39.188485428
117.05,1,08:21:39.188797447
117.05,1,08:21:39.188820276
117.05,1,08:21:39.198900748
117.05,1,08:21:39.425605432
117.05,1,08:21:39.425836864
117.05,4,08:21:39.425920781
117.06,1,08:21:40.197880909
117.05,2,08:21:43.473983504
117.05,1,08:21:43.474058192
117.05,1,08:21:47.412822515
117.05,1,08:21:47.412837426
117.05,1,08:21:47.413292514
117.05,1,08:21:47.413313292
117.05,1,08:21:47.423553914
117.05,1,08:21:47.423697005
117.05,1,08:21:47.661042219
117.05,1,08:21:49.146258791
117.05,1,08:21:49.146352795
117.05,1,08:21:49.146368075
117.05,1,08:21:49.146824458
117.05,1,08:21:52.026472244
117.05,1,08:21:55.034782382
117.05,1,08:21:55.036289708
117.05,1,08:21:55.036406302
117.05,1,08:21:55.036424479
117.06,1,08:21:55.208128401
117.06,1,08:21:57.277905001
117.06,1,08:21:57.789986128
117.05,2,08:22:01.202762896
117.05,1,08:22:01.202896774
117.05,1,08:22:01.202910630
117.05,1,08:22:01.202925581
117.05,1,08:22:01.203232678
117.05,1,08:22:01.203250390
117.05,1,08:22:01.203265014
117.05,10,08:22:01.203278636
117.05,2,08:22:01.203296687
117.05,1,08:22:01.216940311
117.05,2,08:22:01.217034365
117.05,1,08:22:01.217049809
117.05,4,08:22:01.217049809
117.05,1,08:22:01.277492185
117.05,1,08:22:01.412995124
117.05,2,08:22:01.413098128
117.05,3,08:22:01.413115274
117.05,1,08:22:01.413115274
117.05,1,08:22:03.049377791
117.05,1,08:22:03.639725724
117.05,1,08:22:09.289697123
117.05,2,08:22:09.289784598
117.05,1,08:22:09.289784598
117.05,2,08:22:11.171125716
117.04,1,08:22:20.045762430
117.05,1,08:22:24.931908906
117.05,1,08:22:24.931974374
117.05,1,08:22:24.932253287
117.05,2,08:22:24.932400192
117.05,1,08:22:24.932419744
117.05,2,08:22:24.932419744
117.05,1,08:22:24.932582810
117.05,2,08:22:24.932662653
117.05,1,08:22:24.932662653
117.05,1,08:22:24.943300029
117.05,1,08:22:24.943380695
117.05,1,08:22:24.953781240
117.05,1,08:22:24.953860090
117.05,1,08:22:24.953874350
117.06,1,08:22:25.049470062
117.06,4,08:22:25.075913623
117.06,2,08:22:25.076001399
117.06,1,08:22:28.592981586
117.06,1,08:22:28.593086171
117.06,1,08:22:28.593102705
117.06,2,08:22:28.632783481
117.06,2,08:22:28.838168408
117.06,1,08:22:31.285039187
117.06,1,08:22:35.745778102
117.06,1,08:22:35.745861533
117.06,1,08:22:35.745880161
117.06,1,08:22:35.756518142
117.06,1,08:22:35.765623256
117.06,1,08:22:35.993373082
117.05,1,08:22:39.969771930
117.05,1,08:22:39.969785542
117.05,2,08:22:39.969891704
117.05,12,08:22:39.969912889
117.05,1,08:22:39.969912889
117.05,5,08:22:39.969912889
117.05,2,08:22:39.969912889
117.05,2,08:22:39.970364470
117.05,4,08:22:39.970364470
117.05,1,08:22:39.970380246
117.05,6,08:22:39.970650646
117.05,1,08:22:39.970782197
117.05,1,08:22:40.085801635
117.05,1,08:22:40.085885334
117.05,1,08:22:40.085900848
117.06,1,08:22:42.185505957
117.05,2,08:22:50.754215877
117.05,1,08:22:50.754231627
117.05,3,08:22:50.754231627
117.05,4,08:22:50.754231627
117.05,1,08:22:50.754728526
117.05,1,08:22:50.754890958
117.05,1,08:22:50.754924328
117.05,2,08:22:50.792838573
117.05,1,08:22:56.538335979
117.05,7,08:22:56.538335979
117.05,2,08:22:56.538460802
117.05,1,08:22:56.538460802
117.05,1,08:22:56.538480466
117.05,2,08:22:56.538868509
117.05,1,08:22:56.538868509
117.05,2,08:22:59.572453286
117.05,1,08:23:01.663381618
117.05,1,08:23:02.368087694
117.05,1,08:23:02.368105088
117.05,1,08:23:02.368181965
117.05,1,08:23:02.368199114
117.05,1,08:23:05.690414894
117.05,1,08:23:05.690828119
117.05,1,08:23:05.690851543
117.05,1,08:23:11.578683648
117.05,1,08:23:11.578899427
117.05,1,08:23:11.589478621
117.05,1,08:23:11.599005217
117.05,1,08:23:11.599083537
117.06,3,08:23:11.840229776
117.06,3,08:23:12.931341733
117.06,1,08:23:12.931423435
117.06,2,08:23:12.931423435
117.06,2,08:23:13.178517425
117.06,2,08:23:22.089220434
117.06,1,08:23:22.089391871
117.06,1,08:23:22.089416816
117.06,15,08:23:22.089416816
117.06,11,08:23:22.089416816
117.06,1,08:23:22.089431683
117.06,1,08:23:22.089777836
117.06,1,08:23:22.152740824
117.07,1,08:23:22.161259540
117.07,1,08:23:22.166010429
117.07,1,08:23:22.198190072
117.07,1,08:23:22.267829942
117.07,1,08:23:22.267945686
117.07,1,08:23:22.277180228
117.07,1,08:23:22.293917906
117.08,1,08:23:24.279742080
117.08,1,08:23:24.280130979
117.08,1,08:23:24.280145539
117.08,3,08:23:24.281995349
117.08,1,08:23:24.282010097
117.08,2,08:23:24.285966491
117.08,1,08:23:24.300312791
117.08,1,08:23:25.400160688
117.08,1,08:23:25.901995633
117.08,1,08:23:25.902009991
117.08,2,08:23:25.902009991
117.08,1,08:23:25.902111040
117.08,1,08:23:25.902131757
117.08,1,08:23:25.902466416
117.09,1,08:23:27.485649568
117.09,1,08:23:27.485662745
117.09,1,08:23:27.485729974
117.09,1,08:23:31.590370013
117.09,2,08:23:31.609120469
117.09,2,08:23:31.674155237
117.09,1,08:23:31.674218772
117.09,1,08:23:31.877917299
117.1,1,08:23:32.005475944
117.09,3,08:23:32.006507248
117.09,1,08:23:32.006507248
117.09,1,08:23:33.350184611
117.09,1,08:23:33.350200322
117.09,2,08:23:33.351127736
117.09,2,08:23:33.351338660
117.09,1,08:23:33.351338660
117.09,5,08:23:35.094851754
117.1,1,08:23:35.431798106
117.09,1,08:23:35.604391238
117.09,1,08:23:36.822864379
117.09,1,08:23:36.822971259
117.09,1,08:23:36.822988737
117.09,4,08:23:36.823003544
117.08,2,08:23:40.443500125
117.08,1,08:23:40.443870704
117.08,1,08:23:40.444092771
117.08,2,08:23:40.444092771
117.08,3,08:23:40.444092771
117.08,1,08:23:40.444184223
117.08,1,08:23:40.444198818
117.08,1,08:23:40.444382665
117.08,1,08:23:40.444498239
117.08,1,08:23:40.444513990
117.08,6,08:23:40.444665154
117.08,5,08:23:40.444691205
117.08,2,08:23:40.444691205
117.08,1,08:23:40.444691205
117.08,1,08:23:40.445272523
117.08,1,08:23:40.445388581
117.08,1,08:23:40.445577854
117.08,1,08:23:40.450459796
117.08,1,08:23:40.450745104
117.08,1,08:23:40.451055043
117.08,1,08:23:40.453935633
117.08,2,08:23:40.454077722
117.08,1,08:23:40.457514510
117.08,1,08:23:40.458281763
117.08,2,08:23:40.458367996
117.08,4,08:23:40.458479228
117.08,1,08:23:40.479989962
117.08,1,08:23:40.480071555
117.08,1,08:23:40.484117958
117.08,2,08:23:40.502139731
117.08,2,08:23:40.503615474
117.08,1,08:23:40.506776319
117.08,1,08:23:40.506891682
117.08,1,08:23:42.413449756
117.08,1,08:23:42.413800824
117.08,1,08:23:42.413938104
117.08,1,08:23:42.413954395
117.08,1,08:23:42.413969618
117.08,7,08:23:42.413969618
117.08,1,08:23:42.414621332
117.08,1,08:23:42.434734454
117.08,1,08:23:43.722822283
117.08,1,08:23:43.722940936
117.08,1,08:23:43.727928480
117.08,1,08:23:43.728097370
117.08,1,08:23:43.730674663
117.08,1,08:23:43.732567298
117.08,1,08:23:43.905706466
117.09,1,08:23:44.179710647
117.09,1,08:23:44.179778444
117.09,1,08:23:48.954423746
117.08,1,08:23:51.644344195
117.08,2,08:23:51.647304214
117.08,1,08:23:51.671142651
117.08,1,08:23:51.671678973
117.09,2,08:23:52.037459374
117.08,3,08:23:53.430376932
117.08,4,08:23:53.430470077
117.08,1,08:23:53.430671273
117.08,1,08:23:53.430687383
117.08,1,08:23:53.430804580
117.08,1,08:23:53.431331379
117.09,2,08:23:57.108183776
117.09,1,08:23:57.108335213
117.09,10,08:23:57.108374346
117.09,1,08:23:57.108374346
117.09,2,08:23:57.108374346
117.09,2,08:23:57.109409856
117.09,1,08:23:57.118930827
117.09,1,08:24:01.543205406
117.09,7,08:24:01.543371220
117.09,2,08:24:01.543386404
117.09,1,08:24:01.543386404
117.09,10,08:24:01.543586487
117.09,1,08:24:01.543586487
117.09,1,08:24:01.543611021
117.09,8,08:24:01.543611021
117.09,2,08:24:01.543611021
117.1,2,08:24:06.142167229
117.1,1,08:24:06.142353328
117.09,5,08:24:08.110918707
117.09,1,08:24:08.138942873
117.09,5,08:24:10.087288289
117.09,3,08:24:10.087459133
117.09,1,08:24:10.087474883
117.09,6,08:24:10.087474883
117.09,1,08:24:10.087490442
117.09,1,08:24:10.087674819
117.09,1,08:24:10.087693155
117.09,1,08:24:11.323876947
117.09,1,08:24:13.870680852
117.09,1,08:24:13.870743415
117.09,1,08:24:15.197208226
117.09,1,08:24:15.695813624
117.09,1,08:24:15.695931549
117.09,1,08:24:15.695948177
117.09,2,08:24:15.695948177
117.09,15,08:24:15.695948177
117.09,1,08:24:15.696175095
117.09,1,08:24:15.696191264
117.09,1,08:24:15.696286612
117.09,2,08:24:15.696286612
117.09,1,08:24:15.696381450
117.09,1,08:24:15.696544227
117.09,2,08:24:15.696559952
117.09,1,08:24:15.696559952
117.09,1,08:24:15.696584685
117.09,1,08:24:21.120958171
117.09,8,08:24:21.121069949
117.09,2,08:24:21.121088293
117.09,3,08:24:21.121088293
117.08,1,08:24:27.348253200
117.08,2,08:24:27.348253200
117.08,1,08:24:27.348668784
117.08,3,08:24:27.348824428
117.08,4,08:24:27.348854806
117.08,1,08:24:27.348854806
117.08,2,08:24:27.348854806
117.08,2,08:24:27.349274934
117.08,1,08:24:27.349719042
117.08,1,08:24:27.391911636
117.08,2,08:24:27.391911636
117.08,1,08:24:27.391926963
117.08,1,08:24:29.353364524
117.08,1,08:24:29.402505696
117.08,1,08:24:33.319884923
117.09,2,08:24:34.350769315
117.09,1,08:24:42.099512545
117.09,1,08:24:42.099533712
117.09,1,08:24:42.099554230
117.09,2,08:24:42.099554230
117.09,2,08:24:42.099870931
117.09,1,08:24:42.099897363
117.09,1,08:24:42.134218120
117.09,1,08:24:42.330596785
117.09,2,08:24:43.193857196
117.1,1,08:24:46.224075246
117.1,1,08:24:49.215670819
117.1,6,08:24:49.215670819
117.1,1,08:24:49.215920251
117.1,7,08:24:49.215934313
117.1,3,08:24:49.216051728
117.1,1,08:24:49.216076371
117.1,2,08:24:49.216761871
117.1,1,08:24:49.217087176
117.1,1,08:24:49.217216059
117.1,2,08:24:49.217233138
117.1,7,08:24:49.264418549
117.1,1,08:24:49.264515381
117.1,1,08:24:49.264531407
117.1,3,08:24:49.271807500
117.1,2,08:24:49.405964131
117.1,1,08:24:49.406031945
117.1,1,08:24:50.028441524
117.1,1,08:24:59.340717483
117.1,10,08:24:59.340861838
117.1,1,08:24:59.340880300
117.1,1,08:24:59.340893992
117.1,1,08:24:59.341062849
117.1,10,08:24:59.341084210
117.1,21,08:24:59.362488955
117.1,1,08:24:59.362792344
117.11,1,08:24:59.919889202
117.11,2,08:24:59.919902859
117.11,1,08:24:59.919999678
117.11,1,08:24:59.920502961
117.11,1,08:24:59.920907533
117.11,1,08:24:59.921048350
117.11,1,08:24:59.921061852
117.11,1,08:24:59.937759336
117.11,1,08:24:59.948914523
117.11,1,08:25:00.047683563
117.12,1,08:25:00.142578532
117.11,4,08:25:00.251171695
117.11,1,08:25:00.251171695
117.11,3,08:25:00.251274182
117.11,2,08:25:00.251290210
117.11,1,08:25:00.251290210
117.11,4,08:25:00.251290210
117.11,3,08:25:00.251304546
117.11,4,08:25:00.255296776
117.11,1,08:25:00.255296776
117.11,1,08:25:00.255408927
117.11,2,08:25:00.255427151
117.1,1,08:25:00.255427151
117.11,1,08:25:00.255427151
117.11,1,08:25:00.256055637
117.11,1,08:25:00.267009463
117.11,3,08:25:00.267009463
117.12,1,08:25:00.292845559
117.12,1,08:25:02.385209300
117.12,1,08:25:02.385301690
117.12,1,08:25:02.385676637
117.12,2,08:25:02.385676637
117.12,2,08:25:02.385803996
117.12,1,08:25:02.385825145
117.13,1,08:25:02.676647228
117.13,3,08:25:02.676713650
117.12,1,08:25:03.054947294
117.12,1,08:25:03.653611530
117.12,2,08:25:06.993853798
117.12,1,08:25:06.993853798
117.12,1,08:25:06.993949885
117.12,1,08:25:06.994356301
117.12,1,08:25:06.994372185
117.12,1,08:25:07.018974343
117.11,5,08:25:09.332379737
117.11,1,08:25:09.332521503
117.11,2,08:25:09.332543241
117.11,1,08:25:09.332543241
117.11,7,08:25:09.332543241
117.11,1,08:25:09.332558415
117.11,2,08:25:09.332558415
117.11,1,08:25:09.332750121
117.11,2,08:25:09.332750121
117.11,1,08:25:09.332777858
117.11,9,08:25:09.332777858
117.12,1,08:25:14.403897482
117.12,1,08:25:14.403970970
117.12,1,08:25:14.404123130
117.12,2,08:25:14.404149993
117.12,8,08:25:14.404149993
117.12,1,08:25:14.404162822
117.12,2,08:25:14.404268954
117.12,1,08:25:14.404286509
117.12,1,08:25:14.448579265
117.12,1,08:25:14.477863269
117.12,3,08:25:16.093833766
117.12,1,08:25:16.094088246
117.12,1,08:25:16.094378924
117.12,1,08:25:16.561011940
117.13,1,08:25:17.667925073
117.13,2,08:25:17.667925073
117.13,1,08:25:17.667940097
117.13,1,08:25:17.667953579
117.13,1,08:25:17.667973986
117.13,1,08:25:17.672169330
117.13,2,08:25:17.674373399
117.13,7,08:25:17.674618486
117.13,1,08:25:17.700458624
117.12,1,08:25:17.781019230
117.12,1,08:25:17.809601937
117.12,1,08:25:19.620535759
117.12,10,08:25:19.677120382
117.12,14,08:25:19.677223152
117.12,1,08:25:19.677238263
117.12,1,08:25:19.677559311
117.12,5,08:25:19.678162012
117.12,1,08:25:19.678175865
117.12,1,08:25:19.678300425
117.12,1,08:25:19.678510021
117.12,1,08:25:19.678624166
117.12,1,08:25:19.679192546
117.12,2,08:25:20.244624248
117.12,1,08:25:20.244698414
117.12,1,08:25:20.696516661
117.12,1,08:25:20.725769438
117.12,1,08:25:20.725784126
117.12,1,08:25:20.725853329
117.12,2,08:25:21.390763470
117.12,1,08:25:23.051394817
117.12,2,08:25:28.456068613
117.12,1,08:25:28.456082421
117.12,1,08:25:28.456167120
117.12,1,08:25:28.633855692
117.12,1,08:25:28.634867214
117.12,2,08:25:28.717306941
117.12,1,08:25:28.717306941
117.12,1,08:25:29.025344350
117.12,1,08:25:29.025431422
117.12,1,08:25:30.946340703
117.12,1,08:25:30.946459818
117.12,2,08:25:30.946482935
117.12,1,08:25:30.946482935
117.12,2,08:25:30.983311611
117.12,1,08:25:31.126305038
117.12,1,08:25:32.459163482
117.12,1,08:25:32.459551710
117.12,2,08:25:32.525169296
117.13,7,08:25:39.484784164
117.13,1,08:25:39.484784164
117.13,2,08:25:39.484861514
117.12,1,08:25:39.526322647
117.12,2,08:25:41.437826595
117.12,2,08:25:41.551400280
117.12,3,08:25:41.551466974
117.12,1,08:25:41.551934183
117.12,1,08:25:41.552293796
117.12,1,08:25:41.553375878
117.12,1,08:25:41.574761843
117.12,1,08:25:41.574840851
117.12,1,08:25:41.576888402
117.11,1,08:25:46.392166480
117.11,1,08:25:46.392278252
117.11,1,08:25:46.392296626
117.11,2,08:25:46.392296626
117.1,1,08:25:47.781052568
117.1,9,08:25:47.781316625
117.1,6,08:25:47.781418944
117.1,1,08:25:47.781418944
117.1,3,08:25:47.781435303
117.1,1,08:25:47.781809111
117.1,1,08:25:47.782354666
117.11,1,08:25:49.054378198
117.11,1,08:25:49.054471321
117.11,3,08:25:49.054487634
117.11,1,08:25:49.054736567
117.11,1,08:25:50.026452182
117.11,2,08:25:51.048094567
117.11,1,08:25:51.048180678
117.11,1,08:25:51.048197795
117.11,2,08:25:51.707523734
117.11,3,08:25:53.749889099
117.1,7,08:25:57.720257158
117.1,1,08:25:57.720257158
117.1,2,08:25:57.720376956
117.1,1,08:25:57.720393529
117.1,2,08:25:57.720393529
117.1,3,08:25:57.720393529
117.1,1,08:25:57.720644172
117.1,2,08:25:57.720660588
117.1,1,08:25:57.720678905
117.1,1,08:25:57.720695548
117.1,2,08:25:57.721289797
117.1,1,08:25:57.754322211
117.1,2,08:25:59.270119937
117.1,1,08:25:59.270135284
117.1,1,08:25:59.329970891
117.1,1,08:26:00.239512962
117.1,2,08:26:00.239512962
117.1,1,08:26:00.239604399
117.1,2,08:26:00.239621468
117.1,1,08:26:00.239621468
117.1,1,08:26:00.290996260
117.1,1,08:26:00.291009744
117.1,2,08:26:00.291091898
117.1,1,08:26:00.291091898
117.1,1,08:26:00.291755744
117.1,1,08:26:02.323239695
117.1,1,08:26:02.323507400
117.09,1,08:26:03.707841619
117.09,1,08:26:03.707859599
117.09,2,08:26:03.708169999
117.09,2,08:26:03.708333228
117.09,1,08:26:03.708333228
117.09,3,08:26:03.708647691
117.09,1,08:26:03.708647691
117.08,1,08:26:04.773745814
117.08,3,08:26:04.773745814
117.08,1,08:26:04.773767953
117.09,1,08:26:09.604264887
117.08,1,08:26:13.120703491
117.08,1,08:26:13.120865218
117.08,2,08:26:13.121020179
117.08,1,08:26:13.121035305
117.08,2,08:26:20.191013157
117.08,1,08:26:20.191027124
117.08,7,08:26:20.191112067
117.08,2,08:26:20.191126317
117.08,1,08:26:20.191126317
117.08,3,08:26:20.191597492
117.08,1,08:26:23.951639996
117.08,1,08:26:23.951754679
117.08,2,08:26:23.951769245
117.08,1,08:26:23.951769245
117.08,1,08:26:23.977055951
117.08,1,08:26:23.983900642
117.08,2,08:26:24.007432491
117.08,1,08:26:24.034550262
117.08,1,08:26:30.416839626
117.08,3,08:26:30.417038480
117.08,1,08:26:30.417055152
117.08,2,08:26:30.417206006
117.08,1,08:26:30.417226189
117.08,4,08:26:30.417226189
117.08,2,08:26:30.417226189
117.08,1,08:26:30.417241520
117.08,2,08:26:30.417241520
117.08,3,08:26:30.417406380
117.08,11,08:26:30.417436128
117.08,1,08:26:30.417436128
117.08,1,08:26:30.441975256
117.08,5,08:26:34.252549347
117.08,8,08:26:34.252921295
117.08,1,08:26:34.253067986
117.08,1,08:26:34.253093804
117.08,6,08:26:34.253111602
117.08,14,08:26:34.253111602
117.08,3,08:26:34.253311224
117.08,5,08:26:34.253311224
117.08,1,08:26:34.253496788
117.08,1,08:26:34.253511077
117.08,5,08:26:35.265272705
117.08,12,08:26:35.286926402
117.08,1,08:26:35.326147042
117.08,1,08:26:35.335182513
117.08,1,08:26:35.356211094
117.08,1,08:26:35.397115921
117.08,1,08:26:35.610550459
117.08,1,08:26:35.611698247
117.08,1,08:26:35.612049193
117.08,1,08:26:37.107752533
117.08,1,08:26:37.107827205
117.09,1,08:26:45.508609269
117.09,7,08:26:45.508757458
117.09,2,08:26:45.508772012
117.09,1,08:26:45.508772012
117.09,1,08:26:45.508985534
117.09,1,08:26:45.509009557
117.1,2,08:26:47.231193444
117.1,1,08:26:47.231641095
117.1,5,08:26:47.231641095
117.1,1,08:26:47.231793629
117.1,2,08:26:47.231809456
117.1,1,08:26:47.231823744
117.1,1,08:26:47.232025389
117.1,1,08:26:47.232376678
117.1,1,08:26:47.232514627
117.1,2,08:26:47.232532077
117.1,1,08:26:47.267589923
117.1,1,08:26:47.267898694
117.1,2,08:26:48.027206820
117.09,2,08:26:51.015124873
117.09,29,08:26:56.195914549
117.09,2,08:26:56.195946446
117.09,1,08:26:56.195946446
117.09,5,08:26:56.195946446
117.08,1,08:26:56.237201926
117.08,1,08:26:56.237269977
117.09,1,08:26:58.457309134
117.09,1,08:26:58.457418248
117.1,1,08:26:58.588000472
117.1,1,08:26:58.588087311
117.1,1,08:26:58.588101430
117.1,2,08:26:58.588101430
117.09,1,08:26:58.725962136
117.1,1,08:27:01.405711757
117.1,1,08:27:01.405828563
117.1,1,08:27:01.405842639
117.1,1,08:27:01.405858790
117.1,1,08:27:01.406067187
117.1,1,08:27:01.736028778
117.1,5,08:27:01.980810962
117.1,1,08:27:01.980810962
117.09,1,08:27:04.555755483
117.1,1,08:27:11.122092375
117.1,1,08:27:11.165667174
117.1,1,08:27:11.165767046
117.1,2,08:27:11.165784537
117.1,1,08:27:11.165784537
117.1,1,08:27:11.608027802
117.1,1,08:27:11.608042515
117.11,1,08:27:13.158124132
117.11,1,08:27:15.048975387
117.1,1,08:27:16.670382104
117.1,1,08:27:18.065431798
117.1,2,08:27:18.065445926
117.1,1,08:27:18.065564150
117.1,1,08:27:18.065582579
117.1,3,08:27:18.065582579
117.1,4,08:27:18.065582579
117.1,1,08:27:18.065843951
117.1,4,08:27:18.065873817
117.1,1,08:27:18.065873817
117.1,1,08:27:18.066646322
117.1,1,08:27:31.308450624
117.09,1,08:27:32.272967944
117.1,1,08:27:32.273522151
117.1,1,08:27:32.273894039
117.1,2,08:27:32.314338206
117.1,1,08:27:32.390289109
117.1,1,08:27:47.203578132
117.11,2,08:27:47.686134372
117.11,1,08:27:47.686212918
117.11,2,08:27:47.686664898
117.11,1,08:27:47.686688306
117.11,1,08:27:47.686834009
117.11,1,08:27:47.686848831
117.11,2,08:27:47.686848831
117.11,1,08:27:47.687036783
117.11,1,08:27:47.696892155
117.12,1,08:27:56.036630322
117.11,1,08:28:00.144932793
117.11,1,08:28:00.145106382
117.11,2,08:28:00.145120849
117.11,1,08:28:00.145120849
117.11,1,08:28:00.145324370
117.11,10,08:28:00.145324370
117.11,1,08:28:00.145345371
117.11,2,08:28:00.145345371
117.1,1,08:28:01.164231470
117.1,7,08:28:01.164367652
117.1,1,08:28:01.164386219
117.1,2,08:28:01.164386219
117.1,1,08:28:01.164611809
117.1,2,08:28:01.164630314
117.1,1,08:28:01.165421722
117.1,1,08:28:01.165592252
117.1,1,08:28:01.273202239
117.1,1,08:28:01.273291442
117.1,1,08:28:01.273440066
117.1,1,08:28:01.274469051
117.1,1,08:28:01.274485451
117.1,3,08:28:01.598053527
117.1,5,08:28:01.598312845
117.09,1,08:28:02.184340548
117.09,1,08:28:03.204214889
117.1,7,08:28:10.094461768
117.1,1,08:28:10.094478046
117.1,1,08:28:10.094563713
117.1,1,08:28:10.094589615
117.1,2,08:28:10.094589615
117.1,1,08:28:10.094607092
117.1,2,08:28:10.094607092
117.1,1,08:28:10.105447346
117.1,1,08:28:10.105640235
117.11,1,08:28:12.323592484
117.11,1,08:28:15.249931285
117.1,5,08:28:21.697216752
117.1,2,08:28:21.697458521
117.1,9,08:28:21.697568188
117.1,4,08:28:21.697728239
117.1,1,08:28:21.697728239
117.1,15,08:28:21.697728239
117.1,2,08:28:21.697728239
117.09,1,08:28:22.972506908
117.09,1,08:28:28.344937769
117.1,1,08:28:32.564652891
117.09,1,08:28:33.623362337
117.09,1,08:28:33.736973012
117.09,1,08:28:33.737063418
117.09,2,08:28:33.737079972
117.09,1,08:28:33.794393488
117.09,1,08:28:38.845260743
117.09,2,08:28:38.939867858
117.09,1,08:28:38.939972070
117.09,1,08:28:38.939987718
117.09,1,08:28:38.940297142
117.09,2,08:28:38.940601046
117.09,3,08:28:41.500966826
117.09,1,08:28:41.501045222
117.1,1,08:28:42.302860805
117.1,1,08:28:52.303434085
117.1,2,08:28:52.539632428
117.1,1,08:28:59.573322095
117.1,1,08:28:59.573451704
117.1,1,08:28:59.573470447
117.1,2,08:28:59.573470447
117.1,1,08:28:59.573484578
117.09,2,08:29:00.144903873
117.09,2,08:29:00.144972082
117.1,1,08:29:02.324881381
117.1,3,08:29:02.397188934
117.09,2,08:29:03.125029627
117.1,1,08:29:12.304436832
117.09,2,08:29:14.348947497
117.09,1,08:29:14.349104579
117.09,1,08:29:14.349118899
117.09,2,08:29:14.349167142
117.09,1,08:29:14.349167142
117.09,1,08:29:14.437098124
117.09,1,08:29:14.449935692
117.09,1,08:29:17.215112214
117.09,1,08:29:24.355324698
117.09,1,08:29:32.604914718
117.08,1,08:29:39.010957903
117.08,1,08:29:39.011056165
117.08,1,08:29:40.884367170
117.08,5,08:29:41.191104384
117.08,1,08:29:41.365791046
117.08,1,08:29:42.041414698
117.08,1,08:29:42.063382168
117.09,1,08:29:42.303475479
117.07,1,08:29:45.505385305
117.07,1,08:29:45.505482834
117.07,3,08:29:45.505928852
117.07,7,08:29:45.506356584
117.08,7,08:29:46.261154973
117.08,1,08:29:46.261356723
117.08,2,08:29:46.261376566
117.08,1,08:29:46.261376566
117.08,1,08:29:46.261408431
117.08,2,08:29:46.261408431
117.08,1,08:29:46.262728952
117.08,7,08:29:50.077081521
117.08,5,08:29:50.187506310
117.08,1,08:29:52.715981213
117.08,1,08:29:55.309365027
117.08,1,08:29:55.654342744
117.08,1,08:29:55.938639247
117.07,7,08:29:55.983730440
117.07,1,08:29:55.983810951
117.08,1,08:29:56.085876415
117.08,1,08:29:56.086007205
117.08,1,08:29:56.086030393
117.08,3,08:29:56.086030393
117.08,2,08:29:56.086030393
117.08,4,08:29:56.086048047
117.08,5,08:29:56.100052771
117.09,1,08:29:56.199402336
117.09,1,08:29:56.199475734
117.08,1,08:29:56.378761582
117.08,7,08:29:56.378761582
117.08,3,08:29:56.379048686
117.08,2,08:29:56.379251483
117.08,2,08:29:56.379364532
117.08,1,08:29:56.737299814
117.08,1,08:29:56.898340427
117.07,7,08:29:58.328530865
117.07,1,08:29:58.328548903
117.07,14,08:29:58.329696521
117.07,2,08:29:58.329932537
117.06,1,08:29:59.494299613
117.06,2,08:29:59.494377821
117.06,1,08:29:59.494377821
117.06,1,08:29:59.530984785
117.06,1,08:29:59.545749773
117.06,5,08:30:00.006730288
117.06,3,08:30:00.006844242
117.06,2,08:30:00.007325004
117.06,1,08:30:00.049524158
117.06,2,08:30:01.230338172
117.06,1,08:30:01.230449567
117.06,7,08:30:01.230464767
117.06,7,08:30:01.235248907
117.07,2,08:30:01.301789065
117.07,1,08:30:01.301891509
117.07,1,08:30:01.301914373
117.07,5,08:30:01.301914373
117.08,1,08:30:01.665887287
117.08,2,08:30:01.668121468
117.08,1,08:30:01.668229167
117.08,3,08:30:01.668229167
117.08,1,08:30:01.699638551
117.09,1,08:30:01.799256024
117.09,2,08:30:01.799368182
117.09,2,08:30:01.799385958
117.09,3,08:30:01.799385958
117.09,6,08:30:02.193305526
117.09,1,08:30:02.193405407
117.08,6,08:30:02.278970140
117.08,1,08:30:02.330237117
117.09,14,08:30:02.364580115
117.09,1,08:30:02.364682054
117.09,2,08:30:02.365216143
117.1,1,08:30:02.381251640
117.1,1,08:30:02.381380785
117.1,1,08:30:02.381405767
117.1,1,08:30:02.381532020
117.1,2,08:30:02.381532020
117.1,1,08:30:02.381633108
117.1,1,08:30:02.386373095
117.1,5,08:30:02.389329895
117.1,1,08:30:02.402801640
117.11,1,08:30:02.428454966
117.11,1,08:30:02.428561302
117.11,5,08:30:02.428583408
117.11,1,08:30:02.428583408
117.1,1,08:30:02.429012818
117.11,1,08:30:02.430290222
117.11,1,08:30:02.430463284
117.11,1,08:30:02.894090188
117.11,2,08:30:03.040523038
117.11,7,08:30:03.076633436
117.11,2,08:30:03.076740594
117.11,1,08:30:03.076762239
117.11,2,08:30:03.076762239
117.11,1,08:30:03.079490669
117.11,5,08:30:03.233953819
117.11,1,08:30:03.234034850
117.11,1,08:30:03.235441809
117.11,2,08:30:03.576323569
117.11,1,08:30:03.863430514
117.11,3,08:30:03.864280811
117.11,1,08:30:03.865062033
117.11,7,08:30:03.865648970
117.11,1,08:30:03.866775590
117.12,1,08:30:04.473902730
117.12,4,08:30:04.473991424
117.12,1,08:30:04.474007616
117.12,1,08:30:04.474247740
117.12,1,08:30:04.475785727
117.12,7,08:30:04.475785727
117.13,1,08:30:04.893139158
117.13,1,08:30:04.893205026
117.13,7,08:30:04.893438549
117.13,1,08:30:04.893438549
117.13,6,08:30:04.893549852
117.13,14,08:30:04.893729772
117.13,2,08:30:04.893744872
117.14,1,08:30:04.894810337
117.14,7,08:30:04.894810337
117.13,2,08:30:04.896189584
117.13,3,08:30:04.896397478
117.13,2,08:30:04.896397478
117.12,2,08:30:05.206040260
117.12,1,08:30:05.559347105
117.12,1,08:30:05.559426215
117.12,1,08:30:05.626890461
117.12,4,08:30:06.493156177
117.12,1,08:30:06.493156177
117.13,1,08:30:08.623892872
117.13,7,08:30:08.623892872
117.13,1,08:30:08.623908518
117.13,2,08:30:08.623992736
117.13,1,08:30:08.624007142
117.13,2,08:30:08.624544982
117.13,2,08:30:08.624664586
117.13,3,08:30:08.624950873
117.13,7,08:30:08.715163289
117.14,2,08:30:11.842181377
117.14,1,08:30:11.852741985
117.14,7,08:30:11.852972708
117.13,2,08:30:12.186766642
117.13,1,08:30:12.362544552
117.13,2,08:30:12.400293294
117.12,1,08:30:13.138353420
117.12,1,08:30:13.138438508
117.12,3,08:30:13.138564898
117.12,1,08:30:15.035761418
117.11,1,08:30:15.786292353
117.1,1,08:30:16.324700596
117.1,1,08:30:17.137182938
117.09,1,08:30:17.323896683
117.09,3,08:30:17.323963457
117.09,1,08:30:17.611100553
117.09,1,08:30:17.611175644
117.1,1,08:30:19.135988046
117.1,2,08:30:19.135988046
117.1,1,08:30:22.044930503
117.1,1,08:30:22.045061751
117.1,3,08:30:22.045075649
117.1,1,08:30:22.045075649
117.1,1,08:30:22.045090862
117.1,1,08:30:22.186787994
117.1,1,08:30:22.972289895
117.1,7,08:30:23.245196852
117.09,1,08:30:24.636440276
117.09,1,08:30:24.636540557
117.09,7,08:30:25.710547427
117.09,2,08:30:25.710561279
117.09,1,08:30:25.710698953
117.09,1,08:30:25.710731273
117.09,1,08:30:25.820317779
117.09,2,08:30:26.166719764
117.09,1,08:30:29.762796655
117.1,1,08:30:31.814946706
117.1,1,08:30:31.840657888
117.1,1,08:30:31.850011739
117.09,1,08:30:32.040988886
117.09,2,08:30:32.040988886
117.09,1,08:30:32.041025411
117.09,1,08:30:34.705720642
117.09,2,08:30:34.705720642
117.09,2,08:30:37.716937453
117.09,1,08:30:37.717025040
117.09,1,08:30:37.717311605
117.09,1,08:30:38.122760747
117.09,1,08:30:38.122775489
117.09,1,08:30:38.343956440
117.08,2,08:30:40.188940051
117.08,1,08:30:40.188940051
117.08,1,08:30:40.188954921
117.08,5,08:30:40.189047770
117.08,2,08:30:40.189065849
117.08,1,08:30:40.189519196
117.08,1,08:30:40.190132614
117.08,1,08:30:40.190271426
117.08,1,08:30:40.190734949
117.08,2,08:30:40.190985576
117.08,2,08:30:40.191086318
117.08,1,08:30:40.191371390
117.08,1,08:30:40.639584783
117.08,4,08:30:40.639670809
117.08,1,08:30:43.025768953
117.08,1,08:30:43.025855154
117.08,2,08:30:44.763920320
117.08,1,08:30:46.146804331
117.08,2,08:30:46.146885000
117.08,1,08:30:46.146885000
117.09,2,08:30:46.304494178
117.09,1,08:30:46.304584204
117.09,3,08:30:46.304599247
117.09,1,08:30:46.304599247
117.09,1,08:30:46.861960401
117.09,6,08:30:46.862067632
117.09,1,08:30:46.862083306
117.09,1,08:30:47.042338110
117.09,1,08:30:50.688475292
117.09,2,08:30:50.688475292
117.09,1,08:30:50.688760723
117.09,1,08:30:52.659499145
117.08,1,08:30:52.735625443
117.08,2,08:30:52.736106618
117.08,1,08:30:52.736135492
117.08,2,08:30:52.736135492
117.07,1,08:30:54.854664948
117.07,2,08:30:54.854769690
117.07,1,08:30:54.854853940
117.07,1,08:30:54.855071488
117.07,2,08:30:54.855650233
117.07,1,08:30:54.856510939
117.07,1,08:30:54.916339154
117.07,1,08:30:55.803204498
117.07,1,08:30:56.055161086
117.07,1,08:30:56.208812822
117.07,1,08:30:56.290830287
117.07,1,08:30:56.291127013
117.07,2,08:30:56.291231217
117.07,1,08:30:56.291321400
117.07,2,08:30:56.291457883
117.07,1,08:30:56.291768033
117.07,1,08:30:56.683272445
117.07,2,08:30:56.683397280
117.07,1,08:30:56.683409891
117.06,3,08:30:57.050851935
117.06,1,08:30:57.050868425
117.06,1,08:30:57.598510503
117.05,1,08:30:57.722781946
117.05,1,08:30:57.727263318
117.05,2,08:30:57.729917191
117.05,1,08:30:57.730199338
117.05,3,08:30:57.730301901
117.05,1,08:30:58.913712993
117.05,2,08:30:59.709638198
117.06,1,08:31:01.861734025
117.06,1,08:31:01.861804261
117.06,1,08:31:02.119212914
117.06,1,08:31:02.119478568
117.06,1,08:31:02.119601581
117.06,1,08:31:02.119616439
117.06,1,08:31:02.120031669
117.06,1,08:31:02.120146024
117.06,1,08:31:02.120937117
117.06,4,08:31:02.698341291
117.06,2,08:31:02.698420193
117.06,1,08:31:02.698722826
117.06,2,08:31:05.585035007
117.06,1,08:31:06.536971004
117.06,1,08:31:06.537321573
117.06,1,08:31:06.537446443
117.06,1,08:31:06.537468400
117.06,1,08:31:06.689346584
117.06,1,08:31:06.724374791
117.05,2,08:31:10.031186115
117.05,1,08:31:10.031292083
117.05,1,08:31:10.031314099
117.05,2,08:31:10.031314099
117.05,1,08:31:10.031327766
117.06,1,08:31:14.568004657
117.06,1,08:31:14.568335422
117.07,1,08:31:15.185761491
117.07,1,08:31:15.185840991
117.07,1,08:31:15.186043432
117.07,3,08:31:15.186442558
117.07,2,08:31:15.213892575
117.07,1,08:31:15.226661204
117.08,1,08:31:18.436080131
117.07,1,08:31:19.290791888
117.08,1,08:31:27.173519391
117.08,1,08:31:38.610842055
117.08,1,08:31:38.610991086
117.08,1,08:31:38.611006679
117.08,1,08:31:38.611021098
117.08,1,08:31:38.611173646
117.08,1,08:31:38.611191107
117.08,1,08:31:38.611379971
117.08,2,08:31:38.611923533
117.08,1,08:31:38.612302281
117.08,1,08:31:38.644080914
117.08,1,08:31:38.681238083
117.08,1,08:31:40.271400478
117.08,1,08:31:40.271532254
117.08,1,08:31:40.271550103
117.08,2,08:31:40.271550103
117.08,1,08:31:40.271750756
117.08,2,08:31:40.271770922
117.08,1,08:31:40.271770922
117.09,2,08:31:43.594536898
117.09,1,08:31:43.594558273
117.09,1,08:31:43.594596333
117.09,2,08:31:43.594596333
117.09,1,08:31:43.594789244
117.09,1,08:31:43.637624395
117.09,1,08:31:43.637703326
117.1,1,08:31:44.280055751
117.1,1,08:31:44.281958308
117.1,1,08:31:44.281981944
117.1,3,08:31:44.281981944
117.11,1,08:31:44.576179960
117.11,1,08:31:44.576278769
117.11,2,08:31:44.576599108
117.11,3,08:31:44.576617322
117.11,1,08:31:44.576617322
117.11,1,08:31:44.604052547
117.11,1,08:31:44.617901025
117.12,2,08:31:46.043153468
117.12,2,08:31:46.043627423
117.12,1,08:31:46.044047019
117.12,2,08:31:46.078517375
117.11,5,08:31:48.691455056
117.11,1,08:31:48.823214849
117.11,1,08:31:48.823333735
117.11,1,08:31:48.823348676
117.11,2,08:31:48.823348676
117.11,1,08:31:48.823525810
117.11,1,08:31:50.160796407
117.11,1,08:31:56.948097467
117.11,1,08:32:00.017871446
117.12,1,08:32:00.372623449
117.12,1,08:32:00.550725788
117.12,1,08:32:00.550827954
117.12,2,08:32:00.550842299
117.12,1,08:32:00.550842299
117.12,1,08:32:00.551153128
117.12,5,08:32:00.551175849
117.12,1,08:32:00.551175849
117.12,1,08:32:00.588627340
117.13,2,08:32:00.588965542
117.13,1,08:32:00.589081475
117.13,1,08:32:00.589096975
117.13,1,08:32:00.589290105
117.13,2,08:32:00.644478043
117.14,2,08:32:01.595931853
117.14,2,08:32:01.817647988
117.14,1,08:32:01.817749895
117.14,1,08:32:01.927769178
117.15,1,08:32:02.269493232
117.15,2,08:32:02.269585635
117.14,1,08:32:02.579102013
117.15,1,08:32:06.619118622
117.15,1,08:32:06.619211256
117.15,1,08:32:06.619227032
117.15,1,08:32:06.620079457
117.15,2,08:32:08.409015140
117.15,1,08:32:08.507195709
117.15,1,08:32:08.516288569
117.15,2,08:32:08.776656496
117.15,3,08:32:09.018923335
117.15,1,08:32:09.019009530
117.15,1,08:32:09.019024798
117.15,1,08:32:09.236948620
117.16,1,08:32:09.546596853
117.16,3,08:32:09.547005163
117.16,3,08:32:09.547136606
117.16,1,08:32:09.547278114
117.16,1,08:32:09.577867279
117.16,1,08:32:09.578191602
117.15,3,08:32:09.910853276
117.15,1,08:32:09.910971155
117.15,1,08:32:11.142781606
117.15,1,08:32:11.143006357
117.15,1,08:32:11.796360120
117.15,1,08:32:11.797414555
117.15,1,08:32:11.831873587
117.15,1,08:32:11.833150420
117.15,1,08:32:13.001291045
117.14,1,08:32:13.072568904
117.14,3,08:32:13.072890025
117.14,1,08:32:13.072986681
117.14,1,08:32:13.073200962
117.14,1,08:32:17.674249743
117.14,4,08:32:17.674249743
117.14,1,08:32:17.674530841
117.14,1,08:32:17.710968168
117.15,1,08:32:20.864880341
117.15,1,08:32:20.864979912
117.15,1,08:32:20.865002571
117.15,4,08:32:20.865002571
117.16,2,08:32:22.140248754
117.16,1,08:32:22.140362771
117.16,1,08:32:22.140388042
117.16,7,08:32:22.140925594
117.16,1,08:32:22.201646290
117.16,1,08:32:22.201665201
117.15,2,08:32:25.096315422
117.15,1,08:32:25.096423787
117.15,4,08:32:25.096437969
117.15,2,08:32:25.096538437
117.15,13,08:32:25.096538437
117.15,1,08:32:25.096625624
117.15,1,08:32:25.096900367
117.15,2,08:32:25.096900367
117.15,5,08:32:25.096900367
117.14,1,08:32:26.174678355
117.15,1,08:32:27.203736571
117.15,1,08:32:27.203754815
117.15,1,08:32:27.204070031
117.15,1,08:32:27.204200824
117.15,1,08:32:27.242519056
117.15,1,08:32:29.800720241
117.15,1,08:32:34.169175035
117.15,1,08:32:34.169343530
117.15,2,08:32:34.169343530
117.15,1,08:32:36.697112750
117.15,1,08:32:36.697126238
117.15,1,08:32:36.697216097
117.15,1,08:32:37.247787895
117.15,1,08:32:43.406476031
117.15,1,08:32:47.033258423
117.15,2,08:32:47.033359198
117.15,1,08:32:47.033377041
117.15,1,08:32:47.514494316
117.15,1,08:32:47.514789496
117.15,1,08:32:47.515673086
117.15,1,08:32:48.769692705
117.15,1,08:32:48.769817947
117.15,1,08:32:49.317895143
117.15,1,08:32:49.318802810
117.15,2,08:32:49.364257192
117.15,1,08:32:49.364331122
117.15,2,08:32:50.736294424
117.15,1,08:32:50.736416360
117.15,1,08:32:50.736551655
117.15,2,08:32:51.205518549
117.15,1,08:32:56.772863863
117.15,1,08:32:56.772958704
117.15,2,08:32:56.820284965
117.15,2,08:32:59.254045743
117.15,1,08:33:02.435289437
117.15,1,08:33:02.481758789
117.16,1,08:33:03.201269655
117.16,1,08:33:03.201343607
117.15,3,08:33:03.266764603
117.15,1,08:33:03.267090874
117.15,2,08:33:03.820256647
117.15,2,08:33:03.820350086
117.15,3,08:33:03.820367616
117.15,1,08:33:05.099960635
117.15,2,08:33:05.448491195
117.15,1,08:33:05.740170010
117.15,1,08:33:05.740393440
117.15,1,08:33:06.342917435
117.16,1,08:33:08.169594062
117.16,1,08:33:08.169639051
117.16,2,08:33:08.169639051
117.16,1,08:33:08.170050935
117.16,2,08:33:08.170050935
117.16,1,08:33:08.170066494
117.16,1,08:33:08.195507603
117.16,2,08:33:08.215792281
117.16,1,08:33:08.215974022
117.16,1,08:33:08.216049628
117.16,2,08:33:08.564149255
117.16,3,08:33:08.564164509
117.16,1,08:33:08.564164509
117.16,1,08:33:08.964460385
117.15,1,08:33:09.076266254
117.15,1,08:33:09.424218760
117.15,1,08:33:09.424233839
117.15,2,08:33:09.912611738
117.15,1,08:33:10.473845527
117.15,1,08:33:11.643134261
117.15,1,08:33:11.643213016
117.15,1,08:33:14.197610500
117.15,1,08:33:14.197700349
117.15,1,08:33:14.301081967
117.15,1,08:33:14.301369221
117.15,1,08:33:14.334122072
117.15,4,08:33:15.667994868
117.15,1,08:33:15.668109948
117.15,1,08:33:15.668310736
117.15,1,08:33:15.668714634
117.15,2,08:33:16.707143570
117.15,1,08:33:16.707223393
117.16,1,08:33:19.217910035
117.15,1,08:33:21.581251597
117.16,1,08:33:26.982075620
117.16,2,08:33:26.982075620
117.16,1,08:33:26.982188665
117.16,2,08:33:26.982206070
117.16,1,08:33:26.982206070
117.16,1,08:33:27.354009389
117.16,2,08:33:27.354009389
117.16,2,08:33:27.356461837
117.16,1,08:33:27.356816369
117.16,2,08:33:27.357051207
117.16,1,08:33:27.357051207
117.17,1,08:33:27.458839325
117.17,2,08:33:27.459200969
117.17,1,08:33:27.459200969
117.17,1,08:33:27.461769534
117.17,1,08:33:27.466212519
117.17,2,08:33:27.547337308
117.17,2,08:33:27.547416790
117.17,1,08:33:27.556364431
117.16,1,08:33:32.326363304
117.16,1,08:33:32.326750772
117.16,1,08:33:32.326765888
117.16,1,08:33:32.326798187
117.16,1,08:33:32.326816734
117.16,1,08:33:32.327134180
117.15,1,08:33:32.583070873
117.15,1,08:33:32.583168547
117.15,1,08:33:32.583183337
117.15,1,08:33:32.652609266
117.15,1,08:33:32.652713429
117.15,1,08:33:33.111383421
117.15,2,08:33:33.178621928
117.15,1,08:33:34.037518271
117.15,1,08:33:34.037812233
117.15,1,08:33:39.107949372
117.15,1,08:33:41.671308500
117.15,2,08:33:41.671308500
117.15,2,08:33:41.671326027
117.14,2,08:33:43.940444693
117.14,2,08:33:43.940525784
117.14,1,08:33:45.657649674
117.14,1,08:33:45.657890589
117.14,1,08:33:45.658013808
117.14,1,08:33:45.658124886
117.14,1,08:33:45.658139369
117.14,1,08:33:45.658350774
117.13,1,08:33:47.808247890
117.13,1,08:33:47.808261516
117.13,1,08:33:47.808456719
117.13,1,08:33:47.808586338
117.13,1,08:33:47.808615737
117.13,1,08:33:49.431982835
117.13,1,08:33:51.702097455
117.12,1,08:33:54.502786800
117.12,4,08:33:54.502897225
117.12,1,08:33:54.502897225
117.12,1,08:33:54.502912501
117.12,9,08:33:54.502912501
117.12,1,08:33:54.504474607
117.12,1,08:33:56.731525117
117.12,1,08:33:56.731694519
117.12,1,08:33:56.736252887
117.12,1,08:33:56.736330819
117.12,1,08:33:59.435845512
117.12,2,08:33:59.435845512
117.12,2,08:33:59.500249467
117.12,3,08:33:59.503660258
117.13,2,08:34:01.297368531
117.13,3,08:34:01.297783980
117.13,1,08:34:01.297874105
117.13,5,08:34:01.297891014
117.13,1,08:34:09.606122572
117.12,1,08:34:16.331045607
117.12,1,08:34:16.331128416
117.12,1,08:34:16.331469725
117.12,1,08:34:16.331489401
117.12,1,08:34:17.031121957
117.12,2,08:34:17.031230008
117.12,1,08:34:17.031245874
117.12,1,08:34:17.828401046
117.12,1,08:34:17.932196301
117.13,2,08:34:19.982254617
117.13,7,08:34:19.982565708
117.13,3,08:34:19.982753943
117.13,2,08:34:19.982753943
117.13,1,08:34:19.983097746
117.13,5,08:34:19.983097746
117.13,11,08:34:19.993312906
117.13,3,08:34:19.993403079
117.12,6,08:34:21.471993549
117.12,2,08:34:21.472123708
117.12,1,08:34:21.472123708
117.12,1,08:34:21.473783528
117.12,1,08:34:21.474697594
117.12,2,08:34:21.636581696
117.13,6,08:34:22.353063878
117.13,1,08:34:22.353229503
117.13,2,08:34:22.353249477
117.13,1,08:34:22.353249477
117.13,1,08:34:22.353268293
117.13,2,08:34:22.353268293
117.13,5,08:34:22.353268293
117.13,1,08:34:22.353532718
117.13,2,08:34:22.353546209
117.13,7,08:34:22.353560792
117.13,2,08:34:22.353574706
117.13,11,08:34:22.353590369
117.13,2,08:34:22.353603397
117.13,1,08:34:22.353623903
117.13,2,08:34:22.353623903
117.14,2,08:34:22.353640926
117.14,1,08:34:22.353654981
117.14,2,08:34:22.353670753
117.14,2,08:34:22.353695762
117.14,1,08:34:22.353695762
117.14,1,08:34:22.353712689
117.14,5,08:34:22.353727867
117.14,2,08:34:22.354061902
117.14,1,08:34:22.354076039
117.14,1,08:34:22.354089925
117.14,2,08:34:22.354089925
117.14,2,08:34:22.354103268
117.14,1,08:34:22.354116792
117.14,7,08:34:22.354132920
117.14,2,08:34:22.354146724
117.14,2,08:34:22.354159921
117.14,10,08:34:22.354205899
117.14,1,08:34:22.354219748
117.14,1,08:34:22.354232830
117.14,1,08:34:22.354246196
117.14,7,08:34:22.354271579
117.14,2,08:34:22.355204375
117.14,2,08:34:22.355300656
117.14,2,08:34:22.355340317
117.14,12,08:34:22.355590650
117.14,2,08:34:22.355821443
117.14,1,08:34:22.355849235
117.14,3,08:34:22.355868422
117.14,11,08:34:22.355924681
117.14,11,08:34:22.355941731
117.14,1,08:34:22.355956906
117.14,2,08:34:22.355971177
117.14,11,08:34:22.355990515
117.14,8,08:34:22.355990515
117.14,15,08:34:22.356036319
117.14,1,08:34:22.356968927
117.13,2,08:34:22.363774282
117.13,1,08:34:22.363788153
117.13,5,08:34:22.363867773
117.13,1,08:34:22.363881869
117.14,1,08:34:22.377059829
117.14,1,08:34:22.378462276
117.14,4,08:34:22.378476503
117.14,1,08:34:23.960984416
117.14,1,08:34:23.961333239
117.14,1,08:34:23.961880845
117.14,2,08:34:23.961991776
117.14,1,08:34:25.030643718
117.14,1,08:34:25.031048548
117.14,1,08:34:26.476198788
117.14,3,08:34:26.476269335
117.14,1,08:34:27.605887123
117.14,1,08:34:27.605900268
117.14,2,08:34:27.605930028
117.14,5,08:34:27.605943458
117.14,7,08:34:27.605956850
117.14,1,08:34:27.606194290
117.14,3,08:34:27.606254614
117.14,1,08:34:27.606496949
