price,volume,timestamp
109.7969,5,08:00:00.337552861
109.8125,40,08:00:03.659298300
109.8125,40,08:00:03.659742548
109.8125,1,08:00:03.660005869
109.8125,1,08:00:03.666404187
109.8125,14,08:00:03.674272822
109.8125,1,08:00:03.674478158
109.8125,102,08:00:03.674977345
109.8125,8,08:00:03.675417242
109.8125,30,08:00:03.675460552
109.8125,1,08:00:03.675490137
109.8125,108,08:00:03.675739913
109.8125,14,08:00:03.676315253
109.8125,1,08:00:03.676349277
109.8125,1,08:00:03.676390897
109.8125,1,08:00:03.676477942
109.8125,1,08:00:03.676544852
109.8125,1,08:00:03.676552663
109.8125,33,08:00:03.676669792
109.8125,8,08:00:03.676707560
109.8125,5,08:00:03.676766137
109.8125,10,08:00:03.676833733
109.8125,36,08:00:03.676944783
109.8125,43,08:00:03.676978105
109.8125,1,08:00:03.677962061
109.8125,1,08:00:03.678136411
109.8125,8,08:00:03.679113658
109.8125,2,08:00:03.680124333
109.8125,8,08:00:03.680434066
109.8125,1,08:00:03.680675598
109.8125,21,08:00:03.682384132
109.8125,1,08:00:03.682606430
109.8125,1,08:00:03.682674838
109.8125,1,08:00:03.682717917
109.8125,1,08:00:03.682722621
109.8125,1,08:00:03.682749364
109.8125,11,08:00:03.682898801
109.8125,1,08:00:03.683106937
109.8125,1,08:00:03.683597199
109.8125,2,08:00:03.721106939
109.8125,1,08:00:03.721320850
109.8125,1,08:00:03.721393873
109.8125,25,08:00:03.721480706
109.8125,1,08:00:03.721659337
109.8125,1,08:00:03.721703117
109.8125,91,08:00:03.722005091
109.8125,1,08:00:03.745453725
109.8125,15,08:00:04.255108274
109.8125,1,08:00:04.255170234
109.8125,1,08:00:09.339234245
109.8125,200,08:00:15.923897164
109.8125,1,08:00:15.924323484
109.8125,1,08:00:15.924891002
109.8125,1,08:00:15.924949832
109.8125,2,08:00:15.925379092
109.8125,1,08:00:15.925457708
109.8125,53,08:00:15.932745193
109.8125,1,08:00:15.933178997
109.8125,1,08:00:15.933388422
109.8125,1,08:00:15.933439315
109.8281,1,08:00:15.957094264
109.8125,1,08:00:15.988116939
109.8125,1,08:00:15.988259642
109.8125,2,08:00:15.988577831
109.8125,1,08:00:15.989074766
109.8125,151,08:00:16.069596737
109.8125,1,08:00:16.069916494
109.8125,46,08:00:16.069968639
109.8125,1,08:00:16.070016377
109.8125,1,08:00:16.071541257
109.8125,3,08:00:16.073026938
109.8125,7,08:00:16.073388891
109.8125,13,08:00:16.073514071
109.8125,4,08:00:16.073543438
109.8125,1,08:00:16.074775924
109.8125,2,08:00:16.074844466
109.8125,18,08:00:16.075497923
109.8125,47,08:00:16.075730218
109.8125,1,08:00:16.075959724
109.8125,10,08:00:16.099016276
109.8125,1,08:00:16.099248908
109.8125,1,08:00:16.099294451
109.8125,1,08:00:16.099411775
109.8125,1,08:00:16.099538690
109.8125,1,08:00:16.099620883
109.8125,23,08:00:16.181517763
109.8125,2,08:00:16.181560340
109.8125,1,08:00:16.181871504
109.8125,1,08:00:16.181957593
109.8125,1,08:00:17.693098115
109.8125,1,08:00:17.693316929
109.8125,1,08:00:17.765363624
109.8125,1,08:00:17.765565430
109.8125,1,08:00:19.458843463
109.8125,1,08:00:19.671578485
109.8125,54,08:00:19.672012874
109.8125,2,08:00:19.672333639
109.8125,1,08:00:19.673274445
109.8125,4,08:00:38.797178415
109.8125,5,08:00:38.797259965
109.8125,54,08:00:38.797714704
109.8125,5,08:00:38.798229860
109.8125,5,08:00:38.798360195
109.8125,4,08:00:38.798483084
109.8125,54,08:00:38.798718136
109.8125,5,08:00:38.798765214
109.8125,5,08:00:38.798828695
109.8125,138,08:00:38.799189441
109.8125,1,08:00:38.801984333
109.8125,5,08:00:38.805824653
109.8281,1,08:00:59.600265424
109.8125,23,08:01:00.676463716
109.8125,11,08:01:00.777461776
109.8125,1,08:01:00.778265437
109.8125,3,08:01:00.778713046
109.8125,2,08:01:00.778741770
109.8125,1,08:01:00.779247576
109.8125,1,08:01:00.779363834
109.8125,1,08:01:00.779734075
109.8125,267,08:01:04.752723806
109.8125,1,08:01:04.755963215
109.8125,3,08:01:04.756760867
109.8125,1,08:01:04.757453255
109.8125,40,08:01:04.758967219
109.8125,8,08:01:04.759601206
109.8125,1,08:01:04.760089721
109.8125,1,08:01:04.760697967
109.8125,16,08:01:04.760987630
109.8125,1,08:01:04.761348211
109.8125,1,08:01:04.761383645
109.8125,4,08:01:04.761405382
109.8125,2,08:01:04.770455198
109.8125,1,08:01:04.770496290
109.8125,12,08:01:04.770657740
109.8125,1,08:01:04.770693456
109.8125,1,08:01:04.770755217
109.8125,1,08:01:04.770787063
109.8125,1,08:01:04.770819969
109.8125,1,08:01:04.770885870
109.8125,1,08:01:04.770913507
109.8125,1,08:01:04.770947533
109.8125,1,08:01:04.770993282
109.8125,1,08:01:04.771031122
109.8125,1,08:01:04.771125263
109.8125,1,08:01:04.771158543
109.8125,1,08:01:04.771192733
109.8125,1,08:01:04.771256196
109.8125,1,08:01:04.771280782
109.8125,1,08:01:04.771316745
109.8125,1,08:01:04.771759771
109.8125,6,08:01:04.773901571
109.8125,1,08:01:04.774704490
109.8125,1,08:01:05.961242623
109.8125,1,08:01:05.961472339
109.8125,2,08:01:05.961641783
109.8125,1,08:01:06.445554551
109.8125,1,08:01:06.445644288
109.8125,2,08:01:06.445856222
109.8125,2,08:01:06.445900204
109.8125,2,08:01:06.445965818
109.8125,1,08:01:06.446010381
109.8125,17,08:01:06.446046488
109.8125,22,08:01:06.446293121
109.8125,1,08:01:06.446592877
109.8125,1,08:01:06.446809185
109.8125,12,08:01:06.449030680
109.8125,18,08:01:06.449102751
109.8125,1,08:01:06.449130829
109.8125,20,08:01:06.449165697
109.8125,1,08:01:06.449511803
109.8125,1,08:01:06.451691495
109.8125,1,08:01:06.457741854
109.8125,1,08:01:06.457937310
109.8125,14,08:01:06.459970018
109.8125,1,08:01:06.461372926
109.8125,13,08:01:06.469149428
109.8125,2,08:01:06.480797824
109.8125,1,08:01:07.434171318
109.8125,1,08:01:07.434357917
109.8125,1,08:01:07.434506237
109.8125,1,08:01:07.434654326
109.8125,1,08:01:07.434693754
109.8125,1,08:01:07.434718417
109.8125,1,08:01:07.434760402
109.8125,1,08:01:07.434785196
109.8125,1,08:01:07.434822615
109.8125,1,08:01:07.434852369
109.8125,1,08:01:07.434897208
109.8125,1,08:01:07.434923420
109.8125,1,08:01:07.434974009
109.8125,1,08:01:07.435005889
109.8125,1,08:01:07.435036840
109.8125,1,08:01:07.435153725
109.8125,1,08:01:07.435193630
109.8125,1,08:01:07.435376168
109.8125,1,08:01:07.435441180
109.8125,3,08:01:07.435649972
109.8125,1,08:01:07.435760777
109.8125,1,08:01:07.436011797
109.8125,1,08:01:07.436065766
109.8125,1,08:01:07.436307899
109.8125,1,08:01:07.436651784
109.8125,1,08:01:07.437200858
109.8125,9,08:01:07.447185811
109.8125,10,08:01:07.825528226
109.8125,18,08:01:07.825896045
109.8125,1,08:01:07.825932775
109.8125,3,08:01:07.825959127
109.8125,1,08:01:07.826888180
109.8125,44,08:01:07.840092447
109.8125,4,08:01:07.840412078
109.8125,1,08:01:07.840484512
109.8125,1,08:01:07.840535666
109.8125,1,08:01:07.840569960
109.8125,1,08:01:07.840602118
109.8125,1,08:01:07.840630838
109.8125,1,08:01:07.840656883
109.8125,1,08:01:07.840690402
109.8125,1,08:01:07.840729183
109.8125,1,08:01:07.840756799
109.8125,1,08:01:07.840785075
109.8125,1,08:01:07.840828926
109.8125,1,08:01:07.841169464
109.8125,3,08:01:07.841335630
109.8125,1,08:01:07.841376066
109.8125,1,08:01:07.841404681
109.8125,1,08:01:07.842351913
109.8125,1,08:01:07.842375277
109.7969,4,08:01:09.877530770
109.8125,16,08:01:11.454390307
109.8125,1,08:01:11.454472655
109.8125,1,08:01:11.454508550
109.8125,1,08:01:11.454534281
109.8125,1,08:01:11.454575562
109.8125,1,08:01:11.454605880
109.8125,1,08:01:11.454637247
109.8125,1,08:01:11.454686259
109.8125,1,08:01:11.454723034
109.8125,1,08:01:11.454745412
109.8125,1,08:01:11.454793430
109.8125,1,08:01:11.454827665
109.8125,1,08:01:11.454888519
109.8125,1,08:01:11.454918267
109.8125,1,08:01:11.454968729
109.8125,1,08:01:11.455023824
109.8125,1,08:01:11.455067658
109.8125,1,08:01:11.455158649
109.8125,15,08:01:11.455234184
109.8125,4,08:01:11.455266322
109.8125,1,08:01:11.455307014
109.8125,1,08:01:11.455370894
109.8125,1,08:01:11.455440978
109.8125,1,08:01:11.455474134
109.8125,23,08:01:11.455580562
109.8125,9,08:01:11.455658224
109.8125,1,08:01:11.455859367
109.8125,5,08:01:11.456244156
109.8125,1,08:01:11.456423625
109.8125,1,08:01:11.457379862
109.8125,5,08:01:11.457807755
109.8125,1,08:01:11.457897889
109.8125,19,08:01:11.471223230
109.8125,1,08:01:11.471294095
109.8125,1,08:01:11.471363536
109.8125,9,08:01:11.471529390
109.8125,1,08:01:11.471949248
109.8125,1,08:01:11.472107331
109.8125,1,08:01:11.473585834
109.8125,38,08:01:11.532367463
109.8125,1,08:01:11.532606529
109.8125,1,08:01:11.532632789
109.8125,1,08:01:11.532662528
109.8125,1,08:01:11.532697396
109.8125,1,08:01:11.532729297
109.8125,1,08:01:11.533614592
109.8125,2,08:01:11.551766735
109.8281,25,08:01:13.858829962
109.8125,75,08:01:15.677864743
109.8281,1,08:01:17.620470385
109.8125,10,08:01:22.249165920
109.8125,1,08:01:22.249492296
109.8125,1,08:01:22.250306914
109.8125,1,08:01:22.250685222
109.8125,1,08:01:22.506016159
109.8125,1,08:01:22.506233283
109.8125,1,08:01:22.548869182
109.8125,1,08:01:23.333614543
109.8125,1,08:01:23.333799693
109.8125,1,08:01:23.333952777
109.8125,1,08:01:23.334287248
109.8125,1,08:01:23.681127160
109.8125,1,08:01:24.225107914
109.8125,42,08:01:24.225444372
109.8125,1,08:01:24.226006607
109.8125,1,08:01:24.226213123
109.8125,1,08:01:24.226379978
109.8125,1,08:01:24.226409051
109.8125,54,08:01:24.226693943
109.8125,12,08:01:24.227007729
109.8125,1,08:01:24.227038689
109.8125,1,08:01:24.227219845
109.8125,1,08:01:24.227888869
109.8125,25,08:01:24.606810417
109.8125,1,08:01:24.607010332
109.8125,1,08:01:24.607139140
109.8125,1,08:01:24.810413821
109.8125,1,08:01:24.810472232
109.8125,2,08:01:24.810833862
109.8125,18,08:01:24.814792495
109.8125,1,08:01:24.833909406
109.8125,1,08:01:25.230962410
109.8125,1,08:01:25.231159605
109.8125,49,08:01:25.369984257
109.8125,1,08:01:28.216420943
109.8125,1,08:01:28.216773523
109.8125,24,08:01:28.216819351
109.8125,2,08:01:28.217031195
109.8125,5,08:01:28.217179966
109.8125,1,08:01:28.217218408
109.8125,9,08:01:28.217338013
109.8125,1,08:01:28.217544069
109.8125,1,08:01:28.217611034
109.8125,20,08:01:28.221136958
109.8125,1,08:01:28.221299169
109.8125,1,08:01:28.221494991
109.8125,56,08:01:29.206334878
109.8125,26,08:01:29.206891829
109.8125,1,08:01:29.227930440
109.8125,34,08:01:31.028859269
109.7969,11,08:01:35.144285512
109.8125,5,08:01:37.226389210
109.8125,1,08:01:45.029848124
109.8125,1,08:01:45.029896000
109.8125,1,08:01:45.153647191
109.8125,1,08:01:48.373605746
109.8125,1,08:01:48.373840759
109.8125,1,08:01:48.374053467
109.8125,1,08:01:48.374115020
109.8125,1,08:01:48.374162733
109.8125,68,08:01:51.764233082
109.8125,13,08:01:51.768955108
109.8125,1,08:01:51.865957507
109.8125,4,08:01:51.866251391
109.8125,1,08:01:51.866299235
109.8125,1,08:01:51.866519359
109.8125,23,08:01:51.866846210
109.8125,1,08:01:51.905343862
109.8125,35,08:01:54.202390642
109.8125,1,08:01:57.169783393
109.8125,1,08:01:57.170001965
109.8125,1,08:01:57.170158912
109.8125,1,08:01:57.170596297
109.8125,1,08:01:58.075011515
109.8125,1,08:01:58.075192428
109.8125,1,08:01:59.992651078
109.8125,1,08:01:59.992974884
109.8125,4,08:02:00.092633456
109.8125,1,08:02:00.092823668
109.8125,1,08:02:00.092889282
109.8125,2,08:02:00.189365525
109.8125,1,08:02:00.189571894
109.8125,1,08:02:01.326890622
109.8125,1,08:02:01.328273504
109.8125,1,08:02:01.437698461
109.8125,1,08:02:02.717374114
109.8125,9,08:02:02.717974765
109.8125,1,08:02:02.718131968
109.8125,1,08:02:02.718242877
109.8125,1,08:02:02.718303371
109.8125,17,08:02:02.718349228
109.8125,1,08:02:02.718374134
109.8125,1,08:02:02.718416529
109.8125,1,08:02:02.718452551
109.8125,1,08:02:02.718503339
109.8125,1,08:02:02.718538150
109.8125,1,08:02:02.718571920
109.8125,1,08:02:02.718602100
109.8125,1,08:02:02.718634132
109.8125,1,08:02:02.718707939
109.8125,1,08:02:02.718733498
109.8125,1,08:02:02.718802545
109.8125,1,08:02:02.718831110
109.8125,1,08:02:02.718872284
109.8125,1,08:02:02.718912503
109.8125,1,08:02:02.718943057
109.8125,1,08:02:02.718994012
109.8125,1,08:02:02.719027510
109.8125,1,08:02:02.719389108
109.8125,1,08:02:02.719582213
109.8125,1,08:02:04.017937583
109.8125,1,08:02:04.150308877
109.8125,1,08:02:04.722574029
109.8125,1,08:02:05.877327186
109.8125,73,08:02:06.080547123
109.8125,40,08:02:06.082919109
109.8125,15,08:02:06.083083027
109.8125,7,08:02:06.083213304
109.8125,1,08:02:06.085879394
109.8125,1,08:02:06.087927229
109.8125,40,08:02:07.507544590
109.8125,1,08:02:07.507927939
109.8125,36,08:02:07.507958816
109.8125,1,08:02:07.508112822
109.8125,20,08:02:07.508292397
109.8125,1,08:02:07.508384171
109.8125,15,08:02:07.508700049
109.8125,4,08:02:07.508809037
109.8125,15,08:02:07.508809037
109.8125,1,08:02:07.508831335
109.8125,1,08:02:07.509119751
109.8125,1,08:02:07.509221433
109.8125,1,08:02:07.509391219
109.8125,1,08:02:07.509409885
109.8125,1,08:02:07.509432701
109.8125,1,08:02:07.509476552
109.8125,1,08:02:07.509506392
109.8125,1,08:02:07.509551296
109.8125,1,08:02:07.509956165
109.8125,1,08:02:07.510007955
109.8125,4,08:02:08.725351186
109.8125,2,08:02:31.734784793
109.7969,54,08:02:36.064714822
109.7969,30,08:02:36.065148536
109.7969,54,08:02:36.065370880
109.7969,1,08:02:36.065848754
109.7969,1,08:02:36.067306721
109.7969,1,08:02:36.067575075
109.7969,1,08:02:36.067749933
109.7969,1,08:02:36.067802664
109.7969,3,08:02:36.067850357
109.7969,1,08:02:36.067870988
109.7969,2,08:02:36.067904500
109.7969,12,08:02:36.067956753
109.7969,5,08:02:36.067979224
109.7969,27,08:02:36.068038764
109.7969,13,08:02:36.068090307
109.7969,1,08:02:36.068130286
109.7969,30,08:02:36.068476053
109.7969,99,08:02:36.068810466
109.7969,1,08:02:36.069214078
109.7969,1,08:02:36.069244731
109.7969,38,08:02:36.069329628
109.7969,1,08:02:36.069329628
109.7969,1,08:02:36.069365913
109.7969,1,08:02:36.069386317
109.7969,1,08:02:36.069421451
109.7969,1,08:02:36.069452933
109.7969,1,08:02:36.069522308
109.7969,1,08:02:36.069570958
109.7969,1,08:02:36.069599570
109.7969,1,08:02:36.069632368
109.7969,1,08:02:36.069656109
109.7969,1,08:02:36.069718706
109.7969,1,08:02:36.069747318
109.7969,1,08:02:36.069780380
109.7969,1,08:02:36.069809421
109.7969,1,08:02:36.069841559
109.7969,1,08:02:36.069866011
109.7969,1,08:02:36.069895570
109.7969,1,08:02:36.069928649
109.7969,1,08:02:36.069997099
109.7969,17,08:02:36.070021390
109.7969,10,08:02:36.070146887
109.7969,1,08:02:36.070276842
109.7969,1,08:02:36.070312010
109.7969,1,08:02:36.070353044
109.7969,28,08:02:36.070595130
109.7969,5,08:02:36.070664341
109.7969,1,08:02:36.070856491
109.7969,1,08:02:36.070889708
109.7969,1,08:02:36.071650133
109.7969,1,08:02:36.072051252
109.7969,2,08:02:36.072136972
109.7969,1,08:02:36.072209661
109.7969,1,08:02:36.072295711
109.7969,1,08:02:36.072391291
109.7969,1,08:02:36.072472000
109.7969,1,08:02:36.072973593
109.7969,1,08:02:36.073072777
109.7969,1,08:02:36.073091177
109.7969,6,08:02:36.073211541
109.7969,1,08:02:36.073229916
109.7969,1,08:02:36.073288995
109.7969,1,08:02:36.073365515
109.7969,7,08:02:36.073615123
109.7969,4,08:02:36.073690379
109.7969,1,08:02:36.073893600
109.7969,1,08:02:36.073918803
109.7969,1,08:02:36.073947328
109.7969,1,08:02:36.073979998
109.7969,1,08:02:36.074012146
109.7969,1,08:02:36.074038360
109.7969,1,08:02:36.074059887
109.7969,1,08:02:36.074109337
109.7969,1,08:02:36.074164847
109.7969,1,08:02:36.074219216
109.7969,1,08:02:36.074243210
109.7969,1,08:02:36.074284961
109.7969,1,08:02:36.074308151
109.7969,1,08:02:36.074369900
109.7969,1,08:02:36.074417309
109.7969,1,08:02:36.074463521
109.7969,1,08:02:36.074496171
109.7969,1,08:02:36.074571175
109.7969,1,08:02:36.074643292
109.7969,9,08:02:36.074762760
109.7969,1,08:02:36.075040499
109.7969,13,08:02:36.075143416
109.7969,108,08:02:36.075772834
109.7969,5,08:02:36.075812134
109.7969,15,08:02:36.075921979
109.7969,5,08:02:36.075964208
109.7969,2,08:02:36.076379381
109.7969,22,08:02:36.076533586
109.7969,1,08:02:36.077531683
109.7969,1,08:02:36.077631351
109.7969,1,08:02:36.077712336
109.7969,1,08:02:36.077849113
109.7969,1,08:02:36.077870506
109.7969,1,08:02:36.077894090
109.7969,1,08:02:36.077912804
109.7969,1,08:02:36.077934433
109.7969,1,08:02:36.077958062
109.7969,1,08:02:36.077974920
109.7969,1,08:02:36.077998371
109.7969,1,08:02:36.078020883
109.7969,1,08:02:36.078044525
109.7969,1,08:02:36.078061479
109.7969,1,08:02:36.078087524
109.7969,1,08:02:36.078105499
109.7969,1,08:02:36.078126389
109.7969,1,08:02:36.078147177
109.7969,1,08:02:36.078174448
109.7969,1,08:02:36.078198535
109.7969,1,08:02:36.078215585
109.7969,1,08:02:36.078240129
109.7969,1,08:02:36.078256222
109.7969,1,08:02:36.078280543
109.7969,1,08:02:36.078300373
109.7969,1,08:02:36.078326707
109.7969,5,08:02:36.078412993
109.7969,1,08:02:36.078440508
109.7969,5,08:02:36.078483948
109.7969,5,08:02:36.078504285
109.7969,4,08:02:36.078576763
109.7969,1,08:02:36.078608194
109.7969,4,08:02:36.079169482
109.7969,1,08:02:36.079379230
109.7969,54,08:02:36.079476870
109.7969,54,08:02:36.080039313
109.7969,1,08:02:36.080671983
109.7969,54,08:02:36.080725235
109.7969,1,08:02:36.081173835
109.7969,54,08:02:36.081210655
109.7969,1,08:02:36.081565575
109.7969,2,08:02:36.081989674
109.7969,54,08:02:36.082068689
109.7969,2,08:02:36.125626363
109.7969,1,08:02:36.125843887
109.7969,1,08:02:36.125950875
109.7969,1,08:02:36.126167794
109.7969,1,08:02:36.139781458
109.7969,1,08:02:36.139823469
109.7969,1,08:02:36.139921493
109.7969,1,08:02:36.139962448
109.7969,8,08:02:36.140120438
109.7969,130,08:02:36.140585327
109.7969,1,08:02:36.141443645
109.7969,1,08:02:36.141464373
109.7969,15,08:02:36.141552306
109.7969,1,08:02:36.141624586
109.7969,1,08:02:36.141641090
109.7969,1,08:02:36.141665929
109.7969,1,08:02:36.141686255
109.7969,1,08:02:36.141707731
109.7969,1,08:02:36.141730135
109.7969,1,08:02:36.141751649
109.7969,1,08:02:36.141778695
109.7969,1,08:02:36.141795333
109.7969,1,08:02:36.141818985
109.7969,1,08:02:36.141847529
109.7969,1,08:02:36.141867328
109.7969,1,08:02:36.141885709
109.7969,1,08:02:36.141909505
109.7969,1,08:02:36.141939297
109.7969,1,08:02:36.141968341
109.7969,1,08:02:36.142017267
109.7969,1,08:02:36.142038301
109.7969,1,08:02:36.142074855
109.7969,1,08:02:36.142114062
109.7969,1,08:02:36.142145522
109.7969,5,08:02:36.142197113
109.7969,1,08:02:36.142244468
109.7969,1,08:02:36.142281749
109.7969,1,08:02:36.142510759
109.7969,1,08:02:36.142983472
109.7969,2,08:02:36.143828148
109.7969,142,08:02:36.144038312
109.7969,1,08:02:36.144753633
109.7969,1,08:02:36.145361696
109.7969,1,08:02:36.145440223
109.7969,1,08:02:36.145465487
109.7969,1,08:02:36.145486831
109.7969,1,08:02:36.145509113
109.7969,1,08:02:36.145526160
109.7969,1,08:02:36.145545601
109.7969,1,08:02:36.145571060
109.7969,1,08:02:36.145590651
109.7969,1,08:02:36.145613323
109.7969,1,08:02:36.145629765
109.7969,1,08:02:36.145651126
109.7969,1,08:02:36.145677891
109.7969,1,08:02:36.145695367
109.7969,1,08:02:36.145719681
109.7969,1,08:02:36.145735493
109.7969,1,08:02:36.145759672
109.7969,1,08:02:36.145778236
109.7969,1,08:02:36.145797958
109.7969,1,08:02:36.145819309
109.7969,1,08:02:36.145839392
109.7969,1,08:02:36.145931244
109.7969,1,08:02:36.145957148
109.7969,1,08:02:36.145983152
109.7969,4,08:02:36.146012141
109.7969,1,08:02:36.146064805
109.7969,54,08:02:36.146140022
109.7969,7,08:02:36.146174925
109.7969,54,08:02:36.146264140
109.7969,1,08:02:36.147103971
109.7969,1,08:02:36.147195964
109.7969,14,08:02:36.148943458
109.7969,1,08:02:36.149145993
109.7969,108,08:02:36.149599644
109.7969,18,08:02:36.149627123
109.7969,1,08:02:36.149705665
109.7969,1,08:02:36.149755992
109.7969,1,08:02:36.149842051
109.7969,1,08:02:36.149880452
109.7969,1,08:02:36.149927122
109.7969,1,08:02:36.149949513
109.7969,1,08:02:36.149985738
109.7969,1,08:02:36.150026315
109.7969,1,08:02:36.150061957
109.7969,1,08:02:36.150102019
109.7969,1,08:02:36.150171214
109.7969,1,08:02:36.150208952
109.7969,1,08:02:36.150230236
109.7969,1,08:02:36.150292227
109.7969,1,08:02:36.150320468
109.7969,1,08:02:36.150407260
109.7969,1,08:02:36.150430470
109.7969,7,08:02:36.150504609
109.7969,62,08:02:36.150534501
109.7969,1,08:02:36.150681074
109.7969,20,08:02:36.150720249
109.7969,8,08:02:36.150857599
109.7969,2,08:02:36.151167039
109.7969,20,08:02:36.151448498
109.7969,1,08:02:36.152238685
109.7969,1,08:02:36.152281847
109.7969,1,08:02:36.152926761
109.7969,10,08:02:36.153777169
109.7969,2,08:02:36.155460108
109.7969,4,08:02:36.157783182
109.7969,54,08:02:36.157832697
109.7969,1,08:02:36.158069191
109.7969,1,08:02:36.158148206
109.7969,1,08:02:36.158192203
109.7969,8,08:02:36.158290670
109.7969,39,08:02:36.158409579
109.7969,69,08:02:36.158843226
109.7969,1,08:02:36.159831803
109.7969,1,08:02:36.159852248
109.7969,1,08:02:36.159925920
109.7969,1,08:02:36.160014356
109.7969,1,08:02:36.160229788
109.7969,1,08:02:36.160251229
109.7969,1,08:02:36.160282570
109.7969,1,08:02:36.160309908
109.7969,1,08:02:36.160343774
109.7969,1,08:02:36.160375561
109.7969,1,08:02:36.160433005
109.7969,1,08:02:36.160498922
109.7969,1,08:02:36.160521854
109.7969,1,08:02:36.160558504
109.7969,26,08:02:36.160872620
109.7969,29,08:02:36.161015366
109.7969,1,08:02:36.161424248
109.7969,1,08:02:36.161450722
109.7969,1,08:02:36.161505520
109.7969,9,08:02:36.161797875
109.7969,4,08:02:36.161940501
109.7969,1,08:02:36.161984969
109.7969,1,08:02:36.162135661
109.7969,1,08:02:36.162320266
109.7969,1,08:02:36.162382978
109.7969,1,08:02:36.162489610
109.7969,1,08:02:36.162833265
109.7969,4,08:02:36.166291447
109.7969,1,08:02:36.167045766
109.7969,47,08:02:36.192653812
109.7969,1,08:02:36.192891379
109.7969,1,08:02:36.192973371
109.7969,27,08:02:36.193335629
109.7969,1,08:02:36.193544228
109.7969,23,08:02:36.193666107
109.7969,1,08:02:36.193885569
109.7969,1,08:02:36.194064078
109.7969,1,08:02:36.194099903
109.7969,1,08:02:36.194129990
109.7969,1,08:02:36.194209261
109.7969,1,08:02:36.194232769
109.7969,1,08:02:36.194272531
109.7969,1,08:02:36.194298998
109.7969,1,08:02:36.194325818
109.7969,1,08:02:36.194361959
109.7969,1,08:02:36.194384965
109.7969,1,08:02:36.194414396
109.7969,1,08:02:36.194444633
109.7969,1,08:02:36.194469503
109.7969,1,08:02:36.194498330
109.7969,1,08:02:36.194523531
109.7969,1,08:02:36.194561928
109.7969,1,08:02:36.194599382
109.7969,1,08:02:36.194625715
109.7969,1,08:02:36.194663530
109.7969,1,08:02:36.194700091
109.7969,1,08:02:36.194793370
109.7969,1,08:02:36.194841881
109.7969,1,08:02:36.194915771
109.7969,45,08:02:36.194981703
109.7969,1,08:02:36.195164376
109.7969,1,08:02:36.195239651
109.7969,1,08:02:36.195465787
109.7969,5,08:02:36.199845597
109.7969,5,08:02:36.200209226
109.7969,1,08:02:36.401816585
109.7969,20,08:02:36.404827683
109.7969,6,08:02:37.801524441
109.7969,15,08:02:37.801584055
109.7969,4,08:02:37.801660447
109.7969,2,08:02:37.801698899
109.7969,79,08:02:37.802107665
109.7969,1,08:02:37.802247761
109.7969,9,08:02:37.802293727
109.7969,1,08:02:37.802358375
109.7969,4,08:02:37.802395370
109.7969,1,08:02:37.802395370
109.7969,1,08:02:37.802474261
109.7969,1,08:02:37.802652522
109.7969,1,08:02:37.802816394
109.7969,1,08:02:37.802906012
109.7813,27,08:02:39.082948070
109.7813,1,08:02:39.910724014
109.7813,46,08:02:51.448902063
109.7813,1,08:02:51.451979523
109.7813,4,08:02:51.453788469
109.7813,1,08:02:51.453902145
109.7813,1,08:02:51.455994168
109.7813,1,08:02:51.456034338
109.7813,1,08:02:51.456285815
109.7813,4,08:02:51.456339125
109.7813,1,08:02:51.456427370
109.7813,1,08:02:51.456466344
109.7813,1,08:02:51.457855706
109.7813,1,08:02:51.458189238
109.7813,5,08:02:51.458290758
109.7813,16,08:02:51.458829630
109.7813,1,08:02:51.458994043
109.7813,1,08:02:51.459446193
109.7813,1,08:02:51.459592541
109.7813,1,08:02:51.461714398
109.7813,1,08:02:51.461849688
109.7813,201,08:02:51.498062620
109.7813,1,08:02:51.498789402
109.7813,1,08:02:51.498823339
109.7813,1,08:02:51.498941991
109.7813,1,08:02:51.498983669
109.7813,1,08:02:51.499039123
109.7813,1,08:02:51.499067824
109.7813,1,08:02:51.499096557
109.7813,1,08:02:51.499148424
109.7813,1,08:02:51.499195395
109.7813,1,08:02:51.499215376
109.7813,1,08:02:51.499246020
109.7813,1,08:02:51.499278376
109.7813,1,08:02:51.499334555
109.7813,1,08:02:51.499365047
109.7813,1,08:02:51.499409776
109.7813,1,08:02:51.499455461
109.7813,1,08:02:51.499477580
109.7813,1,08:02:51.499535494
109.7813,1,08:02:51.499562019
109.7813,1,08:02:51.499602532
109.7813,1,08:02:51.499637972
109.7813,1,08:02:51.499675257
109.7813,6,08:02:51.499902615
109.7813,3,08:02:51.499902615
109.7813,1,08:02:51.499929291
109.7813,28,08:02:51.500104530
109.7813,1,08:02:51.500418171
109.7813,16,08:02:51.500426498
109.7813,1,08:02:51.500442489
109.7813,1,08:02:51.500494377
109.7813,1,08:02:51.501116518
109.7813,1,08:02:51.501173752
109.7813,1,08:02:51.501203720
109.7813,1,08:02:51.501243311
109.7813,1,08:02:51.501262447
109.7813,1,08:02:51.501295844
109.7813,1,08:02:51.501353384
109.7813,1,08:02:51.501382755
109.7813,1,08:02:51.501418431
109.7813,1,08:02:51.501448957
109.7813,1,08:02:51.501477901
109.7813,1,08:02:51.501523119
109.7813,1,08:02:51.501579554
109.7813,1,08:02:51.501608548
109.7813,1,08:02:51.501639386
109.7813,1,08:02:51.501664901
109.7813,1,08:02:51.501692267
109.7813,1,08:02:51.501730998
109.7813,1,08:02:51.501762016
109.7813,1,08:02:51.501816094
109.7813,1,08:02:51.501830734
109.7813,1,08:02:51.501866393
109.7813,55,08:02:51.501993616
109.7813,12,08:02:51.502075261
109.7813,1,08:02:51.502093802
109.7813,1,08:02:51.502973106
109.7813,1,08:02:51.612168438
109.7813,16,08:02:53.296633019
109.7813,1,08:02:53.296964101
109.7813,1,08:02:53.297070802
109.7813,1,08:02:53.297124800
109.7813,1,08:02:53.297208902
109.7813,75,08:02:53.297766539
109.7813,1,08:02:53.298214483
109.7813,1,08:02:53.298253841
109.7813,1,08:02:53.298317146
109.7813,1,08:02:53.298374122
109.7813,1,08:02:53.298448652
109.7813,1,08:02:53.298515745
109.7813,1,08:02:53.298549800
109.7813,5,08:02:53.298756246
109.7813,1,08:02:53.298790796
109.7813,7,08:02:53.298934579
109.7813,1,08:02:53.299060025
109.7813,1,08:02:53.346627695
109.7813,1,08:02:53.346882846
109.7813,1,08:02:53.346927506
109.7813,5,08:02:53.477637776
109.7813,1,08:02:53.477841338
109.7813,1,08:02:53.477885570
109.7813,102,08:02:54.539018621
109.7813,2,08:02:54.540360347
109.7813,1,08:02:54.540493796
109.7813,1,08:02:55.355017337
109.7813,1,08:02:55.394515905
109.7813,1,08:02:56.133699627
109.7813,2,08:02:56.394844915
109.7813,1,08:02:57.403849012
109.7813,10,08:02:59.488925297
109.7813,1,08:02:59.489163062
109.7813,1,08:02:59.489292959
109.7813,1,08:03:00.088794526
109.7813,50,08:03:02.380902061
109.7813,1,08:03:02.381625249
109.7813,7,08:03:03.403857692
109.7813,2,08:03:03.404322395
109.7813,1,08:03:03.404359052
109.7813,4,08:03:03.465373986
109.7813,1,08:03:03.465689865
109.7813,1,08:03:05.758047846
109.7813,141,08:03:05.758287285
109.7813,1,08:03:05.760836389
109.7813,1,08:03:05.762262757
109.7813,40,08:03:06.543449399
109.7813,54,08:03:06.543881023
109.7813,4,08:03:06.543928208
109.7813,1,08:03:06.544408801
109.7813,1,08:03:06.544471080
109.7813,28,08:03:06.544494671
109.7813,1,08:03:06.544536525
109.7813,1,08:03:06.544559997
109.7813,1,08:03:06.544593988
109.7813,1,08:03:06.544616690
109.7813,1,08:03:06.544648559
109.7813,1,08:03:06.544676985
109.7813,1,08:03:06.544708647
109.7813,3,08:03:06.544808610
109.7813,1,08:03:06.544841360
109.7813,20,08:03:06.548425515
109.7813,1,08:03:06.548520960
109.7813,31,08:03:06.548913304
109.7813,1,08:03:06.549150432
109.7813,1,08:03:06.549187335
109.7813,1,08:03:06.549215727
109.7813,1,08:03:06.549252003
109.7813,1,08:03:06.549448697
109.7813,30,08:03:06.560016828
109.7813,1,08:03:06.589834874
109.7813,74,08:03:06.590393697
109.7813,1,08:03:06.590601664
109.7813,72,08:03:06.590815175
109.7813,1,08:03:06.591525670
109.7813,4,08:03:06.706612241
109.7813,54,08:03:06.706931922
109.7813,6,08:03:06.707151471
109.7813,19,08:03:06.707259279
109.7813,10,08:03:06.710506471
109.7813,1,08:03:06.710952557
109.7813,54,08:03:10.881644319
109.7813,136,08:03:10.882175783
109.7813,1,08:03:10.885712388
109.7969,2,08:03:20.636636424
109.7813,33,08:03:39.665490643
109.7813,1,08:03:47.196473485
109.7969,250,08:03:51.939388587
109.7969,10,08:03:56.868043599
109.7969,7,08:03:58.761843932
109.7969,5,08:03:58.762854817
109.7969,2,08:03:58.763169175
109.7969,49,08:03:58.763666494
109.7969,10,08:03:58.763701865
109.7969,2,08:03:58.763841640
109.7969,4,08:03:58.764089411
109.7969,54,08:03:58.764485352
109.7969,54,08:03:58.765104750
109.7969,4,08:03:58.765374980
109.7969,30,08:03:58.765505590
109.7969,1,08:03:58.765612217
109.7969,4,08:03:58.766235096
109.7969,20,08:03:58.766512392
109.7969,1,08:03:58.766587193
109.7969,5,08:03:58.766618323
109.7969,234,08:03:58.767341432
109.7969,1,08:03:58.770625256
109.7969,1,08:03:58.775678430
109.7969,4,08:04:00.742851137
109.7969,1,08:04:00.744547686
109.7969,4,08:04:00.745297212
109.7969,1,08:04:00.747391670
109.7969,2,08:04:00.747418010
109.7969,1,08:04:00.747754281
109.7969,2,08:04:00.747775424
109.7969,23,08:04:00.747804205
109.7969,1,08:04:00.747889104
109.7969,1,08:04:00.747934244
109.7969,1,08:04:00.747967205
109.7969,5,08:04:00.748149765
109.7969,1,08:04:00.748177836
109.7969,1,08:04:00.748704548
109.7969,1,08:04:00.748729857
109.7969,1,08:04:00.749309696
109.7969,1,08:04:00.754964892
109.7969,4,08:04:00.755082427
109.7969,1,08:04:00.755205985
109.7969,90,08:04:00.756751763
109.7969,1,08:04:00.757563904
109.7969,1,08:04:00.757641032
109.7969,2,08:04:00.757641032
109.7969,1,08:04:00.759052085
109.7969,1,08:04:00.759174718
109.7969,1,08:04:00.760277905
109.7969,40,08:04:00.761395130
109.7969,4,08:04:00.763211163
109.7969,52,08:04:00.763503352
109.7969,1,08:04:00.765604861
109.7969,1,08:04:00.765735215
109.7969,1,08:04:00.765950084
109.7969,4,08:04:00.766064399
109.7969,1,08:04:00.766150289
109.7969,4,08:04:00.766279987
109.7969,1,08:04:00.766365308
109.7969,1,08:04:00.766613310
109.7969,1,08:04:00.781179863
109.7969,10,08:04:00.874756298
109.7969,72,08:04:00.875044755
109.8125,2,08:04:18.951413721
109.8125,1,08:04:30.995036984
109.7969,1,08:04:33.503394868
109.7969,200,08:04:37.570013013
109.7969,1,08:04:37.571559341
109.7969,5,08:04:37.574130449
109.7969,11,08:04:37.580045196
109.7969,1,08:04:37.580218595
109.7969,1,08:04:37.580424333
109.7969,1,08:04:39.541064720
109.7969,1,08:04:39.541317727
109.7969,59,08:04:39.541768907
109.7969,7,08:04:39.542086123
109.7969,1,08:04:39.542346132
109.7969,1,08:04:39.542398753
109.7969,9,08:04:39.542486049
109.7969,1,08:04:39.542510199
109.7969,1,08:04:39.542591486
109.7969,1,08:04:39.542661863
109.7969,1,08:04:39.542701794
109.7969,1,08:04:39.543139181
109.7969,2,08:04:39.543373723
109.7969,1,08:04:39.543398511
109.7969,1,08:04:39.543547068
109.7969,20,08:04:39.543585990
109.7969,1,08:04:39.544394810
109.7969,1,08:04:39.544430913
109.7969,23,08:04:39.544509884
109.7969,1,08:04:39.544532851
109.7969,1,08:04:39.544571965
109.7969,1,08:04:39.544875728
109.7969,7,08:04:39.545419835
109.7969,1,08:04:39.545925225
109.7969,7,08:04:39.546053867
109.7969,4,08:04:39.546627256
109.7969,20,08:04:39.547055261
109.7969,1,08:04:39.547482780
109.7969,15,08:04:39.547785995
109.7969,1,08:04:39.547973433
109.7969,1,08:04:39.548098309
109.7969,1,08:04:39.548184007
109.7969,1,08:04:39.548259644
109.7969,104,08:04:39.548358702
109.7969,1,08:04:39.549245203
109.7969,1,08:04:39.550520953
109.7969,1,08:04:39.550977337
109.7969,1,08:04:39.551000441
109.7969,1,08:04:39.551069828
109.7969,1,08:04:39.551132998
109.7969,1,08:04:39.551163312
109.7969,3,08:04:39.551233661
109.7969,1,08:04:39.551667409
109.7969,1,08:04:39.551785126
109.7969,16,08:04:39.551817741
109.7969,1,08:04:39.551851777
109.7969,1,08:04:39.552072223
109.7969,1,08:04:39.552975121
109.7969,3,08:04:39.553628574
109.7969,1,08:04:39.553823718
109.7969,1,08:04:39.555293021
109.7969,1,08:04:39.555463911
109.7969,1,08:04:39.555537630
109.7969,1,08:04:39.555639399
109.7969,9,08:04:39.555843781
109.7969,1,08:04:39.556030210
109.7969,1,08:04:39.556104180
109.7969,1,08:04:39.556945701
109.7969,5,08:04:39.559022197
109.7969,1,08:04:39.559223436
109.7969,27,08:04:39.593169256
109.7969,23,08:04:39.593279242
109.7969,28,08:04:39.593361269
109.7969,19,08:04:39.593424544
109.7969,45,08:04:39.593540166
109.7813,1,08:04:56.178896416
109.7969,1,08:05:10.128699111
109.7813,1,08:05:17.364066663
109.7813,1,08:05:18.331750418
109.7813,1,08:05:19.167671961
109.7813,1,08:05:19.779578103
109.7813,1,08:05:20.716426313
109.7969,5,08:05:20.990158934
109.7969,2,08:05:21.219415546
109.7813,1,08:05:23.377263199
109.7969,200,08:05:29.387942251
109.7969,1,08:05:29.388632402
109.7969,1,08:05:29.388672445
109.7969,39,08:05:29.389100515
109.7969,1,08:05:29.389260140
109.7969,1,08:05:29.389303651
109.7969,1,08:05:29.389956913
109.7969,1,08:05:29.390093107
109.7969,2,08:05:29.390256675
109.7969,4,08:05:29.807779379
109.7969,1,08:05:29.808051461
109.7969,1,08:05:29.808196811
109.7969,1,08:05:29.808231862
109.7969,14,08:05:29.808286157
109.7969,40,08:05:29.808382646
109.7969,1,08:05:29.808648978
109.7969,1,08:05:29.808825410
109.7969,1,08:05:29.809125630
109.7969,1,08:05:29.809508620
109.7969,280,08:05:29.828481775
109.7969,30,08:05:29.885744331
109.7969,1,08:05:29.886557182
109.7969,1,08:05:29.886636890
109.7969,5,08:05:29.886767728
109.7969,5,08:05:29.886810730
109.7969,108,08:05:29.886837873
109.7969,4,08:05:29.886858715
109.7969,2,08:05:29.886897970
109.7969,29,08:05:29.886922604
109.7969,2,08:05:29.886951021
109.7969,1,08:05:29.887560044
109.7969,1,08:05:29.887577293
109.7969,1,08:05:29.887738019
109.7969,1,08:05:29.888029203
109.7969,1,08:05:29.888060557
109.7969,1,08:05:29.899148141
109.7969,1,08:05:29.899347018
109.7969,54,08:05:29.905116937
109.7969,1,08:05:29.905337236
109.7969,1,08:05:29.905416844
109.7969,5,08:05:29.905462675
109.7969,1,08:05:29.905512154
109.7969,1,08:05:29.905550731
109.7969,1,08:05:29.905645168
109.7969,54,08:05:29.905692682
109.7969,1,08:05:29.905903407
109.7969,1,08:05:29.905961769
109.7969,1,08:05:29.905995658
109.7969,1,08:05:29.906042011
109.7969,1,08:05:29.906112307
109.7969,1,08:05:29.906183889
109.7969,4,08:05:29.906215416
109.7969,1,08:05:29.906278797
109.7969,2,08:05:29.906371593
109.7969,1,08:05:29.906542886
109.7969,4,08:05:29.906627946
109.7969,1,08:05:29.906667595
109.7969,1,08:05:29.906693244
109.7969,1,08:05:29.906803019
109.7969,26,08:05:29.933962518
109.7969,2,08:05:29.936750475
109.7969,1,08:05:29.945563239
109.7969,20,08:05:29.947292144
109.7969,1,08:05:29.947534571
109.7969,1,08:05:30.015666646
109.7969,150,08:05:35.246193208
109.7969,1,08:05:39.156542936
109.7969,54,08:05:44.621575735
109.7969,1,08:05:44.621882564
109.7969,1,08:05:44.622107270
109.7969,15,08:05:44.622281436
109.7969,1,08:05:44.622366203
109.7969,108,08:05:44.622770338
109.7969,1,08:05:44.623325301
109.7969,30,08:05:44.623378162
109.7969,1,08:05:44.623408834
109.7969,1,08:05:44.623454947
109.7969,1,08:05:44.623520353
109.7969,1,08:05:44.623551449
109.7969,1,08:05:44.623596692
109.7969,1,08:05:44.623623256
109.7969,1,08:05:44.623787393
109.7969,1,08:05:44.623891245
109.7969,2,08:05:44.623964021
109.7969,1,08:05:44.624035868
109.7969,1,08:05:44.624165151
109.7969,54,08:05:44.624459688
109.7969,1,08:05:44.624665855
109.7969,1,08:05:44.624831619
109.7969,6,08:05:44.624873226
109.7969,1,08:05:44.624904699
109.7969,1,08:05:44.624933019
109.7969,1,08:05:44.624960828
109.7969,22,08:05:44.625082046
109.7969,3,08:05:44.625362528
109.7969,1,08:05:44.625893285
109.7969,2,08:05:44.628302090
109.7969,49,08:05:44.743001889
109.7969,1,08:05:44.743292663
109.7969,1,08:05:44.743337448
109.7969,1,08:05:44.743372726
109.7969,1,08:05:44.743403830
109.7969,1,08:05:44.743435197
109.7969,1,08:05:44.743462299
109.7969,1,08:05:44.743534037
109.7969,1,08:05:44.743562451
109.7969,1,08:05:44.743587421
109.7969,1,08:05:44.743618788
109.7969,1,08:05:44.743650552
109.7969,15,08:05:44.743761683
109.7969,1,08:05:44.744246852
109.7969,1,08:05:44.744335760
109.7969,9,08:05:44.751030016
109.7969,1,08:05:44.751204321
109.7969,2,08:05:44.751268235
109.7969,2,08:05:44.751324396
109.7969,1,08:05:44.751355012
109.7969,1,08:05:44.751393358
109.7969,1,08:05:44.751444463
109.7969,1,08:05:44.751468915
109.7969,1,08:05:44.751544500
109.7969,20,08:05:44.752011268
109.7969,2,08:05:44.752076623
109.7969,1,08:05:44.752123616
109.7969,1,08:05:44.752174516
109.7969,6,08:05:44.752250825
109.7969,1,08:05:44.752280685
109.7969,2,08:05:44.752344051
109.7969,2,08:05:44.752448586
109.7969,5,08:05:44.752527138
109.7969,1,08:05:44.752711212
109.7969,1,08:05:44.752749130
109.7969,1,08:05:44.752802148
109.7969,44,08:05:44.752883696
109.7969,5,08:05:44.752939379
109.7969,1,08:05:44.752978344
109.7969,1,08:05:44.753429145
109.7969,1,08:05:44.753779490
109.7969,1,08:05:44.753865859
109.7969,1,08:05:44.753967119
109.7969,1,08:05:44.811847067
109.7969,1,08:05:44.811906808
109.7969,19,08:05:44.812201163
109.7969,2,08:05:44.840142794
109.7969,10,08:05:44.864679981
109.7969,1,08:05:44.908049517
109.7969,1,08:05:45.606529109
109.7969,13,08:05:45.606895709
109.7969,1,08:05:45.607107300
109.7969,1,08:05:45.653510590
109.7969,4,08:05:46.316667691
109.7969,20,08:05:46.319312244
109.7969,20,08:05:46.319771239
109.7969,1,08:05:46.319811710
109.7969,1,08:05:46.319834654
109.7969,1,08:05:46.319921895
109.7969,1,08:05:46.319946899
109.7969,1,08:05:46.319973591
109.7969,1,08:05:46.320027983
109.7969,1,08:05:46.320154530
109.7969,1,08:05:46.320176776
109.7969,1,08:05:46.320192719
109.7969,1,08:05:46.320222192
109.7969,1,08:05:46.320272136
109.7969,1,08:05:46.320302229
109.7969,1,08:05:46.320343567
109.7969,1,08:05:46.320442721
109.7969,1,08:05:46.320465941
109.7969,1,08:05:46.320484997
109.7969,1,08:05:46.320503916
109.7969,1,08:05:46.320569575
109.7969,1,08:05:46.320588756
109.7969,1,08:05:46.320618069
109.7969,1,08:05:46.320704144
109.7969,1,08:05:46.320892583
109.7969,20,08:05:46.327806160
109.7969,1,08:05:46.327977001
109.7969,1,08:05:46.328043169
109.7969,1,08:05:46.328277337
109.7969,1,08:05:46.328879790
109.7969,1,08:05:46.329450571
109.7969,1,08:05:46.329484353
109.7969,21,08:05:46.329658587
109.7969,1,08:05:46.329914164
109.7969,1,08:05:46.330298751
109.7969,1,08:05:46.361311989
109.7969,1,08:05:46.397004080
109.7969,1,08:05:46.397181974
109.7969,1,08:05:52.161252670
109.7969,1,08:05:52.161534259
109.7813,49,08:05:53.987434775
109.7969,1,08:06:01.379532583
109.7813,1,08:06:01.766593747
109.7969,1,08:06:05.286365532
109.7813,1,08:06:06.454884100
109.7813,1,08:06:07.568053460
109.7813,1,08:06:13.370544245
109.7813,1,08:06:19.172997570
109.7969,1,08:06:19.465362083
109.7969,10,08:06:22.053089604
109.7813,1,08:06:24.974510311
109.7813,1,08:06:30.776964811
109.7969,1,08:06:32.512443557
109.7813,1,08:06:36.578431177
109.7813,1,08:06:42.381320956
109.7969,4,08:06:42.393867302
109.7969,1,08:06:42.393970165
109.7969,4,08:06:42.394034521
109.7969,1,08:06:42.394455500
109.7969,4,08:06:42.394788294
109.7969,100,08:06:42.395591676
109.7969,8,08:06:42.395636860
109.7969,54,08:06:42.395793264
109.7969,1,08:06:42.396940862
109.7969,19,08:06:42.397102785
109.7969,1,08:06:42.397238743
109.7969,1,08:06:42.397563856
109.7969,1,08:06:42.397721159
109.7969,1,08:06:42.397814214
109.7969,2,08:06:42.397985119
109.7969,1,08:06:42.398030410
109.7969,1,08:06:42.398218587
109.7969,76,08:06:42.398625001
109.7969,5,08:06:42.398931321
109.7969,1,08:06:42.398957180
109.7969,3,08:06:42.398984103
109.7969,1,08:06:42.399027812
109.7969,1,08:06:42.399086642
109.7969,21,08:06:42.399204095
109.7969,5,08:06:42.405411414
109.7969,5,08:06:42.411174928
109.7969,1,08:06:42.411736483
109.7969,1,08:06:42.412040246
109.7969,4,08:06:42.412081930
109.7969,54,08:06:42.412780439
109.7969,48,08:06:42.413007747
109.7969,1,08:06:42.413671622
109.7969,1,08:06:42.414492522
109.7969,1,08:06:42.414985466
109.7969,2,08:06:42.417135376
109.7969,24,08:06:42.417489952
109.7969,1,08:06:42.419467674
109.7969,5,08:06:43.393227065
109.7969,1,08:06:43.393505007
109.7969,1,08:06:43.393701004
109.7969,40,08:06:43.394205459
109.7969,1,08:06:43.394342582
109.7969,38,08:06:43.394407267
109.7969,1,08:06:43.394431412
109.7969,1,08:06:43.394458446
109.7969,1,08:06:43.394495628
109.7969,1,08:06:43.395094293
109.7969,1,08:06:43.396221148
109.7969,21,08:06:43.396343230
109.7969,1,08:06:43.396471444
109.7969,27,08:06:43.396591264
109.7969,3,08:06:43.396689589
109.7969,1,08:06:43.396726508
109.7969,1,08:06:43.396886989
109.7969,8,08:06:43.396933760
109.7969,1,08:06:43.396957726
109.7969,1,08:06:43.398055274
109.7969,12,08:06:43.398302470
109.7969,1,08:06:43.399253539
109.7969,1,08:06:43.399592864
109.7969,1,08:06:43.463674214
109.7969,1,08:06:45.633463722
109.7969,1,08:06:45.700797259
109.7969,1,08:06:51.978288848
109.7969,42,08:06:51.978873480
109.7969,1,08:06:51.978929158
109.7969,5,08:06:51.978955056
109.7969,2,08:06:51.979244374
109.7969,2,08:06:51.979261606
109.7969,1,08:06:51.979295841
109.7969,3,08:06:51.979318966
109.7969,1,08:06:51.979347231
109.7969,1,08:06:51.979715401
109.7969,1,08:06:51.979759351
109.7969,1,08:06:51.979816187
109.7969,1,08:06:51.979927985
109.7969,1,08:06:51.980685910
109.7969,1,08:06:52.020272942
109.7969,2,08:06:57.026763389
109.7969,1,08:06:57.172896987
109.7969,1,08:06:57.713229846
109.7813,15,08:07:01.914682584
109.7813,1,08:07:05.588083338
109.7969,1,08:07:05.833472468
109.7969,1,08:07:05.833955172
109.7969,2,08:07:05.834146827
109.7969,62,08:07:05.834396332
109.7969,40,08:07:05.834695821
109.7969,1,08:07:05.835244775
109.7969,1,08:07:05.835425752
109.7969,1,08:07:05.835559022
109.7969,4,08:07:05.835655769
109.7969,1,08:07:05.835655769
109.7969,1,08:07:05.835783349
109.7969,1,08:07:05.835852237
109.7969,1,08:07:05.835895480
109.7969,1,08:07:05.835913365
109.7969,1,08:07:05.835950082
109.7969,1,08:07:05.835981424
109.7969,1,08:07:05.836019639
109.7969,1,08:07:05.836052395
109.7969,1,08:07:05.836118531
109.7969,1,08:07:05.836151923
109.7969,1,08:07:05.836186778
109.7969,1,08:07:05.836215585
109.7969,1,08:07:05.836250552
109.7969,1,08:07:05.836280291
109.7969,1,08:07:05.836311584
109.7969,1,08:07:05.836345578
109.7969,1,08:07:05.836375518
109.7969,1,08:07:05.836416060
109.7969,1,08:07:05.836443740
109.7969,1,08:07:05.836574835
109.7969,1,08:07:05.836633456
109.7969,4,08:07:05.836772134
109.7969,54,08:07:05.836772134
109.7969,39,08:07:05.837140820
109.7969,1,08:07:05.837322181
109.7969,1,08:07:05.837850005
109.7969,1,08:07:05.838028108
109.7969,20,08:07:05.838114155
109.7969,1,08:07:05.838143960
109.7969,1,08:07:05.838180649
109.7969,15,08:07:05.838240669
109.7969,1,08:07:05.838288952
109.7969,1,08:07:05.838365527
109.7969,1,08:07:05.838417028
109.7969,5,08:07:05.838462245
109.7969,5,08:07:05.838536973
109.7969,5,08:07:05.838613413
109.7969,5,08:07:05.838693286
109.7969,5,08:07:05.838759528
109.7969,54,08:07:05.839171200
109.7969,10,08:07:05.839724213
109.7969,9,08:07:05.839810676
109.7969,34,08:07:05.839944038
109.7969,1,08:07:05.840240419
109.7969,1,08:07:05.840438666
109.7969,1,08:07:05.841106555
109.7969,1,08:07:05.841186866
109.7969,2,08:07:05.841202745
109.7969,1,08:07:05.841381056
109.7969,21,08:07:05.842071960
109.7969,1,08:07:05.842145980
109.7969,1,08:07:05.842175136
109.7969,1,08:07:05.842212641
109.7969,5,08:07:05.842263058
109.7969,1,08:07:05.842866971
109.7969,1,08:07:05.842937424
109.7969,1,08:07:05.842960909
109.7969,1,08:07:05.842999457
109.7969,1,08:07:05.843772244
109.7969,1,08:07:05.843941223
109.7969,1,08:07:05.843996786
109.7969,20,08:07:05.844090029
109.7969,1,08:07:05.846398194
109.7969,5,08:07:10.488198081
109.7969,1,08:07:20.093126519
109.7969,1,08:07:25.895551108
109.7969,1,08:07:31.698042331
109.7969,1,08:07:31.722078173
109.7969,2,08:07:31.723374234
109.7969,1,08:07:31.729951192
109.7969,54,08:07:31.730518637
109.7969,5,08:07:31.730692667
109.7969,4,08:07:31.730779697
109.7969,54,08:07:31.731015781
109.7969,5,08:07:31.731166462
109.7969,1,08:07:31.731322916
109.7969,1,08:07:31.731537196
109.7969,4,08:07:31.731875218
109.7969,18,08:07:31.732090954
109.7969,8,08:07:31.732171061
109.7969,16,08:07:31.732171061
109.7969,1,08:07:31.732234768
109.7969,1,08:07:31.732479647
109.7969,1,08:07:31.732571242
109.7969,1,08:07:31.732976204
109.7969,1,08:07:31.733016445
109.7969,1,08:07:31.733139622
109.7969,1,08:07:31.733163564
109.7969,1,08:07:31.733266472
109.7969,1,08:07:31.733317660
109.7969,108,08:07:31.733671932
109.7969,1,08:07:31.734638358
109.7969,1,08:07:31.734727529
109.7969,1,08:07:31.735185736
109.7969,1,08:07:31.735240771
109.7969,20,08:07:31.735404005
109.7969,2,08:07:31.735572813
109.7969,1,08:07:31.735632475
109.7969,1,08:07:31.735731527
109.7969,25,08:07:31.735731527
109.7969,6,08:07:31.735763137
109.7969,1,08:07:31.735791864
109.7969,1,08:07:31.735815509
109.7969,1,08:07:31.735866396
109.7969,1,08:07:31.735897338
109.7969,1,08:07:31.735943102
109.7969,1,08:07:31.736003110
109.7969,1,08:07:31.736029526
109.7969,1,08:07:31.736063047
109.7969,1,08:07:31.736089841
109.7969,1,08:07:31.736161231
109.7969,1,08:07:31.736186042
109.7969,1,08:07:31.736236746
109.7969,1,08:07:31.736267323
109.7969,1,08:07:31.736293640
109.7969,1,08:07:31.736314531
109.7969,1,08:07:31.736412904
109.7969,12,08:07:31.736478670
109.7969,1,08:07:31.737003811
109.7969,1,08:07:31.737067666
109.7969,1,08:07:31.737192190
109.7969,1,08:07:31.737428643
109.7969,54,08:07:31.738990062
109.7969,19,08:07:31.739214541
109.7969,1,08:07:31.740429618
109.7969,4,08:07:31.741526105
109.7969,1,08:07:31.743322412
109.7969,1,08:07:31.759707693
109.7969,1,08:07:31.759861246
109.7969,55,08:07:31.760589407
109.7969,27,08:07:31.760762125
109.7969,2,08:07:31.760976017
109.7969,1,08:07:31.761079869
109.7969,1,08:07:31.761139131
109.7969,1,08:07:31.761179317
109.7969,1,08:07:31.761210774
109.7969,1,08:07:31.761241837
109.7969,2,08:07:31.761276356
109.7969,1,08:07:31.761384588
109.7969,1,08:07:31.761417504
109.7969,1,08:07:31.761461638
109.7969,1,08:07:31.762082365
109.7969,7,08:07:31.762111198
109.7969,1,08:07:31.762294421
109.7969,1,08:07:31.762536925
109.7969,1,08:07:31.762574001
109.7969,1,08:07:31.762607015
109.7969,1,08:07:31.762746104
109.7969,1,08:07:31.762783333
109.7969,1,08:07:31.762835645
109.7969,8,08:07:31.763246789
109.7969,1,08:07:31.763322599
109.7969,33,08:07:31.763345451
109.7969,1,08:07:31.763391108
109.7969,11,08:07:31.763441168
109.7969,1,08:07:31.764091235
109.7969,1,08:07:31.764182449
109.7969,1,08:07:31.764282317
109.7969,1,08:07:31.764518914
109.7969,1,08:07:31.765019942
109.7969,50,08:07:31.811911250
109.7969,33,08:07:31.812012724
109.7969,1,08:07:31.812137119
109.7969,1,08:07:31.812203755
109.7969,1,08:07:31.812290035
109.7969,1,08:07:31.812360024
109.7969,1,08:07:31.812602656
109.7969,1,08:07:37.499406640
109.7969,1,08:07:43.301925343
109.7969,1,08:07:49.103299780
109.7969,1,08:07:54.905782932
109.8125,8,08:07:57.297988581
109.8125,1,08:07:57.298754763
109.8125,774,08:07:57.299245945
109.8125,1,08:07:57.300695698
109.8125,66,08:07:57.300849335
109.8125,15,08:07:57.300874479
109.8125,56,08:07:57.302781718
109.8125,2,08:07:57.303652753
109.8125,1,08:07:57.305928440
109.8125,1,08:07:57.307596970
109.8125,4,08:07:57.310823032
109.8125,30,08:07:57.313490632
109.8125,1,08:07:57.313582355
109.8125,1,08:07:57.314099831
109.8125,1,08:07:57.316398143
109.8125,37,08:07:57.317477941
109.8125,1,08:07:57.318120968
109.8125,1,08:07:57.318140767
109.8125,1,08:07:57.318243937
109.8125,3,08:07:57.318399457
109.8125,1,08:07:57.318473497
109.8125,3,08:07:57.318778134
109.8125,1,08:07:57.319670512
109.8125,20,08:07:57.319894514
109.8125,1,08:07:57.320202694
109.8125,1,08:07:57.320244387
109.8125,1,08:07:57.320504120
109.8125,1,08:07:57.320568512
109.8125,1,08:07:57.320990245
109.8125,26,08:07:57.321615455
109.8125,1,08:07:57.321818659
109.8125,1,08:07:57.322521969
109.8125,1,08:07:57.440485274
109.8125,1,08:07:57.440683730
109.8125,1,08:07:57.440897811
109.8125,1,08:07:57.441144680
109.8125,4,08:07:58.116019017
109.8125,1,08:07:58.116047747
109.8125,1,08:07:58.116870801
109.8125,1,08:07:58.117384478
109.8125,2,08:08:00.107183327
109.8125,4,08:08:01.941972767
109.8125,54,08:08:01.942263653
109.8125,4,08:08:01.942552071
109.8125,1,08:08:01.943443689
109.8125,1,08:08:01.943583362
109.8125,1,08:08:01.943618688
109.8125,1,08:08:01.943652583
109.8125,1,08:08:01.943692779
109.8125,1,08:08:01.943745766
109.8125,1,08:08:01.943788198
109.8125,1,08:08:01.944119527
109.8125,1,08:08:01.944146055
109.8125,1,08:08:01.944176402
109.8125,1,08:08:01.944199983
109.8125,1,08:08:01.944236006
109.8125,1,08:08:01.944264647
109.8125,1,08:08:01.944289277
109.8125,1,08:08:01.944317397
109.8125,1,08:08:01.944360210
109.8125,1,08:08:01.944389446
109.8125,1,08:08:01.944409248
109.8125,1,08:08:01.944435472
109.8125,1,08:08:01.944458107
109.8125,1,08:08:01.944526312
109.8125,1,08:08:01.944632055
109.8125,1,08:08:01.944687023
109.8125,1,08:08:01.944866429
109.8125,5,08:08:01.944910125
109.8125,2,08:08:01.944954974
109.8125,4,08:08:01.946247528
109.8125,1,08:08:01.946316848
109.8125,9,08:08:01.946410418
109.8125,1,08:08:01.946669927
109.8125,1,08:08:03.393864698
109.8125,24,08:08:03.394024976
109.8125,1,08:08:03.395078134
109.8125,1,08:08:03.395177426
109.8125,1,08:08:03.395209739
109.8125,1,08:08:03.395703862
109.8125,101,08:08:03.396905304
109.8125,1,08:08:03.397456259
109.8125,1,08:08:03.397502765
109.8125,3,08:08:03.397616713
109.8125,1,08:08:03.397669895
109.8125,1,08:08:03.397708415
109.8125,65,08:08:03.406475154
109.8125,34,08:08:03.410321603
109.8125,1,08:08:03.411249999
109.8125,1,08:08:03.411485137
109.7969,4,08:08:10.728851008
109.7969,1,08:08:12.310933529
109.7969,1,08:08:18.113400999
109.7969,257,08:08:21.065691370
109.7969,1,08:08:21.065899012
109.7969,1,08:08:21.065934843
109.7969,1,08:08:21.066010762
109.7969,1,08:08:21.066061371
109.7969,1,08:08:21.066273046
109.7969,8,08:08:21.066539914
109.7969,258,08:08:21.066867970
109.7969,1,08:08:21.067517067
109.7969,1,08:08:21.067575046
109.7969,1,08:08:21.067605489
109.7969,35,08:08:21.067812197
109.7969,1,08:08:21.068619026
109.7969,3,08:08:21.070624810
109.7969,54,08:08:21.077115965
109.7969,28,08:08:21.077216316
109.7969,42,08:08:21.077255430
109.7969,7,08:08:21.078128208
109.7969,1,08:08:21.078147448
109.7969,1,08:08:21.078176034
109.7969,12,08:08:21.079326375
109.7969,1,08:08:21.083903756
109.7969,5,08:08:21.083923347
109.7969,1,08:08:21.084093261
109.7969,5,08:08:21.129720576
109.7969,1,08:08:21.143776140
109.7969,1,08:08:21.143836732
109.7969,1,08:08:21.143898109
109.7969,1,08:08:21.144657460
109.7969,1,08:08:21.174042730
109.7969,1,08:08:21.174087699
109.7969,1,08:08:21.174246949
109.7969,1,08:08:21.174615162
109.7969,7,08:08:21.182144710
109.7969,19,08:08:21.182262254
109.7969,1,08:08:21.182685530
109.7969,1,08:08:21.208040720
109.7969,50,08:08:21.208101012
109.7969,1,08:08:23.916020473
109.7969,150,08:08:31.102069462
109.7969,1,08:08:31.102274023
109.7969,1,08:08:31.103080318
109.7969,1,08:08:31.103256129
109.7969,1,08:08:31.104996980
109.7969,1,08:08:31.105099914
109.7969,1,08:08:31.105572618
109.7969,1,08:08:31.105739213
109.7969,1,08:08:31.106442971
109.7969,35,08:08:31.107256274
109.7969,1,08:08:31.107617263
109.7969,63,08:08:31.107749868
109.7969,90,08:08:31.114582272
109.7969,1,08:08:31.114786864
109.7969,1,08:08:31.115129729
109.7969,9,08:08:31.115342718
109.7969,20,08:08:31.115386195
109.7969,1,08:08:31.115415562
109.7969,1,08:08:31.115533317
109.7969,9,08:08:31.115533317
109.7969,1,08:08:31.115741369
109.7969,1,08:08:31.115991349
109.7969,1,08:08:31.117013290
109.7969,1,08:08:31.117107467
109.7969,1,08:08:31.117237381
109.7969,2,08:08:31.118110109
109.7969,54,08:08:31.124028100
109.7969,1,08:08:31.124602038
109.7969,1,08:08:31.124636375
109.7969,1,08:08:31.124675195
109.7969,1,08:08:31.124695269
109.7969,1,08:08:31.124720572
109.7969,1,08:08:31.124737856
109.7969,1,08:08:31.124760912
109.7969,1,08:08:31.124779604
109.7969,1,08:08:31.124799684
109.7969,6,08:08:31.124826321
109.7969,1,08:08:31.124849253
109.7969,4,08:08:31.124896335
109.7969,1,08:08:31.124935376
109.7969,40,08:08:31.124994197
109.7969,11,08:08:31.125070999
109.7969,1,08:08:31.125324203
109.7969,1,08:08:31.125459160
109.7969,1,08:08:31.136241787
109.7969,8,08:08:31.150973667
109.7969,50,08:08:31.151542931
109.7969,1,08:08:31.151785051
109.7969,1,08:08:31.151845385
109.7969,15,08:08:31.151941184
109.7969,27,08:08:31.176260136
109.7969,1,08:08:37.281566796
109.7969,1,08:08:50.024556141
109.8125,5,08:08:50.676633220
109.8125,54,08:08:50.697120228
109.8125,20,08:08:50.697441300
109.8125,11,08:08:50.697480271
109.8125,223,08:08:50.698072430
109.8125,1,08:08:50.702550578
109.8125,2,08:08:50.706633048
109.8125,1,08:08:50.707750858
109.8125,2,08:08:50.708957916
109.8125,19,08:08:50.711026941
109.8125,30,08:08:50.712399730
109.8125,1,08:08:50.712714578
109.8125,34,08:08:50.720949627
109.8125,1,08:08:50.721856653
109.8125,1,08:08:50.721941664
109.8125,32,08:08:50.727052355
109.8125,1,08:08:50.727389738
109.8125,1,08:08:50.727756341
109.8125,1,08:08:50.727811606
109.8125,16,08:08:50.730599144
109.8125,28,08:08:50.738920076
109.8125,1,08:08:50.739298695
109.8125,25,08:08:50.743829379
109.8125,16,08:08:50.746748040
109.8125,1,08:08:50.746972950
109.8125,25,08:08:50.754683035
109.8125,1,08:08:50.755209522
109.8125,25,08:08:50.760424168
109.8125,1,08:08:50.760603398
109.8125,1,08:08:50.760812300
109.8125,17,08:08:50.763659181
109.8125,39,08:08:50.770912770
109.8125,1,08:08:50.771267193
109.8125,1,08:08:50.771302707
109.8125,1,08:08:50.771346433
109.8125,26,08:08:50.775648716
109.8125,1,08:08:50.775840937
109.8125,38,08:08:50.779106273
109.8125,1,08:08:50.779319382
109.8125,30,08:08:50.786838033
109.8125,1,08:08:50.787163517
109.8125,13,08:08:50.790168484
109.8125,30,08:08:50.793067192
109.8125,1,08:08:50.793321978
109.8125,41,08:08:50.800121635
109.8125,13,08:08:50.804341109
109.8125,31,08:08:50.808644264
109.8125,1,08:08:50.808978702
109.8125,32,08:08:50.816751444
109.8125,1,08:08:50.817081078
109.8125,25,08:08:50.821293010
109.8125,27,08:08:50.823792967
109.8125,1,08:08:50.824124523
109.8125,23,08:08:50.830510895
109.8125,1,08:08:50.830780321
109.8125,32,08:08:50.834476761
109.8125,1,08:08:50.834752369
109.8125,25,08:08:50.838067498
109.8125,1,08:08:50.838196714
109.8125,1,08:08:50.838265316
109.8125,1,08:08:50.838333901
109.8125,32,08:08:50.838546513
109.8125,1,08:08:51.293238294
109.8125,20,08:08:51.297399759
109.8125,1,08:08:51.297657477
109.8125,87,08:08:51.299247816
109.8125,1,08:08:51.299349594
109.8125,8,08:08:51.299417503
109.8125,1,08:08:51.300225753
109.8125,26,08:08:51.311706788
109.8125,1,08:08:51.311933602
109.8125,1,08:08:51.311977078
109.8125,1,08:08:51.312115519
109.8125,1,08:08:51.312200554
109.8125,82,08:08:51.312638371
109.8125,1,08:08:51.312899462
109.8125,5,08:08:51.312970279
109.8125,8,08:08:51.313028824
109.8125,1,08:08:51.313058370
109.8125,1,08:08:51.313142779
109.8125,1,08:08:51.313168264
109.8125,1,08:08:51.313198485
109.8125,1,08:08:51.313226098
109.8125,1,08:08:51.313257485
109.8125,1,08:08:51.313284109
109.8125,1,08:08:51.313318715
109.8125,1,08:08:51.314018018
109.8125,1,08:08:51.878730912
109.8125,1,08:08:53.827138698
109.8125,10,08:08:57.134727124
109.8125,10,08:08:57.134841667
109.8125,9,08:08:57.134918831
109.8125,1,08:08:57.134939893
109.8125,9,08:08:57.134984854
109.8125,1,08:08:57.134984854
109.8125,1,08:08:57.135005190
109.8125,1,08:08:57.135025492
109.8125,1,08:08:57.135049040
109.8125,1,08:08:57.135075205
109.8125,1,08:08:57.135105573
109.8125,19,08:08:57.135214967
109.8125,1,08:08:57.135312528
109.8125,25,08:08:57.135312528
109.8125,1,08:08:57.135358851
109.8125,1,08:08:57.135416401
109.8125,1,08:08:57.135466077
109.8125,1,08:08:57.135488666
109.8125,1,08:08:57.135530922
109.8125,1,08:08:57.135615011
109.8125,1,08:08:57.135644532
109.8125,1,08:08:57.135670129
109.8125,1,08:08:57.135707044
109.8125,1,08:08:57.135757128
109.8125,1,08:08:57.135792381
109.8125,1,08:08:57.135875614
109.8125,1,08:08:57.135898053
109.8125,1,08:08:57.135928591
109.8125,1,08:08:57.135954365
109.8125,53,08:08:57.136266854
109.8125,4,08:08:57.136659880
109.8125,23,08:08:57.136741213
109.8125,1,08:08:57.136939060
109.8125,1,08:08:57.136963521
109.8125,1,08:08:57.137037036
109.8125,1,08:08:57.137100410
109.8125,2,08:08:57.137266423
109.8125,5,08:08:57.137687808
109.8125,1,08:08:57.137709873
109.8125,3,08:08:57.137797909
109.8125,1,08:08:57.137828294
109.8125,7,08:08:57.138002973
109.8125,46,08:08:57.138161302
109.8125,1,08:08:57.138403134
109.8125,5,08:08:57.138764854
109.8125,20,08:08:57.138789158
109.8125,20,08:08:57.138817075
109.8125,1,08:08:57.138917039
109.8125,1,08:08:57.138935510
109.8125,3,08:08:57.138992244
109.8125,10,08:08:57.139064607
109.8125,25,08:08:57.139141373
109.8125,11,08:08:57.139497908
109.8125,1,08:08:57.139876984
109.8125,1,08:08:57.139922631
109.8125,1,08:08:57.140004799
109.8125,1,08:08:57.140113252
109.8125,1,08:08:57.140307064
109.8125,4,08:08:57.140990469
109.8125,1,08:08:57.141560472
109.8125,2,08:08:57.145054933
109.8125,2,08:08:57.145272409
109.8125,35,08:08:57.152264268
109.8125,1,08:08:57.152336731
109.8125,12,08:08:57.152432332
109.8125,1,08:08:57.152460567
109.8125,1,08:08:57.152488279
109.8125,1,08:08:57.152980641
109.8125,1,08:08:57.153263725
109.8125,5,08:08:57.155625034
109.8125,4,08:08:57.155693771
109.8125,5,08:08:57.155819086
109.8125,4,08:08:57.155867112
109.8125,20,08:08:57.156047400
109.8125,32,08:08:57.161472208
109.8125,54,08:08:57.161791255
109.8125,1,08:08:57.162268796
109.8125,38,08:08:57.163276507
109.8125,1,08:08:57.163463893
109.8125,1,08:08:57.168426067
109.8125,41,08:08:57.175381070
109.8125,1,08:08:57.175628730
109.8125,1,08:08:57.175694296
109.8125,5,08:08:57.175864233
109.8125,31,08:08:57.177518180
109.8125,31,08:08:57.181089941
109.8125,1,08:08:57.181199019
109.8125,1,08:08:57.181234767
109.8125,1,08:08:57.181280614
109.8125,1,08:08:57.181318989
109.8125,1,08:08:57.181354446
109.8125,1,08:08:57.181390686
109.8125,1,08:08:57.181439663
109.8125,1,08:08:57.181506499
109.8125,1,08:08:57.181548184
109.8125,1,08:08:57.181579811
109.8125,1,08:08:57.181608515
109.8125,1,08:08:57.181654320
109.8125,1,08:08:57.181684971
109.8125,1,08:08:57.181708907
109.8125,1,08:08:57.181787670
109.8125,1,08:08:57.181812068
109.8125,1,08:08:57.181837745
109.8125,1,08:08:57.181872882
109.8125,1,08:08:57.181912499
109.8125,1,08:08:57.181952224
109.8125,1,08:08:57.182163557
109.8125,3,08:08:57.182380876
109.8125,8,08:08:57.182598205
109.8125,1,08:08:57.182646923
109.8125,1,08:08:57.182728451
109.8125,46,08:08:57.182843835
109.8125,1,08:08:57.182990972
109.8125,2,08:08:57.183561633
109.8125,2,08:08:57.183841987
109.8125,1,08:08:57.184420901
109.8125,1,08:08:57.184597772
109.8125,1,08:08:57.184898895
109.8125,1,08:08:57.185122445
109.8125,1,08:08:57.185304516
109.8125,1,08:08:57.185936842
109.8125,1,08:08:57.185965025
109.8125,1,08:08:57.186093114
109.8125,1,08:08:57.186340194
109.8125,59,08:08:57.195900714
109.8125,38,08:08:57.205794382
109.8125,1,08:08:57.205969650
109.8125,17,08:08:57.206093019
109.8125,1,08:08:57.206137263
109.8125,20,08:08:57.216299010
109.8125,1,08:08:57.216377437
109.8125,37,08:08:57.216499720
109.8125,1,08:08:57.216535538
109.8125,1,08:08:57.216644524
109.8125,1,08:08:57.216677251
109.8125,1,08:08:57.216699857
109.8125,1,08:08:57.216721789
109.8125,1,08:08:57.216765384
109.8125,1,08:08:57.216784533
109.8125,1,08:08:57.216852247
109.8125,1,08:08:57.216899301
109.8125,1,08:08:57.216961235
109.8125,1,08:08:57.216987168
109.8125,1,08:08:57.217062228
109.8125,1,08:08:57.217102040
109.8125,1,08:08:57.217739558
109.8125,1,08:08:57.218266346
109.8125,1,08:08:57.218292781
109.8125,1,08:08:57.218523490
109.8125,14,08:08:57.224724310
109.8125,29,08:08:57.252971910
109.8125,1,08:08:57.253156153
109.8125,1,08:08:57.253196464
109.8125,1,08:08:57.253285762
109.8125,1,08:08:57.253335773
109.8125,1,08:08:57.253406936
109.8125,1,08:08:57.253411378
109.8125,18,08:08:57.253999856
109.8125,8,08:08:57.254045941
109.8125,1,08:08:57.254070905
109.8125,1,08:08:57.254235547
109.8125,1,08:08:57.254312115
109.8125,1,08:08:57.254337493
109.8125,2,08:08:57.254370546
109.8125,1,08:08:57.254798987
109.8125,1,08:08:57.255083965
109.8125,69,08:08:57.264616740
109.8125,34,08:08:57.265846224
109.8125,7,08:08:57.266270827
109.8125,1,08:08:57.266305206
109.8125,1,08:08:57.266333904
109.8125,1,08:08:57.266362404
109.8125,3,08:08:57.266385038
109.8125,21,08:08:57.266509036
109.8125,1,08:08:57.266578574
109.8125,1,08:08:57.272205779
109.8125,1,08:08:57.272384554
109.8125,91,08:08:57.680491864
109.8125,1,08:08:57.680641678
109.8125,1,08:08:57.680703001
109.8125,1,08:08:57.680783370
109.8125,39,08:08:57.680975224
109.8125,25,08:08:57.681783534
109.8125,1,08:08:57.681876535
109.8125,28,08:08:57.681907944
109.8125,1,08:08:57.682041022
109.8125,4,08:08:57.682230977
109.8125,2,08:08:57.682393509
109.8125,1,08:08:57.682531636
109.8125,1,08:08:57.682591404
109.8125,1,08:08:57.682632105
109.8125,20,08:08:57.682710421
109.8125,5,08:08:57.682732735
109.8125,2,08:08:57.682767782
109.8125,1,08:08:57.682889902
109.8125,1,08:08:57.683063740
109.8125,1,08:08:57.683111450
109.8125,1,08:08:57.683652245
109.8125,20,08:08:57.684101657
109.8125,1,08:08:57.684138922
109.8125,1,08:08:57.684501814
109.8125,1,08:08:57.684668297
109.8125,1,08:08:57.684770216
109.8125,1,08:08:57.684791647
109.8125,82,08:08:57.692485563
109.8125,1,08:08:57.692708552
109.8125,1,08:08:57.692785933
109.8125,1,08:08:57.692841582
109.8125,2,08:08:57.692889480
109.8125,1,08:08:57.692926314
109.8125,1,08:08:57.693048012
109.8125,46,08:08:57.693315681
109.8125,1,08:08:57.693499562
109.8125,1,08:08:57.693584453
109.8125,1,08:08:57.694213539
109.8125,1,08:08:57.694320668
109.8125,41,08:08:57.705187316
109.8125,24,08:08:57.705388610
109.8125,1,08:08:57.705423443
109.8125,19,08:08:57.705465453
109.8125,1,08:08:57.705495248
109.8125,1,08:08:57.705550664
109.8125,1,08:08:57.705579465
109.8125,1,08:08:57.705637734
109.8125,1,08:08:57.705665169
109.8125,1,08:08:57.705734166
109.8125,1,08:08:57.705772272
109.8125,1,08:08:57.705799767
109.8125,1,08:08:57.705829585
109.8125,1,08:08:57.705859903
109.8125,1,08:08:57.705899923
109.8125,1,08:08:57.706277156
109.8125,1,08:08:57.706996975
109.8125,30,08:08:57.707214343
109.8125,8,08:08:57.707325356
109.8125,54,08:08:57.707403098
109.8125,2,08:08:57.707585041
109.8125,1,08:08:57.708146624
109.8125,1,08:08:57.708176542
109.8125,1,08:08:57.708424707
109.8125,1,08:08:57.708476042
109.8125,6,08:08:57.708511086
109.8125,1,08:08:57.708801255
109.8125,1,08:08:57.708882833
109.8125,1,08:08:57.708902389
109.8125,1,08:08:57.708957773
109.8125,1,08:08:57.709602762
109.8125,36,08:08:57.710080505
109.8125,7,08:08:57.711194720
109.8125,1,08:08:57.711281257
109.8125,2,08:08:57.711348679
109.8125,1,08:08:57.711371992
109.8125,1,08:08:57.711453580
109.8125,6,08:08:57.712053401
109.8125,4,08:08:57.712452135
109.8125,21,08:08:57.712566774
109.8125,1,08:08:57.712719459
109.8125,22,08:08:57.721048222
109.8125,19,08:08:57.732032121
109.8125,3,08:08:57.734049547
109.8125,3,08:08:57.736026357
109.8125,26,08:08:57.736733217
109.8125,1,08:08:57.736925535
109.8125,35,08:08:57.744348049
109.8125,1,08:08:57.744637610
109.8125,3,08:08:57.744873899
109.8125,31,08:08:57.748707568
109.8125,1,08:08:57.748819033
109.8125,1,08:08:57.748891260
109.8125,1,08:08:57.748917830
109.8125,1,08:08:57.748950516
109.8125,1,08:08:57.748982407
109.8125,1,08:08:57.749050252
109.8125,1,08:08:57.749106084
109.8125,1,08:08:57.749178777
109.8125,1,08:08:57.749225326
109.8125,1,08:08:57.749273390
109.8125,1,08:08:57.749342608
109.8125,1,08:08:57.749384436
109.8125,1,08:08:57.749404078
109.8125,1,08:08:57.749446987
109.8125,1,08:08:57.749472457
109.8125,1,08:08:57.749517238
109.8125,1,08:08:57.749553031
109.8125,2,08:08:57.749620402
109.8125,26,08:08:57.751415203
109.8125,1,08:08:57.751928948
109.8125,20,08:08:57.765611797
109.8125,27,08:08:57.765730004
109.8125,1,08:08:57.766067906
109.8125,25,08:08:57.770789178
109.8125,21,08:08:57.912200258
109.8125,13,08:08:57.913360521
109.8125,1,08:08:58.009421510
109.8125,3,08:08:58.015764781
109.8125,8,08:08:58.016008021
109.8125,1,08:08:58.016364284
109.8125,6,08:08:58.027433004
109.8125,1,08:08:59.449868388
109.8125,16,08:08:59.456119154
109.8125,1,08:08:59.456327411
109.8125,1,08:08:59.456400347
109.8125,20,08:08:59.465871281
109.8125,1,08:08:59.466136495
109.8125,1,08:08:59.466213249
109.8125,2,08:09:00.090979128
109.8125,38,08:09:05.528063499
109.8125,1,08:09:05.528219359
109.8125,1,08:09:05.528332257
109.8125,1,08:09:05.528360254
109.8125,1,08:09:05.528375141
109.8125,1,08:09:05.528396642
109.8125,1,08:09:05.528431731
109.8125,1,08:09:05.528458461
109.8125,1,08:09:05.528504529
109.8125,1,08:09:05.528535234
109.8125,1,08:09:05.528558649
109.8125,1,08:09:05.528613363
109.8125,1,08:09:05.528641700
109.8125,1,08:09:05.528673358
109.8125,1,08:09:05.528702585
109.8125,1,08:09:05.528738326
109.8125,1,08:09:05.528765991
109.8125,1,08:09:05.528812599
109.8125,1,08:09:05.528851295
109.8125,1,08:09:05.528884579
109.8125,1,08:09:05.528914598
109.8125,1,08:09:05.528933043
109.8125,1,08:09:05.528967950
109.8125,1,08:09:05.529280017
109.8125,1,08:09:05.529328635
109.8125,32,08:09:05.530605260
109.8125,1,08:09:05.536517686
109.8125,10,08:09:07.009772990
109.8125,12,08:09:07.011035839
109.8125,1,08:09:07.011351637
109.8125,1,08:09:07.011439130
109.8125,1,08:09:07.011977836
109.8125,7,08:09:07.137684080
109.8125,1,08:09:07.374352754
109.8125,22,08:09:07.380812926
109.8125,1,08:09:07.381055052
109.8125,1,08:09:07.381125169
109.8125,1,08:09:07.381202342
109.8125,12,08:09:07.391404986
109.8125,16,08:09:07.392878322
109.8125,1,08:09:07.393108998
109.8125,1,08:09:07.393198894
109.8125,19,08:09:07.404270080
109.8125,26,08:09:07.414940331
109.8125,1,08:09:07.415268888
109.8125,1,08:09:07.415375738
109.8125,39,08:09:07.416115776
109.8125,1,08:09:07.416509400
109.8125,1,08:09:07.416552796
109.8125,1,08:09:07.416608041
109.8125,1,08:09:07.416817374
109.8125,1,08:09:07.417135358
109.8125,25,08:09:07.479240295
109.8125,1,08:09:07.479468831
109.8125,1,08:09:07.479576042
109.8125,1,08:09:07.479659615
109.8125,14,08:09:07.491344123
109.8125,1,08:09:07.498031820
109.8125,27,08:09:07.498419616
109.8125,2,08:09:07.498493627
109.8125,1,08:09:07.498534902
109.8125,1,08:09:07.498570845
109.8125,1,08:09:07.498590602
109.8125,1,08:09:07.498669186
109.8125,10,08:09:07.498803929
109.8125,1,08:09:07.499046877
109.8125,2,08:09:07.499064894
109.8125,1,08:09:07.502965206
109.8125,32,08:09:07.509296039
109.8125,1,08:09:07.509385076
109.8125,1,08:09:07.509506052
109.8125,1,08:09:07.509542295
109.8125,1,08:09:07.509571009
109.8125,1,08:09:07.509628316
109.8125,1,08:09:07.509687399
109.8125,1,08:09:07.509755698
109.8125,1,08:09:07.509799612
109.8125,1,08:09:07.509841255
109.8125,1,08:09:07.509906847
109.8125,1,08:09:07.509997364
109.8125,1,08:09:07.510059131
109.8125,1,08:09:07.510080306
109.8125,1,08:09:07.510111433
109.8125,1,08:09:07.510257884
109.8125,1,08:09:07.510508267
109.8125,4,08:09:07.510609220
109.8125,1,08:09:07.510671105
109.8125,25,08:09:07.521323845
109.8125,1,08:09:07.521509189
109.8125,1,08:09:07.521655983
109.8125,18,08:09:07.522303042
109.8125,1,08:09:07.522512351
109.8125,1,08:09:07.522611010
109.8125,1,08:09:07.522753820
109.8125,8,08:09:07.523025013
109.8125,1,08:09:07.523073512
109.8125,11,08:09:07.524297643
109.8125,1,08:09:07.524536707
109.8125,1,08:09:07.524676684
109.8125,27,08:09:07.533883900
109.8125,2,08:09:07.534384407
109.8125,12,08:09:07.543209362
109.8125,19,08:09:07.544492642
109.8125,1,08:09:07.545264060
109.8125,32,08:09:07.554838516
109.8125,1,08:09:07.555244482
109.8125,6,08:09:07.555919036
109.8125,32,08:09:07.624208600
109.8125,1,08:09:07.624440996
109.8125,1,08:09:07.624640888
109.8125,5,08:09:11.387815948
109.8125,1,08:09:11.389447949
109.8125,1,08:09:11.389668081
109.8125,1,08:09:11.644165600
109.8125,2,08:09:13.304386670
109.8125,5,08:09:13.304482329
109.8125,4,08:09:13.304584706
109.8125,1,08:09:13.304649897
109.8125,1,08:09:13.304687722
109.8125,4,08:09:13.304938696
109.8125,31,08:09:13.305205267
109.8125,1,08:09:13.305796000
109.8125,17,08:09:13.310050038
109.8125,1,08:09:13.310304706
109.7969,1,08:09:17.157364691
109.8125,300,08:09:18.076573290
109.8125,12,08:09:18.077573588
109.8125,1,08:09:18.077573588
109.8125,2,08:09:18.077940447
109.8125,1,08:09:18.077984174
109.8125,1,08:09:18.078106114
109.8125,2,08:09:18.078275915
109.8125,1,08:09:18.078532680
109.8125,1,08:09:18.078681425
109.8125,1,08:09:18.079780641
109.8125,47,08:09:18.081652797
109.8125,1,08:09:18.082454455
109.8125,1,08:09:18.082472020
109.8125,1,08:09:18.082495699
109.8125,1,08:09:18.082809428
109.8125,50,08:09:18.438262019
109.8125,1,08:09:18.438533405
109.8125,5,08:09:19.167609808
109.8125,1,08:09:19.167668142
109.8125,1,08:09:19.167696677
109.8125,1,08:09:19.167818212
109.8125,22,08:09:19.167915005
109.8125,2,08:09:19.167955014
109.8125,1,08:09:19.167973513
109.8125,53,08:09:19.168132837
109.8125,1,08:09:19.169860468
109.8125,6,08:09:19.183951344
109.8125,13,08:09:19.185137477
109.8125,4,08:09:21.537287869
109.8125,54,08:09:21.537588537
109.8125,1,08:09:21.537707922
109.8125,1,08:09:21.537772470
109.8125,1,08:09:21.537823469
109.8125,1,08:09:21.537930399
109.8125,1,08:09:21.537998833
109.8125,1,08:09:21.538043173
109.8125,1,08:09:21.538074921
109.8125,1,08:09:21.538103629
109.8125,1,08:09:21.538141114
109.8125,1,08:09:21.538206924
109.8125,1,08:09:21.538242057
109.8125,1,08:09:21.538269869
109.8125,1,08:09:21.538302286
109.8125,1,08:09:21.538342616
109.8125,1,08:09:21.538375137
109.8125,1,08:09:21.538407653
109.8125,1,08:09:21.538446275
109.8125,1,08:09:21.538471806
109.8125,1,08:09:21.538506833
109.8125,1,08:09:21.538540498
109.8125,1,08:09:21.538608800
109.8125,1,08:09:21.538646385
109.8125,1,08:09:21.538680974
109.8125,1,08:09:21.538747936
109.8125,1,08:09:21.538873974
109.8125,1,08:09:21.539096989
109.8125,3,08:09:21.539210531
109.8125,1,08:09:21.539635654
109.8125,1,08:09:21.559974726
109.8125,1,08:09:21.560179783
109.8125,19,08:09:21.591152766
109.8125,1,08:09:21.591370697
109.8125,1,08:09:21.591401981
109.8125,1,08:09:21.591478980
109.8125,1,08:09:21.591609787
109.8125,6,08:09:21.592173705
109.8125,1,08:09:21.592625999
109.8125,80,08:09:22.488277286
109.8125,1,08:09:22.490949209
109.8125,1,08:09:27.958332069
109.8125,1,08:09:27.959028678
109.8125,9,08:09:27.959444805
109.8125,12,08:09:27.959473167
109.8125,16,08:09:27.959495120
109.8125,272,08:09:27.960008528
109.8125,51,08:09:27.961728509
109.8125,27,08:09:27.967136826
109.8281,5,08:09:29.059118597
109.8125,54,08:09:33.986928734
109.8125,1,08:09:33.987083892
109.8125,1,08:09:33.987223047
109.8125,1,08:09:33.987261016
109.8125,1,08:09:33.987387306
109.8125,5,08:09:33.987506378
109.8125,1,08:09:33.987594462
109.8125,1,08:09:33.987683059
109.8125,54,08:09:37.610376286
109.8125,30,08:09:37.610710312
109.8125,1,08:09:37.610799766
109.8125,1,08:09:37.610823300
109.8125,80,08:09:37.610983047
109.8125,30,08:09:37.611215359
109.8125,1,08:09:37.611247186
109.8125,1,08:09:37.611272784
109.8125,1,08:09:37.611310852
109.8125,1,08:09:37.611339489
109.8125,1,08:09:37.611374197
109.8125,1,08:09:37.611407103
109.8125,1,08:09:37.611440221
109.8125,1,08:09:37.611471009
109.8125,1,08:09:37.611509937
109.8125,1,08:09:37.611541043
109.8125,1,08:09:37.611571072
109.8125,1,08:09:37.611618356
109.8125,1,08:09:37.611651073
109.8125,1,08:09:37.611671230
109.8125,1,08:09:37.611739328
109.8125,1,08:09:37.611777994
109.8125,1,08:09:37.611807109
109.8125,1,08:09:37.611844111
109.8125,1,08:09:37.611869287
109.8125,1,08:09:37.612069050
109.8125,8,08:09:37.612159963
109.8125,2,08:09:37.612220186
109.8125,1,08:09:37.612382160
109.8125,4,08:09:37.612425918
109.8125,1,08:09:37.612663059
109.8125,4,08:09:37.615097997
109.8125,2,08:09:37.615248557
109.8125,10,08:09:37.615412871
109.8125,1,08:09:37.615920920
109.8125,34,08:09:37.616531438
109.8125,1,08:09:37.617838369
109.8125,1,08:09:37.618327688
109.8125,1,08:09:37.730362269
109.8125,1,08:09:37.730557751
109.8125,20,08:09:37.733945336
109.8125,1,08:09:37.734094293
109.8125,50,08:09:37.734450097
109.8125,1,08:09:37.734478541
109.8125,1,08:09:37.734560763
109.8125,1,08:09:37.734634397
109.8125,1,08:09:37.734672932
109.8125,1,08:09:37.734697358
109.8125,1,08:09:37.734731589
109.8125,46,08:09:37.734850068
109.8125,1,08:09:37.735347899
109.8125,17,08:09:37.746097236
109.8125,1,08:09:37.746221097
109.8125,1,08:09:37.746315403
109.8125,1,08:09:37.746355103
109.8125,1,08:09:37.746393043
109.8125,1,08:09:37.746449300
109.8125,1,08:09:37.746475467
109.8125,1,08:09:37.746512155
109.8125,1,08:09:37.746553698
109.8125,1,08:09:37.746582979
109.8125,1,08:09:37.746617492
109.8125,1,08:09:37.746651515
109.8125,1,08:09:37.746681718
109.8125,1,08:09:37.746714105
109.8125,1,08:09:37.746743137
109.8125,1,08:09:37.746777857
109.8125,1,08:09:37.746851791
109.8125,1,08:09:37.746886020
109.8125,1,08:09:37.746912830
109.8125,1,08:09:37.746946894
109.8125,1,08:09:37.747003702
109.8125,1,08:09:37.747119269
109.8125,1,08:09:37.747335609
109.8125,1,08:09:37.747365459
109.8125,23,08:09:37.747605093
109.8125,1,08:09:37.747745304
109.8125,7,08:09:37.747777766
109.8125,1,08:09:37.748062335
109.8125,1,08:09:37.748181489
109.8125,3,08:09:37.748270960
109.8125,1,08:09:37.748553308
109.8125,1,08:09:37.748597859
109.8125,1,08:09:37.748719105
109.8125,1,08:09:37.752192767
109.8125,1,08:09:44.653069227
109.8125,1,08:09:44.653567657
109.8125,2,08:09:44.653716188
109.8125,1,08:09:44.654087366
109.8125,54,08:09:44.663215855
109.8125,30,08:09:44.663390732
109.8125,15,08:09:44.663519979
109.8125,10,08:09:44.663544609
109.8125,3,08:09:44.663611660
109.8125,1,08:09:44.664655250
109.8125,1,08:09:47.622377410
109.8125,107,08:09:47.622891091
109.8125,1,08:09:47.624773222
109.8125,139,08:09:47.626306900
109.8125,1,08:09:47.627747633
109.8125,1,08:09:47.627842528
109.8125,2,08:09:47.628019274
109.8125,4,08:09:47.628049467
109.8125,1,08:09:47.628072651
109.8125,1,08:09:47.628095618
109.8125,29,08:09:47.628365006
109.8125,1,08:09:47.628495044
109.8125,1,08:09:47.628639370
109.8125,1,08:09:47.628771164
109.8125,2,08:09:47.628916898
109.8125,2,08:09:47.629050129
109.8125,1,08:09:47.629363250
109.8125,35,08:09:47.630531241
109.8125,1,08:09:47.630691267
109.8125,1,08:09:47.631277756
109.8125,2,08:09:47.631467728
109.8125,12,08:09:47.631802838
109.8125,1,08:09:47.632028094
109.8125,5,08:09:47.633110311
109.8125,1,08:09:47.634762132
109.8125,1,08:09:47.635783536
109.8125,20,08:09:47.637384915
109.8125,1,08:09:47.637936424
109.7969,1,08:10:02.549241938
109.7969,1,08:10:08.351639320
109.8125,200,08:10:13.960259033
109.7969,1,08:10:14.153070257
109.7969,1,08:10:19.955602921
109.7969,1,08:10:25.757106077
109.8125,5,08:10:28.747803084
109.8125,25,08:10:29.408649949
109.7969,9,08:10:31.475266254
109.7969,1,08:10:31.534498518
109.7969,1,08:10:37.361155865
109.7969,1,08:10:39.398260348
109.7969,1,08:10:46.440101460
109.8125,500,08:10:53.905869732
109.8125,20,08:10:53.908078781
109.8125,1,08:10:53.909597301
109.8125,1,08:10:53.910204686
109.8125,1,08:10:53.911657167
109.8125,54,08:10:53.922547826
109.8125,1,08:10:53.923299674
109.8125,1,08:10:53.923536645
109.8125,7,08:10:53.923582928
109.8125,2,08:10:53.923617187
109.8125,1,08:10:53.923636273
109.8125,1,08:10:53.923666949
109.8125,1,08:10:53.923735238
109.8125,29,08:10:53.923765236
109.8125,1,08:10:53.923792852
109.8125,1,08:10:53.923815269
109.8125,1,08:10:53.923837205
109.8125,1,08:10:53.923858565
109.8125,1,08:10:53.923886243
109.8125,1,08:10:53.923905683
109.8125,1,08:10:53.923927604
109.8125,1,08:10:53.923949489
109.8125,1,08:10:53.923970901
109.8125,1,08:10:53.923991663
109.8125,1,08:10:53.924015170
109.8125,1,08:10:53.924034940
109.8125,1,08:10:53.924056752
109.8125,1,08:10:53.924078727
109.8125,1,08:10:53.924101348
109.8125,177,08:10:53.924308578
109.8125,4,08:10:53.927647144
109.8125,4,08:10:53.928021833
109.8125,7,08:10:53.929572188
109.8125,10,08:10:53.930604068
109.8125,10,08:10:53.931912930
109.8125,10,08:10:53.934822630
109.8125,10,08:10:53.937167753
109.8125,2,08:10:53.937478671
109.8125,1,08:10:53.937806728
109.8125,1,08:10:53.937903959
109.8125,1,08:10:53.938073694
109.8125,1,08:10:53.938105061
109.8125,1,08:10:53.938136901
109.8125,1,08:10:53.938171654
109.8125,1,08:10:53.938281800
109.8125,2,08:10:53.938547000
109.8125,8,08:10:53.938606549
109.8125,5,08:10:53.938674890
109.8125,2,08:10:53.938717701
109.8125,6,08:10:53.938793216
109.8125,3,08:10:53.938851336
109.8125,2,08:10:53.938880181
109.8125,1,08:10:53.939122461
109.8125,1,08:10:53.939419100
109.8125,1,08:10:53.940463662
109.8125,1,08:10:53.941506314
109.8125,136,08:10:53.941955375
109.8125,1,08:10:53.942074380
109.8125,1,08:10:53.942174244
109.8125,1,08:10:53.943103872
109.8125,1,08:10:53.943201766
109.8125,1,08:10:53.943667893
109.8125,4,08:10:53.943858035
109.8125,4,08:10:53.944053002
109.8125,1,08:10:53.944588734
109.8125,1,08:10:53.944623647
109.8125,1,08:10:53.944736536
109.8125,1,08:10:53.944800585
109.8125,1,08:10:53.997042699
109.8125,4,08:10:57.482316860
109.8125,4,08:10:57.482780101
109.8125,28,08:10:57.483792576
109.8125,1,08:10:57.484505588
109.8125,1,08:10:57.484527214
109.8125,100,08:10:57.485895280
109.8125,8,08:10:57.486109020
109.8125,1,08:10:57.486197818
109.8125,1,08:10:57.486712456
109.8125,1,08:10:57.487541950
109.8125,2,08:10:57.489335763
109.8125,1,08:10:57.489361015
109.8125,1,08:10:57.489380436
109.8125,8,08:10:57.489874525
109.8125,1,08:10:57.490108553
109.8125,8,08:10:57.491971815
109.8125,1,08:10:57.492594693
109.8125,16,08:10:57.659503346
109.8125,1,08:10:57.659729885
109.8125,1,08:10:57.659800978
109.8125,1,08:10:57.659833435
109.8125,1,08:10:57.659888810
109.8125,1,08:10:57.660018672
109.8125,1,08:10:57.685032834
109.8125,1,08:10:57.688227241
109.8125,1,08:11:00.195287642
109.8125,1,08:11:00.195377685
109.8125,4,08:11:01.770305850
109.8125,4,08:11:01.770565828
109.8125,20,08:11:01.770702887
109.8125,27,08:11:01.770779829
109.8125,1,08:11:01.770803417
109.8125,12,08:11:01.770877979
109.8125,4,08:11:01.770926194
109.8125,16,08:11:01.771081771
109.8125,1,08:11:01.773455627
109.8125,1,08:11:01.774204906
109.8125,1,08:11:01.775098521
109.8125,1,08:11:01.775162817
109.8125,10,08:11:01.777166598
109.8125,10,08:11:01.779568791
109.8125,16,08:11:01.786061655
109.8125,3,08:11:01.787456153
109.8125,54,08:11:01.787905676
109.8125,30,08:11:01.788185547
109.8125,1,08:11:01.788301005
109.8125,1,08:11:01.788379750
109.8125,1,08:11:01.788458599
109.8125,5,08:11:01.788597363
109.8125,5,08:11:01.788652382
109.8125,107,08:11:01.788872223
109.8125,1,08:11:01.790633049
109.8125,1,08:11:03.354275442
109.8125,1,08:11:03.354411867
109.8125,16,08:11:40.429607405
109.7969,1,08:11:55.821788878
109.7969,3,08:12:01.277585565
109.8125,1,08:12:05.831707196
109.8125,89,08:12:08.388868233
109.8125,1,08:12:08.390328851
109.8125,1,08:12:08.390739647
109.8125,1,08:12:08.391058770
109.8125,732,08:12:08.401729293
109.8125,353,08:12:08.408749234
109.8125,1,08:12:08.409022372
109.8125,1,08:12:08.409245460
109.8125,29,08:12:08.411820613
109.8125,1,08:12:08.411954220
109.8125,1,08:12:08.412895960
109.8125,1,08:12:08.413306465
109.8125,102,08:12:08.413408454
109.8125,6,08:12:08.413485217
109.8125,17,08:12:08.413511064
109.8125,14,08:12:08.413555327
109.8125,4,08:12:08.413572747
109.8125,3,08:12:08.415789120
109.8125,11,08:12:08.415816688
109.8125,1,08:12:08.415841908
109.8125,1,08:12:08.415875797
109.8125,1,08:12:08.415951526
109.8125,1,08:12:08.415998945
109.8125,38,08:12:08.421804390
109.8125,22,08:12:08.423478299
109.8125,1,08:12:08.423703913
109.8125,1,08:12:08.423732829
109.8125,1,08:12:08.423869075
109.8125,1,08:12:08.424895985
109.8125,16,08:12:08.430028054
109.8125,26,08:12:08.437757871
109.8125,23,08:12:08.438931002
109.8125,3,08:12:08.583080238
109.8125,4,08:12:08.586274715
109.8125,1,08:12:22.742031701
109.8281,1,08:12:23.992936888
109.8125,6,08:12:31.819090188
109.8125,2,08:12:31.821954383
109.8125,1,08:12:33.556353832
109.8125,1,08:12:33.767905393
109.8281,1,08:12:34.280061329
109.8281,1,08:12:39.835422910
109.8125,500,08:12:40.288149258
109.8125,1,08:12:40.288872442
109.8125,1,08:12:40.289528154
109.8125,29,08:12:40.290039352
109.8125,1,08:12:40.290512241
109.8125,1,08:12:40.290547284
109.8125,1,08:12:40.290577461
109.8125,1,08:12:40.290660488
109.8125,4,08:12:40.290986776
109.8125,1,08:12:40.291035122
109.8125,1,08:12:40.291084387
109.8125,1,08:12:40.291175759
109.8125,1,08:12:40.291241037
109.8125,1,08:12:40.291903907
109.8125,3,08:12:40.291916285
109.8125,40,08:12:40.292097496
109.8125,12,08:12:40.292678134
109.8125,14,08:12:40.292740724
109.8125,1,08:12:40.293585734
109.8125,1,08:12:40.293667115
109.8125,1,08:12:40.294665685
109.8125,9,08:12:40.294691193
109.8125,1,08:12:40.294725590
109.8125,1,08:12:40.294730570
109.8125,51,08:12:40.294972037
109.8125,6,08:12:40.295178390
109.8125,43,08:12:40.296166538
109.8125,1,08:12:40.296436450
109.8125,1,08:12:40.296483782
109.8125,7,08:12:40.298066932
109.8125,1,08:12:40.298267883
109.8125,1,08:12:40.298297992
109.8125,1,08:12:40.298517709
109.8125,1,08:12:40.298557556
109.8125,1,08:12:40.300701203
109.8125,54,08:12:40.301912008
109.8125,1,08:12:40.302624646
109.8125,1,08:12:40.303279543
109.8125,1,08:12:40.303465187
109.8125,1,08:12:40.303491485
109.8125,5,08:12:40.368196707
109.8125,1,08:12:40.368419986
109.8125,1,08:12:40.368588261
109.8125,1,08:12:41.188125869
109.8125,1,08:12:41.188342219
109.8125,1,08:12:41.188433795
109.8125,1,08:12:41.188640243
109.8125,25,08:12:42.580365244
109.8125,1,08:12:42.580410291
109.8125,1,08:12:42.580913959
109.8125,1,08:12:42.581033120
109.8125,1,08:12:42.581085262
109.8125,60,08:12:42.581351939
109.8125,1,08:12:42.581431466
109.8125,1,08:12:42.581892814
109.8125,4,08:12:42.582207377
109.8125,2,08:12:42.583072588
109.8125,18,08:12:42.583374402
109.8125,1,08:12:42.583415007
109.8125,2,08:12:42.584075172
109.8125,1,08:12:42.584211578
109.8125,4,08:12:42.584274238
109.8125,2,08:12:42.584338748
109.8125,1,08:12:42.584602542
109.8125,2,08:12:42.590359638
109.8125,9,08:12:46.104241720
109.8125,6,08:12:49.431503989
109.8125,1,08:12:49.431719808
109.8125,1,08:12:49.431766801
109.8125,1,08:12:49.431859743
109.8125,25,08:12:50.253247681
109.8125,1,08:12:50.253445462
109.8125,1,08:12:50.253491510
109.8125,1,08:12:50.253588834
109.8125,1,08:12:50.253638367
109.8125,6,08:12:51.740309833
109.8125,1,08:12:51.740518288
109.8125,1,08:12:51.740555395
109.8125,1,08:12:51.740695703
109.8125,138,08:12:54.114824058
109.8125,1,08:12:54.115652898
109.8125,1,08:12:54.116152172
109.8125,1,08:12:54.116187238
109.8125,1,08:12:54.116204934
109.8125,1,08:12:54.116220550
109.8125,1,08:12:54.116231892
109.8125,1,08:12:54.116249050
109.8125,1,08:12:54.116275406
109.8125,1,08:12:54.116287435
109.8125,1,08:12:54.116299618
109.8125,1,08:12:54.116312338
109.8125,1,08:12:54.116326264
109.8125,1,08:12:54.116340275
109.8125,1,08:12:54.116355203
109.8125,1,08:12:54.116366624
109.8125,1,08:12:54.116447167
109.8125,1,08:12:54.116459967
109.8125,1,08:12:54.116472856
109.8125,1,08:12:54.116484739
109.8125,1,08:12:54.116498798
109.8125,1,08:12:54.116510476
109.8125,1,08:12:54.116548719
109.8125,1,08:12:54.116561619
109.8125,1,08:12:54.116654422
109.8125,1,08:12:54.116766853
109.8281,13,08:12:55.175834911
109.8125,5,08:13:01.222196509
109.8125,1,08:13:04.388820387
109.8125,1,08:13:10.246414769
109.8125,54,08:13:16.391443065
109.8125,1,08:13:16.391622867
109.8125,253,08:13:16.391983517
109.8125,1,08:13:16.392055931
109.8125,1,08:13:16.392095997
109.8125,1,08:13:16.392221183
109.8125,1,08:13:16.392252601
109.8125,1,08:13:16.392279776
109.8125,1,08:13:16.392341643
109.8125,1,08:13:16.392558783
109.8125,1,08:13:16.392598592
109.8125,1,08:13:16.392638139
109.8125,1,08:13:16.392679093
109.8125,1,08:13:16.392724895
109.8125,1,08:13:16.392759181
109.8125,1,08:13:16.392823211
109.8125,1,08:13:16.392900806
109.8125,1,08:13:16.392928167
109.8125,1,08:13:16.392963095
109.8125,1,08:13:16.392993713
109.8125,1,08:13:16.393053513
109.8125,1,08:13:16.393090454
109.8125,10,08:13:16.393175260
109.8125,1,08:13:16.393213661
109.8125,5,08:13:16.393520006
109.8125,1,08:13:16.393648501
109.8125,2,08:13:16.393710509
109.8125,1,08:13:16.393762436
109.8125,102,08:13:16.394298601
109.8125,1,08:13:16.394881697
109.8125,1,08:13:16.394943132
109.8125,4,08:13:16.394994734
109.8125,4,08:13:16.395060188
109.8125,6,08:13:16.395173252
109.8125,1,08:13:16.395214801
109.8125,8,08:13:16.395298992
109.8125,2,08:13:16.395408399
109.8125,1,08:13:16.395478711
109.8125,6,08:13:16.395506346
109.8125,3,08:13:16.395573548
109.8125,5,08:13:16.395631585
109.8125,10,08:13:16.395790944
109.8125,7,08:13:16.397440129
109.8125,1,08:13:16.398623911
109.8125,102,08:13:16.399792302
109.8125,1,08:13:16.400171014
109.8125,2,08:13:16.401006554
109.8125,1,08:13:16.401031617
109.8125,1,08:13:16.401052030
109.8125,1,08:13:16.401215559
109.8125,5,08:13:16.618779686
109.8125,5,08:13:16.620602171
109.8125,16,08:13:16.689824915
109.8125,1,08:13:16.690064559
109.8125,1,08:13:16.690214561
109.8125,41,08:13:16.884908893
109.8125,2,08:13:20.245895335
109.8125,1,08:13:20.246177978
109.8125,1,08:13:20.264997532
109.8125,3,08:13:21.181976209
109.8125,1,08:13:21.182227011
109.8125,2,08:13:30.227349605
109.8125,1,08:13:30.227643118
109.8125,1,08:13:40.239033139
109.8125,1,08:13:40.899013323
109.8125,1,08:13:41.189666123
109.8125,9,08:13:49.367777609
109.8125,2,08:13:50.231582590
109.8125,1,08:13:54.119684203
109.8281,25,08:13:57.380716802
109.8125,2,08:14:00.234666065
109.8125,2,08:14:10.228619986
109.8125,1,08:14:14.489728430
109.8281,5,08:14:15.945030080
109.8125,9,08:14:26.068675573
109.8125,1,08:14:30.222009171
109.8125,1,08:14:31.241282570
109.8125,1,08:14:32.255394761
109.8281,10,08:14:37.393962245
109.8125,1,08:14:40.227257477
109.8281,3,08:14:41.190307629
109.8125,1,08:14:41.243748138
109.8125,1,08:14:43.983302365
109.8125,2,08:14:51.961233973
109.8125,4,08:14:51.962199378
109.8125,9,08:14:59.020596260
109.8125,9,08:14:59.020660780
109.8125,19,08:14:59.021062116
109.8125,9,08:14:59.021122322
109.8125,8,08:14:59.021177061
109.8125,1,08:14:59.021623487
109.8125,4,08:14:59.021715076
109.8125,1,08:14:59.021831415
109.8125,1,08:14:59.021874203
109.8125,48,08:14:59.022482599
109.8125,1,08:14:59.022755926
109.8125,1,08:14:59.022803715
109.8125,16,08:14:59.022952073
109.8125,1,08:14:59.023243229
109.8125,9,08:14:59.028866068
109.8125,1,08:14:59.029054978
109.8125,10,08:14:59.331977228
109.8125,5,08:14:59.332500090
109.8125,1,08:14:59.333160913
109.8125,16,08:14:59.333477240
109.8125,1,08:14:59.333677093
109.8125,1,08:14:59.333697071
109.8125,25,08:14:59.369120203
109.8125,1,08:14:59.369243451
109.8125,1,08:14:59.369315864
109.8125,1,08:14:59.369444082
109.8125,1,08:14:59.369515660
109.8125,10,08:14:59.379923172
109.8125,1,08:14:59.380141897
109.8125,1,08:14:59.380226730
109.8125,24,08:14:59.380539825
109.8125,12,08:14:59.380692473
109.8125,1,08:14:59.380849412
109.8125,10,08:14:59.380849412
109.8125,1,08:14:59.380895624
109.8125,1,08:14:59.380925599
109.8125,1,08:14:59.380989514
109.8125,1,08:14:59.381026356
109.8125,1,08:14:59.381068837
109.8125,1,08:14:59.381098293
109.8125,1,08:14:59.381127907
109.8125,1,08:14:59.381166372
109.8125,1,08:14:59.381685736
109.8125,1,08:14:59.382346344
109.8125,1,08:14:59.382395011
109.8125,2,08:14:59.382704960
109.8125,1,08:14:59.383061188
109.8125,1,08:14:59.383706279
109.8125,52,08:14:59.384179095
109.8125,1,08:14:59.384486947
109.8125,1,08:14:59.384553711
109.8125,1,08:14:59.384610768
109.8125,1,08:14:59.384797876
109.8125,1,08:14:59.385521215
109.8125,1,08:14:59.385544060
109.8125,1,08:14:59.386243649
109.8125,1,08:14:59.386338886
109.8125,1,08:15:00.127120166
109.8125,3,08:15:00.240629197
109.8125,3,08:15:01.229230674
109.8125,279,08:15:02.881001196
109.8125,41,08:15:02.883815774
109.8125,1,08:15:02.894195711
109.8125,9,08:15:02.895656095
109.8125,16,08:15:02.897636996
109.7969,3,08:15:02.912200604
109.7969,1,08:15:02.912420400
109.8125,2,08:15:02.919427674
109.8125,100,08:15:05.405384003
109.7969,2,08:15:10.231109946
109.7969,5,08:15:17.977407544
109.8125,15,08:15:19.313414607
109.7969,1,08:15:20.229809296
109.7969,15,08:15:20.948766313
109.7969,2,08:15:21.208272606
109.7969,3,08:15:23.022723326
109.7969,2,08:15:23.022791398
109.7969,9,08:15:29.870718544
109.7969,2,08:15:30.244515153
109.7969,1,08:15:36.336848778
109.7969,1,08:15:36.399229217
109.7969,1,08:15:36.399659050
109.7969,1,08:15:39.446177912
109.7969,234,08:15:39.446857291
109.7969,1,08:15:39.447519627
109.7969,1,08:15:39.447740298
109.7969,156,08:15:39.447755214
109.7969,4,08:15:39.448108322
109.7969,1,08:15:39.448146050
109.7969,1,08:15:39.448260892
109.7969,1,08:15:39.448315456
109.7969,7,08:15:39.448315456
109.7969,11,08:15:39.448315456
109.7969,1,08:15:39.448343831
109.7969,54,08:15:39.448395649
109.7969,12,08:15:39.448421416
109.7969,2,08:15:39.448483666
109.7969,1,08:15:39.448483666
109.7969,1,08:15:39.448634677
109.7969,4,08:15:39.448658652
109.7969,20,08:15:39.448715846
109.7969,15,08:15:39.448715846
109.7969,23,08:15:39.448753109
109.7969,9,08:15:39.448775327
109.7969,4,08:15:39.448896740
109.7969,1,08:15:39.448896740
109.7969,1,08:15:39.448938313
109.7969,10,08:15:39.448938313
109.7969,1,08:15:39.449006049
109.7969,1,08:15:39.449033418
109.7969,1,08:15:39.449076252
109.7969,54,08:15:39.449189165
109.7969,1,08:15:39.449189165
109.7969,1,08:15:39.449264428
109.7969,6,08:15:39.449352689
109.7969,1,08:15:39.449457209
109.7969,5,08:15:39.449484106
109.7969,1,08:15:39.449484106
109.7969,1,08:15:39.449519966
109.7969,1,08:15:39.449558322
109.7969,1,08:15:39.449659886
109.7969,1,08:15:39.449740518
109.7969,1,08:15:39.449828746
109.7969,1,08:15:39.449898597
109.7969,1,08:15:39.449990938
109.7969,1,08:15:39.450000897
109.7969,1,08:15:39.450103449
109.7969,16,08:15:39.450141297
109.7969,13,08:15:39.450212639
109.7969,2,08:15:39.450427684
109.7969,36,08:15:39.450427684
109.7969,73,08:15:39.450464542
109.7969,5,08:15:39.450521212
109.7969,8,08:15:39.450621137
109.7969,1,08:15:39.450669954
109.7969,1,08:15:39.450757502
109.7969,19,08:15:39.450795439
109.7969,3,08:15:39.450821029
109.7969,1,08:15:39.450875248
109.7969,1,08:15:39.451213610
109.7969,10,08:15:39.451213610
109.7969,27,08:15:39.451263559
109.7969,13,08:15:39.451303602
109.7969,7,08:15:39.451348674
109.7969,9,08:15:39.451409633
109.7969,10,08:15:39.451434958
109.7969,9,08:15:39.451469132
109.7969,9,08:15:39.451510288
109.7969,1,08:15:39.451667455
109.7969,1,08:15:39.451735047
109.7969,1,08:15:39.451856736
109.7969,33,08:15:39.451876804
109.7969,1,08:15:39.451914482
109.7969,169,08:15:39.452261916
109.7969,1,08:15:39.452789735
109.7969,361,08:15:39.452982916
109.7969,1,08:15:39.453134539
109.7969,1,08:15:39.453179470
109.7969,1,08:15:39.453279184
109.7969,2,08:15:39.453305639
109.7969,1,08:15:39.453332903
109.7969,1,08:15:39.453367268
109.7969,1,08:15:39.453392492
109.7969,1,08:15:39.453425411
109.7969,5,08:15:39.453482673
109.7969,1,08:15:39.453520933
109.7969,1,08:15:39.453534143
109.7969,1,08:15:39.453564915
109.7969,1,08:15:39.453607604
109.7969,1,08:15:39.453632695
109.7969,1,08:15:39.453663828
109.7969,1,08:15:39.453821176
109.7969,10,08:15:39.453850299
109.7969,2,08:15:39.453942240
109.7969,9,08:15:39.453963272
109.7969,9,08:15:39.454051280
109.7969,8,08:15:39.454175164
109.7969,1,08:15:39.454226070
109.7969,1,08:15:39.454304516
109.7969,1,08:15:39.454458878
109.7969,23,08:15:39.454620940
109.7969,1,08:15:39.454782005
109.7969,1,08:15:39.456232745
109.7969,1,08:15:39.456496254
109.7969,4,08:15:39.457124999
109.7969,1,08:15:39.457188853
109.7969,1,08:15:39.457920446
109.7813,1,08:15:39.484210761
109.7813,5,08:15:39.494750755
109.7813,4,08:15:39.495289690
109.7813,538,08:15:39.568340049
109.7813,13,08:15:40.223280152
109.7813,12,08:15:41.546252037
109.7813,9,08:15:50.803057859
109.7813,10,08:15:50.803094835
109.7969,54,08:15:53.219939039
109.7969,10,08:15:53.220403819
109.7969,102,08:15:53.220761278
109.7969,44,08:15:53.220852084
109.7969,1,08:15:53.220894528
109.7969,2,08:15:53.220965785
109.7969,4,08:15:53.221074325
109.7969,4,08:15:53.221142378
109.7969,20,08:15:53.221332833
109.7969,4,08:15:53.221475706
109.7969,30,08:15:53.221515073
109.7969,4,08:15:53.221556747
109.7969,5,08:15:53.221575660
109.7969,114,08:15:53.221718549
109.7969,5,08:15:53.221762895
109.7969,108,08:15:53.221976878
109.7969,1,08:15:53.222163717
109.7969,1,08:15:53.222262800
109.7969,1,08:15:53.222296046
109.7969,24,08:15:53.222486312
109.7969,1,08:15:53.222512082
109.7969,1,08:15:53.222570428
109.7969,1,08:15:53.222639992
109.7969,1,08:15:53.222688648
109.7969,1,08:15:53.222776033
109.7969,8,08:15:53.222818117
109.7969,1,08:15:53.222841497
109.7969,1,08:15:53.222869356
109.7969,1,08:15:53.223305922
109.7969,1,08:15:53.223340227
109.7969,1,08:15:53.223519606
109.7969,1,08:15:53.223574744
109.7969,2,08:15:53.223619045
109.7969,1,08:15:53.223819875
109.7969,1,08:15:53.223841479
109.7969,5,08:15:53.223863828
109.7969,18,08:15:53.223890024
109.7969,1,08:15:53.223910974
109.7969,2,08:15:53.223937423
109.7969,1,08:15:53.223960550
109.7969,12,08:15:53.223989888
109.7969,1,08:15:53.224029978
109.7969,1,08:15:53.224049418
109.7969,1,08:15:53.224070091
109.7969,1,08:15:53.224088716
109.7969,20,08:15:53.224213716
109.7969,13,08:15:53.224299192
109.7969,4,08:15:53.224360737
109.7969,1,08:15:53.224378920
109.7969,1,08:15:53.224403403
109.7969,1,08:15:53.224425641
109.7969,1,08:15:53.224468329
109.7969,30,08:15:53.224678919
109.7969,16,08:15:53.224881426
109.7969,30,08:15:53.225019601
109.7969,78,08:15:53.225231644
109.7969,30,08:15:53.227477039
109.7969,9,08:15:53.227934303
109.7969,4,08:15:53.228055160
109.7969,1,08:15:53.229083523
109.7969,89,08:15:53.229329080
109.7969,1,08:15:53.229900745
109.7969,1,08:15:53.230092353
109.7969,1,08:15:53.230137845
109.7969,63,08:15:53.230199572
109.7969,1,08:15:53.230417112
109.7969,1,08:15:53.230450492
109.7969,1,08:15:53.230750770
109.7969,1,08:15:53.231383797
109.7969,5,08:15:53.232916625
109.7969,4,08:15:54.232564507
109.7969,2,08:15:54.858286421
109.7969,54,08:15:54.858349523
109.7969,1,08:15:54.858649811
109.7969,8,08:15:54.858845645
109.7969,1,08:15:54.858940543
109.7969,54,08:15:54.859206084
109.7969,2,08:15:54.859355857
109.7969,1,08:15:54.859443769
109.7969,1,08:15:54.859537816
109.7969,1,08:15:54.859598940
109.7969,1,08:15:54.859624278
109.7969,12,08:15:54.873614578
109.7969,1,08:15:59.026008311
109.7969,24,08:16:00.088735307
109.7969,1,08:16:00.103449363
109.7969,54,08:16:25.846589863
109.7969,1,08:16:25.846948654
109.7969,39,08:16:25.847194257
109.7969,9,08:16:25.847273979
109.7969,4,08:16:25.847355031
109.7969,5,08:16:25.847415537
109.7969,4,08:16:25.847468310
109.7969,5,08:16:25.847817161
109.7969,108,08:16:25.848318151
109.7969,30,08:16:25.849168661
109.7969,1,08:16:25.849603502
109.7969,4,08:16:25.849657749
109.7969,1,08:16:25.849747555
109.7969,2,08:16:25.849819794
109.7969,11,08:16:25.849906503
109.7969,3,08:16:25.849924160
109.7969,11,08:16:25.850123397
109.7969,1,08:16:25.850227226
109.7969,2,08:16:25.850373229
109.7969,1,08:16:25.850427838
109.7969,10,08:16:25.850460127
109.7969,1,08:16:25.850633871
109.7969,2,08:16:25.850676867
109.7969,1,08:16:25.850787961
109.7969,1,08:16:25.850842861
109.7969,1,08:16:25.850885380
109.7969,1,08:16:25.851090930
109.7969,1,08:16:25.851116780
109.7969,1,08:16:25.851144902
109.7969,13,08:16:25.851269084
109.7969,3,08:16:25.851860351
109.7969,2,08:16:25.852656248
109.7969,1,08:16:25.852969128
109.7969,1,08:16:25.853105902
109.7969,10,08:16:25.853624936
109.7969,2,08:16:25.854033294
109.7969,4,08:16:25.854262808
109.7969,37,08:16:25.854296786
109.7969,45,08:16:25.854343002
109.7969,19,08:16:25.854363697
109.7969,5,08:16:25.854391218
109.7969,1,08:16:25.854411611
109.7969,27,08:16:25.854435199
109.7969,7,08:16:25.854488173
109.7969,1,08:16:25.855651233
109.7969,1,08:16:25.855750205
109.7969,20,08:16:25.855774733
109.7969,1,08:16:25.855891506
109.7969,1,08:16:25.856441726
109.7969,33,08:16:25.856468152
109.7969,1,08:16:25.856687174
109.7969,1,08:16:25.856879680
109.7969,1,08:16:25.856965388
109.7969,1,08:16:25.857060874
109.7969,8,08:16:25.857098238
109.7969,21,08:16:25.857374356
109.7969,1,08:16:25.857579563
109.7969,1,08:16:25.857596290
109.7969,1,08:16:25.857652880
109.7969,5,08:16:25.857733502
109.7969,1,08:16:25.857759196
109.7969,37,08:16:25.857911064
109.7969,1,08:16:25.858917788
109.7969,1,08:16:25.858937334
109.7969,1,08:16:25.858981355
109.7969,1,08:16:25.859179490
109.7969,7,08:16:25.859478222
109.7969,18,08:16:25.859993445
109.7969,1,08:16:25.860030944
109.7969,1,08:16:25.860123691
109.7969,1,08:16:25.860278349
109.7969,1,08:16:25.860905301
109.7969,15,08:16:25.870965874
109.7969,1,08:16:25.871177136
109.7969,42,08:16:25.871348778
109.7969,37,08:16:25.873517459
109.7969,1,08:16:25.873750489
109.7969,1,08:16:25.873808044
109.7969,16,08:16:25.883831286
109.7969,1,08:16:25.884658208
109.7969,14,08:16:25.885773948
109.7969,1,08:16:25.885880325
109.7969,2,08:16:25.885947712
109.7969,1,08:16:25.886432010
109.7969,1,08:16:25.886453412
109.7969,50,08:16:27.757403800
109.7969,1,08:16:27.757539988
109.7969,1,08:16:27.757563400
109.7969,1,08:16:27.757639752
109.7969,1,08:16:27.757646988
109.7969,1,08:16:27.757682391
109.7969,1,08:16:27.757721060
109.7969,1,08:16:27.757744770
109.7969,1,08:16:27.757779177
109.7969,1,08:16:27.757808983
109.7969,1,08:16:27.757894149
109.7969,1,08:16:27.757957794
109.7969,1,08:16:27.757978310
109.7969,1,08:16:27.758015620
109.7969,1,08:16:27.758040664
109.7969,1,08:16:27.758101343
109.7969,1,08:16:27.758177841
109.7969,1,08:16:27.758234028
109.7969,5,08:16:27.758234028
109.7969,4,08:16:27.758284845
109.7969,2,08:16:27.758316499
109.7969,1,08:16:27.758354308
109.7969,1,08:16:27.758450208
109.7969,1,08:16:27.758548664
109.7969,50,08:16:28.921531860
109.7969,1,08:16:28.921766288
109.7969,1,08:16:28.923050925
109.7969,5,08:16:28.923284289
109.7969,1,08:16:28.923748728
109.7969,4,08:16:30.049417430
109.7969,39,08:16:30.049776618
109.7969,60,08:16:30.050041906
109.7969,1,08:16:30.050514348
109.7969,50,08:16:30.051422693
109.7969,210,08:16:30.053088477
109.7969,1,08:16:30.053578538
109.7969,1,08:16:30.053633224
109.7969,1,08:16:30.054058330
109.7969,1,08:16:30.054222029
109.7969,1,08:16:30.055525876
109.7969,1,08:16:30.055878706
109.7969,1,08:16:30.056002846
109.7969,1,08:16:30.057522841
109.7969,1,08:16:30.062937085
109.7969,4,08:16:30.990322397
109.7969,8,08:16:36.912637882
109.7969,1,08:16:36.912911350
109.7969,30,08:16:36.913302644
109.7969,54,08:16:36.913372673
109.7969,1,08:16:36.913835314
109.7969,1,08:16:36.913868057
109.7969,19,08:16:36.914026908
109.7969,4,08:16:36.914057661
109.7969,5,08:16:36.914176882
109.7969,3,08:16:36.914237353
109.7969,1,08:16:36.914279064
109.7969,1,08:16:36.914321221
109.7969,1,08:16:36.914377395
109.7969,54,08:16:36.914793910
109.7969,30,08:16:36.914909934
109.7969,1,08:16:36.915065941
109.7969,1,08:16:36.915217102
109.7969,1,08:16:36.915360746
109.7969,1,08:16:36.915383758
109.7969,18,08:16:36.915505795
109.7969,1,08:16:36.915582929
109.7969,1,08:16:36.915912425
109.7969,1,08:16:36.915933337
109.7969,1,08:16:36.916008542
109.7969,1,08:16:39.091834725
109.7813,1,08:16:43.646576958
109.7969,81,08:16:46.398859877
109.7969,1,08:16:46.399146770
109.7969,1,08:16:46.399165167
109.7969,1,08:16:46.399188032
109.7969,8,08:16:46.399250707
109.7969,1,08:16:46.399336194
109.7969,19,08:16:46.399372851
109.7969,1,08:16:46.399452636
109.7969,1,08:16:46.399482578
109.7969,18,08:16:46.399530260
109.7969,1,08:16:46.399557882
109.7969,4,08:16:46.399582686
109.7969,4,08:16:46.399617666
109.7969,1,08:16:46.399653539
109.7969,1,08:16:46.399844045
109.7969,1,08:16:46.400668577
109.7969,1,08:16:46.400734957
109.7969,126,08:16:46.400924374
109.7969,1,08:16:46.400992122
109.7969,1,08:16:46.401567187
109.7969,42,08:16:46.401622000
109.7969,1,08:16:46.402506575
109.7969,1,08:16:46.402548800
109.7969,1,08:16:46.402586404
109.7969,1,08:16:46.403556427
109.7969,1,08:16:46.403673805
109.7969,1,08:16:46.403727765
109.7969,1,08:16:46.404159127
109.7969,29,08:16:46.405699024
109.7969,1,08:16:46.405930142
109.7969,1,08:16:46.405982098
109.7969,1,08:16:46.406151734
109.7969,1,08:16:46.413114821
109.7969,4,08:16:46.413208224
109.7969,1,08:16:46.413239658
109.7969,3,08:16:46.413291068
109.7969,1,08:16:46.413744908
109.7969,5,08:16:46.414106380
109.7969,1,08:16:46.414333835
109.7969,1,08:16:46.414631066
109.7969,1,08:16:46.414712130
109.7969,1,08:16:46.415024002
109.7969,1,08:16:46.415081501
109.7969,1,08:16:46.415130945
109.7969,1,08:16:46.415610068
109.7969,4,08:16:46.483780169
109.7969,5,08:16:49.344460212
109.7969,1,08:16:49.344954456
109.8125,2,08:16:50.376581538
109.7969,2,08:17:20.236558156
