bidVolume,bidPrice,askVolume,askPrice,timestamp
25,119.18,74,119.19,08:00:00.009194694
25,119.18,73,119.19,08:00:00.009322793
25,119.18,71,119.19,08:00:00.009322793
25,119.18,69,119.19,08:00:00.009336431
25,119.18,68,119.19,08:00:00.009336431
25,119.18,67,119.19,08:00:00.009336431
25,119.18,66,119.19,08:00:00.009663141
25,119.18,65,119.19,08:00:00.009679823
25,119.18,64,119.19,08:00:00.009679823
25,119.18,63,119.19,08:00:00.009679823
27,119.18,63,119.19,08:00:00.009734328
28,119.18,63,119.19,08:00:00.009734328
37,119.18,63,119.19,08:00:00.009734328
37,119.18,61,119.19,08:00:00.009734328
38,119.18,61,119.19,08:00:00.009748085
38,119.18,60,119.19,08:00:00.009807851
38,119.18,47,119.19,08:00:00.009829250
38,119.18,48,119.19,08:00:00.009829250
49,119.18,48,119.19,08:00:00.009829250
58,119.18,48,119.19,08:00:00.009829250
69,119.18,48,119.19,08:00:00.009829250
75,119.18,48,119.19,08:00:00.009829250
75,119.18,46,119.19,08:00:00.009912632
75,119.18,50,119.19,08:00:00.009912632
75,119.18,48,119.19,08:00:00.009912632
75,119.18,37,119.19,08:00:00.010090779
66,119.18,37,119.19,08:00:00.010090779
65,119.18,37,119.19,08:00:00.010203064
65,119.18,39,119.19,08:00:00.010379602
65,119.18,40,119.19,08:00:00.020011910
65,119.18,41,119.19,08:00:00.022116692
66,119.18,41,119.19,08:00:00.113011823
66,119.18,40,119.19,08:00:00.113159074
71,119.18,40,119.19,08:00:00.113231730
72,119.18,40,119.19,08:00:00.141285478
72,119.18,37,119.19,08:00:00.181556175
73,119.18,37,119.19,08:00:00.181712367
72,119.18,37,119.19,08:00:00.181866721
72,119.18,39,119.19,08:00:00.287979404
72,119.18,37,119.19,08:00:00.288567192
72,119.18,47,119.19,08:00:00.319615736
72,119.18,37,119.19,08:00:00.358406626
72,119.18,40,119.19,08:00:00.393202078
72,119.18,44,119.19,08:00:00.393266129
67,119.18,44,119.19,08:00:00.394222259
56,119.18,44,119.19,08:00:00.394392550
56,119.18,51,119.19,08:00:00.394596502
47,119.18,51,119.19,08:00:00.394596502
47,119.18,55,119.19,08:00:00.394668579
36,119.18,55,119.19,08:00:00.394740409
36,119.18,63,119.19,08:00:00.394929576
36,119.18,64,119.19,08:00:00.394929576
36,119.18,69,119.19,08:00:00.395009558
36,119.18,71,119.19,08:00:00.395009558
36,119.18,70,119.19,08:00:00.395187602
35,119.18,70,119.19,08:00:00.395187602
34,119.18,70,119.19,08:00:00.395187602
34,119.18,72,119.19,08:00:00.395384412
34,119.18,78,119.19,08:00:00.395504277
33,119.18,78,119.19,08:00:00.395627551
35,119.18,78,119.19,08:00:00.395964603
36,119.18,78,119.19,08:00:00.396152667
39,119.18,78,119.19,08:00:00.396221592
38,119.18,78,119.19,08:00:00.396345511
36,119.18,78,119.19,08:00:00.396466740
34,119.18,78,119.19,08:00:00.397252682
33,119.18,78,119.19,08:00:00.397322244
36,119.18,78,119.19,08:00:00.397924970
33,119.18,78,119.19,08:00:00.398352776
32,119.18,78,119.19,08:00:00.399012847
34,119.18,78,119.19,08:00:00.399178021
32,119.18,78,119.19,08:00:00.399486858
29,119.18,78,119.19,08:00:00.399732168
30,119.18,78,119.19,08:00:00.399799826
29,119.18,78,119.19,08:00:00.400034935
31,119.18,78,119.19,08:00:00.400122513
32,119.18,78,119.19,08:00:00.400307892
33,119.18,78,119.19,08:00:00.400455079
35,119.18,78,119.19,08:00:00.400696698
34,119.18,78,119.19,08:00:00.403329144
32,119.18,78,119.19,08:00:00.403737220
33,119.18,78,119.19,08:00:00.404321860
34,119.18,78,119.19,08:00:00.404487482
35,119.18,78,119.19,08:00:00.404553072
34,119.18,78,119.19,08:00:00.406408213
35,119.18,78,119.19,08:00:00.412679273
36,119.18,78,119.19,08:00:00.412848080
37,119.18,78,119.19,08:00:00.415398084
39,119.18,78,119.19,08:00:00.415535187
38,119.18,78,119.19,08:00:00.437350496
37,119.18,78,119.19,08:00:00.437451983
35,119.18,78,119.19,08:00:00.437664665
36,119.18,78,119.19,08:00:00.441758857
37,119.18,78,119.19,08:00:00.441899132
37,119.18,80,119.19,08:00:00.445260649
36,119.18,80,119.19,08:00:00.445865045
35,119.18,80,119.19,08:00:00.445931263
36,119.18,80,119.19,08:00:00.452668697
37,119.18,80,119.19,08:00:00.452842622
38,119.18,80,119.19,08:00:00.452988735
37,119.18,80,119.19,08:00:00.466912393
36,119.18,80,119.19,08:00:00.486227812
35,119.18,80,119.19,08:00:00.486370345
34,119.18,80,119.19,08:00:00.489709396
36,119.18,80,119.19,08:00:00.500877923
36,119.18,90,119.19,08:00:00.518183021
34,119.18,90,119.19,08:00:00.518340142
33,119.18,90,119.19,08:00:00.518660391
32,119.18,90,119.19,08:00:00.524515810
34,119.18,90,119.19,08:00:00.526308528
35,119.18,90,119.19,08:00:00.526489571
36,119.18,90,119.19,08:00:00.526550973
35,119.18,90,119.19,08:00:00.526710131
36,119.18,90,119.19,08:00:00.530421206
35,119.18,90,119.19,08:00:00.557338478
34,119.18,90,119.19,08:00:00.558332330
32,119.18,90,119.19,08:00:00.561562678
33,119.18,90,119.19,08:00:00.566635539
35,119.18,90,119.19,08:00:00.566811078
36,119.18,90,119.19,08:00:00.566876335
34,119.18,90,119.19,08:00:00.598568521
35,119.18,90,119.19,08:00:00.647750068
37,119.18,90,119.19,08:00:00.647921424
38,119.18,90,119.19,08:00:00.648022003
37,119.18,90,119.19,08:00:00.663128486
38,119.18,90,119.19,08:00:00.663707305
37,119.18,90,119.19,08:00:00.667233708
38,119.18,90,119.19,08:00:00.668297613
37,119.18,90,119.19,08:00:00.671723918
35,119.18,90,119.19,08:00:00.672064433
36,119.18,90,119.19,08:00:00.675500273
37,119.18,90,119.19,08:00:00.675653907
36,119.18,90,119.19,08:00:00.681528072
35,119.18,90,119.19,08:00:00.681686914
34,119.18,90,119.19,08:00:00.681770408
33,119.18,90,119.19,08:00:00.681770408
34,119.18,90,119.19,08:00:00.683747782
35,119.18,90,119.19,08:00:00.683892410
36,119.18,90,119.19,08:00:00.684037066
35,119.18,90,119.19,08:00:00.772971514
34,119.18,90,119.19,08:00:00.773142673
33,119.18,90,119.19,08:00:00.773205265
32,119.18,90,119.19,08:00:00.784799712
31,119.18,90,119.19,08:00:00.784963897
33,119.18,90,119.19,08:00:00.827630607
34,119.18,90,119.19,08:00:00.827804893
36,119.18,90,119.19,08:00:00.827867254
37,119.18,90,119.19,08:00:00.828129260
37,119.18,89,119.19,08:00:01.025014452
37,119.18,84,119.19,08:00:01.025303559
37,119.18,76,119.19,08:00:01.025387626
38,119.18,76,119.19,08:00:01.025387626
38,119.18,77,119.19,08:00:01.025387626
37,119.18,77,119.19,08:00:01.025532800
40,119.18,77,119.19,08:00:01.025615136
41,119.18,77,119.19,08:00:01.128580209
41,119.18,78,119.19,08:00:01.262730343
40,119.18,78,119.19,08:00:01.262877412
37,119.18,78,119.19,08:00:01.283633873
35,119.18,78,119.19,08:00:01.283807543
36,119.18,78,119.19,08:00:01.346440016
39,119.18,78,119.19,08:00:01.346612304
39,119.18,80,119.19,08:00:01.419341062
39,119.18,85,119.19,08:00:01.419806446
39,119.18,86,119.19,08:00:01.421023870
41,119.18,86,119.19,08:00:01.421694723
42,119.18,86,119.19,08:00:01.704169875
42,119.18,80,119.19,08:00:01.706173023
41,119.18,80,119.19,08:00:01.723674833
38,119.18,80,119.19,08:00:01.725360797
37,119.18,80,119.19,08:00:01.742391914
38,119.18,80,119.19,08:00:01.859245532
40,119.18,80,119.19,08:00:01.859407587
40,119.18,79,119.19,08:00:01.867714207
40,119.18,80,119.19,08:00:01.976198568
38,119.18,80,119.19,08:00:02.188886604
37,119.18,80,119.19,08:00:02.680647683
38,119.18,80,119.19,08:00:02.681771280
39,119.18,80,119.19,08:00:02.681946905
39,119.18,70,119.19,08:00:02.893925468
49,119.18,70,119.19,08:00:02.938941389
50,119.18,70,119.19,08:00:02.939091436
50,119.18,63,119.19,08:00:02.939322983
51,119.18,63,119.19,08:00:02.939322983
51,119.18,59,119.19,08:00:02.939388848
51,119.18,56,119.19,08:00:02.939461424
51,119.18,54,119.19,08:00:02.939532333
51,119.18,50,119.19,08:00:03.005734848
51,119.18,46,119.19,08:00:03.010692331
63,119.18,46,119.19,08:00:03.010841080
64,119.18,46,119.19,08:00:03.011024894
64,119.18,44,119.19,08:00:03.014995038
65,119.18,44,119.19,08:00:03.233926712
65,119.18,40,119.19,08:00:03.659094133
65,119.18,38,119.19,08:00:03.659161461
77,119.18,38,119.19,08:00:03.659308398
87,119.18,38,119.19,08:00:03.659391207
87,119.18,37,119.19,08:00:03.659566465
87,119.18,36,119.19,08:00:03.674058740
89,119.18,36,119.19,08:00:03.674127025
91,119.18,36,119.19,08:00:03.676123775
91,119.18,35,119.19,08:00:03.676336199
91,119.18,36,119.19,08:00:03.676540287
91,119.18,23,119.19,08:00:03.677357192
91,119.18,22,119.19,08:00:04.103650028
91,119.18,20,119.19,08:00:04.145006132
91,119.18,12,119.19,08:00:04.145107137
91,119.18,11,119.19,08:00:04.145107137
91,119.18,9,119.19,08:00:04.145260055
91,119.18,8,119.19,08:00:04.145260055
91,119.18,7,119.19,08:00:04.145260055
91,119.18,2,119.19,08:00:04.145260055
91,119.18,1,119.19,08:00:04.145260055
91,119.18,104,119.2,08:00:04.145273757
1,119.19,104,119.2,08:00:04.145637683
1,119.19,97,119.2,08:00:04.145637683
1,119.19,87,119.2,08:00:04.146019866
2,119.19,87,119.2,08:00:04.146039042
4,119.19,87,119.2,08:00:04.146039042
6,119.19,87,119.2,08:00:04.146228633
5,119.19,87,119.2,08:00:04.146253119
16,119.19,87,119.2,08:00:04.146253119
15,119.19,87,119.2,08:00:04.146253119
13,119.19,87,119.2,08:00:04.146253119
11,119.19,87,119.2,08:00:04.146253119
7,119.19,87,119.2,08:00:04.146253119
10,119.19,87,119.2,08:00:04.146361445
10,119.19,81,119.2,08:00:04.146361445
8,119.19,81,119.2,08:00:04.146629442
7,119.19,81,119.2,08:00:04.146629442
8,119.19,81,119.2,08:00:04.146779553
10,119.19,81,119.2,08:00:04.146779553
9,119.19,81,119.2,08:00:04.146798612
6,119.19,81,119.2,08:00:04.146798612
3,119.19,81,119.2,08:00:04.146816043
2,119.19,81,119.2,08:00:04.146816043
102,119.18,81,119.2,08:00:04.146816043
102,119.18,88,119.2,08:00:04.146816043
2,119.19,88,119.2,08:00:04.147169279
1,119.19,88,119.2,08:00:04.147462344
102,119.18,88,119.2,08:00:04.147462344
101,119.18,88,119.2,08:00:04.163411162
5,119.19,88,119.2,08:00:04.163782147
6,119.19,88,119.2,08:00:04.163944016
7,119.19,88,119.2,08:00:04.164175020
6,119.19,88,119.2,08:00:04.169548164
6,119.19,92,119.2,08:00:04.169719457
5,119.19,92,119.2,08:00:04.213853210
1,119.19,92,119.2,08:00:04.214108301
4,119.19,92,119.2,08:00:04.247516034
11,119.19,92,119.2,08:00:04.247669269
4,119.19,92,119.2,08:00:04.255957569
2,119.19,92,119.2,08:00:04.256043735
3,119.19,92,119.2,08:00:04.344857858
7,119.19,92,119.2,08:00:04.345045214
7,119.19,93,119.2,08:00:04.404981788
8,119.19,93,119.2,08:00:04.428284513
8,119.19,89,119.2,08:00:04.428443210
10,119.19,89,119.2,08:00:04.503947140
13,119.19,89,119.2,08:00:04.504122682
14,119.19,89,119.2,08:00:04.607222727
14,119.19,82,119.2,08:00:04.607384536
15,119.19,82,119.2,08:00:04.607540187
16,119.19,82,119.2,08:00:04.607717688
21,119.19,82,119.2,08:00:04.616455757
22,119.19,82,119.2,08:00:04.616634352
31,119.19,82,119.2,08:00:04.616706192
35,119.19,82,119.2,08:00:04.616777939
36,119.19,82,119.2,08:00:04.616848984
36,119.19,83,119.2,08:00:04.627995852
36,119.19,84,119.2,08:00:04.628064098
36,119.19,91,119.2,08:00:04.628136398
27,119.19,91,119.2,08:00:04.628306956
23,119.19,91,119.2,08:00:04.628377749
23,119.19,84,119.2,08:00:04.628609358
26,119.19,84,119.2,08:00:04.706447801
35,119.19,84,119.2,08:00:04.731119456
39,119.19,84,119.2,08:00:04.731184320
40,119.19,84,119.2,08:00:04.804382396
40,119.19,82,119.2,08:00:05.003788219
40,119.19,81,119.2,08:00:05.035045669
42,119.19,81,119.2,08:00:05.035193128
40,119.19,81,119.2,08:00:05.041279366
40,119.19,82,119.2,08:00:05.109740297
39,119.19,82,119.2,08:00:06.008221951
40,119.19,82,119.2,08:00:06.177691057
41,119.19,82,119.2,08:00:06.177875479
40,119.19,82,119.2,08:00:08.863951492
40,119.19,81,119.2,08:00:09.023826143
51,119.19,81,119.2,08:00:09.756273993
53,119.19,81,119.2,08:00:09.756273993
66,119.19,81,119.2,08:00:09.756340768
66,119.19,70,119.2,08:00:09.756426897
66,119.19,67,119.2,08:00:09.756426897
67,119.19,67,119.2,08:00:09.756498498
67,119.19,65,119.2,08:00:09.756565292
67,119.19,63,119.2,08:00:09.756759823
54,119.19,63,119.2,08:00:09.759238506
53,119.19,63,119.2,08:00:09.759304179
51,119.19,63,119.2,08:00:09.759374182
51,119.19,60,119.2,08:00:09.759515379
53,119.19,60,119.2,08:00:09.760325270
56,119.19,60,119.2,08:00:09.760446566
57,119.19,60,119.2,08:00:09.761231787
56,119.19,60,119.2,08:00:09.779221810
57,119.19,60,119.2,08:00:09.824004246
56,119.19,60,119.2,08:00:09.857519842
57,119.19,60,119.2,08:00:09.858159931
56,119.19,60,119.2,08:00:09.874092918
54,119.19,60,119.2,08:00:09.925191765
55,119.19,60,119.2,08:00:09.935623519
56,119.19,60,119.2,08:00:09.989770190
57,119.19,60,119.2,08:00:09.992022179
57,119.19,62,119.2,08:00:10.015847665
56,119.19,62,119.2,08:00:10.015949351
55,119.19,62,119.2,08:00:10.016142663
54,119.19,62,119.2,08:00:10.016213267
43,119.19,62,119.2,08:00:10.025655659
40,119.19,62,119.2,08:00:11.494396900
41,119.19,62,119.2,08:00:11.943451783
40,119.19,62,119.2,08:00:12.007020942
41,119.19,62,119.2,08:00:12.607777067
42,119.19,62,119.2,08:00:12.608114792
41,119.19,62,119.2,08:00:12.872906699
40,119.19,62,119.2,08:00:12.997525143
40,119.19,61,119.2,08:00:13.037218698
42,119.19,61,119.2,08:00:13.037350000
44,119.19,61,119.2,08:00:13.037516714
42,119.19,61,119.2,08:00:13.037665523
42,119.19,59,119.2,08:00:15.400624447
42,119.19,58,119.2,08:00:15.400752860
42,119.19,56,119.2,08:00:15.400752860
42,119.19,44,119.2,08:00:15.400770376
42,119.19,42,119.2,08:00:15.400770376
42,119.19,41,119.2,08:00:15.400770376
45,119.19,41,119.2,08:00:15.401054922
52,119.19,41,119.2,08:00:15.401054922
56,119.19,41,119.2,08:00:15.401054922
64,119.19,41,119.2,08:00:15.401054922
64,119.19,38,119.2,08:00:15.401054922
73,119.19,38,119.2,08:00:15.401068586
73,119.19,28,119.2,08:00:15.401187691
74,119.19,28,119.2,08:00:15.401187691
74,119.19,27,119.2,08:00:15.401205755
74,119.19,26,119.2,08:00:15.401205755
78,119.19,26,119.2,08:00:15.401205755
83,119.19,26,119.2,08:00:15.401205755
74,119.19,26,119.2,08:00:15.401389829
74,119.19,27,119.2,08:00:15.401389829
74,119.19,22,119.2,08:00:15.401492357
74,119.19,20,119.2,08:00:15.401492357
74,119.19,22,119.2,08:00:15.401598827
74,119.19,21,119.2,08:00:15.401598827
74,119.19,22,119.2,08:00:15.401612833
74,119.19,24,119.2,08:00:15.401692971
74,119.19,25,119.2,08:00:15.401790740
74,119.19,26,119.2,08:00:15.401790740
74,119.19,28,119.2,08:00:15.401880535
74,119.19,29,119.2,08:00:15.404995067
74,119.19,30,119.2,08:00:15.921737496
74,119.19,33,119.2,08:00:15.921922596
74,119.19,37,119.2,08:00:15.923866773
69,119.19,37,119.2,08:00:15.923949310
61,119.19,37,119.2,08:00:15.923949310
61,119.19,49,119.2,08:00:15.923966517
57,119.19,49,119.2,08:00:15.923966517
54,119.19,49,119.2,08:00:15.923966517
47,119.19,49,119.2,08:00:15.924149339
43,119.19,49,119.2,08:00:15.924149339
34,119.19,49,119.2,08:00:15.924239496
30,119.19,49,119.2,08:00:15.924239496
30,119.19,52,119.2,08:00:15.924344217
30,119.19,63,119.2,08:00:15.924358619
30,119.19,73,119.2,08:00:15.924358619
28,119.19,73,119.2,08:00:15.924865047
28,119.19,75,119.2,08:00:15.925014081
30,119.19,75,119.2,08:00:15.925802998
28,119.19,75,119.2,08:00:15.926149520
29,119.19,75,119.2,08:00:15.927438635
28,119.19,75,119.2,08:00:15.927612111
28,119.19,77,119.2,08:00:15.928211749
28,119.19,78,119.2,08:00:15.928380433
29,119.19,78,119.2,08:00:15.928441706
28,119.19,78,119.2,08:00:15.928560574
29,119.19,78,119.2,08:00:15.929626781
30,119.19,78,119.2,08:00:15.929813290
29,119.19,78,119.2,08:00:15.930013853
28,119.19,78,119.2,08:00:15.930174956
29,119.19,78,119.2,08:00:15.930357696
30,119.19,78,119.2,08:00:15.930518226
29,119.19,78,119.2,08:00:15.930589059
28,119.19,78,119.2,08:00:15.930665776
29,119.19,78,119.2,08:00:15.931042270
30,119.19,78,119.2,08:00:15.931042270
29,119.19,78,119.2,08:00:15.931352891
28,119.19,78,119.2,08:00:15.931352891
29,119.19,78,119.2,08:00:15.931488303
30,119.19,78,119.2,08:00:15.931714178
29,119.19,78,119.2,08:00:15.931788414
29,119.19,77,119.2,08:00:15.932835849
28,119.19,77,119.2,08:00:15.934343903
27,119.19,77,119.2,08:00:15.983361725
24,119.19,77,119.2,08:00:15.988282290
23,119.19,77,119.2,08:00:15.988448277
20,119.19,77,119.2,08:00:15.988735198
21,119.19,77,119.2,08:00:15.991109104
22,119.19,77,119.2,08:00:15.991291020
23,119.19,77,119.2,08:00:15.991356646
22,119.19,77,119.2,08:00:15.995617259
21,119.19,77,119.2,08:00:16.069442342
19,119.19,77,119.2,08:00:16.069526201
18,119.19,77,119.2,08:00:16.069526201
17,119.19,77,119.2,08:00:16.069541381
16,119.19,77,119.2,08:00:16.069541381
17,119.19,77,119.2,08:00:16.070077087
18,119.19,77,119.2,08:00:16.070252085
19,119.19,77,119.2,08:00:16.070315326
21,119.19,77,119.2,08:00:16.070528174
20,119.19,77,119.2,08:00:16.070595636
21,119.19,77,119.2,08:00:16.071311629
23,119.19,77,119.2,08:00:16.071641648
22,119.19,77,119.2,08:00:16.072275654
23,119.19,77,119.2,08:00:16.073326367
22,119.19,77,119.2,08:00:16.074355553
20,119.19,77,119.2,08:00:16.074594260
19,119.19,77,119.2,08:00:16.075360125
21,119.19,77,119.2,08:00:16.075529677
22,119.19,77,119.2,08:00:16.075604278
23,119.19,77,119.2,08:00:16.075604278
24,119.19,77,119.2,08:00:16.075739427
25,119.19,77,119.2,08:00:16.089851526
27,119.19,77,119.2,08:00:16.090119673
26,119.19,77,119.2,08:00:16.090119673
30,119.19,77,119.2,08:00:16.098152300
26,119.19,77,119.2,08:00:16.110171322
25,119.19,77,119.2,08:00:16.111752460
24,119.19,77,119.2,08:00:16.111901513
22,119.19,77,119.2,08:00:16.158429359
23,119.19,77,119.2,08:00:16.158578799
26,119.19,77,119.2,08:00:16.158751762
26,119.19,75,119.2,08:00:17.017538579
25,119.19,75,119.2,08:00:17.017538579
24,119.19,75,119.2,08:00:17.017613411
21,119.19,75,119.2,08:00:17.017800144
21,119.19,74,119.2,08:00:17.044451935
25,119.19,74,119.2,08:00:17.044764940
25,119.19,75,119.2,08:00:17.044764940
30,119.19,75,119.2,08:00:17.044886674
40,119.19,75,119.2,08:00:17.099654311
43,119.19,75,119.2,08:00:17.099756084
44,119.19,75,119.2,08:00:17.099859866
47,119.19,75,119.2,08:00:17.141938373
48,119.19,75,119.2,08:00:17.174804913
47,119.19,75,119.2,08:00:17.693916701
47,119.19,81,119.2,08:00:18.015405936
37,119.19,81,119.2,08:00:18.104804296
34,119.19,81,119.2,08:00:18.104869064
30,119.19,81,119.2,08:00:18.104980798
25,119.19,81,119.2,08:00:18.105061006
26,119.19,81,119.2,08:00:18.232657166
27,119.19,81,119.2,08:00:18.232928458
29,119.19,81,119.2,08:00:19.431945186
31,119.19,81,119.2,08:00:19.432137696
29,119.19,81,119.2,08:00:19.435880112
27,119.19,81,119.2,08:00:19.459141522
26,119.19,81,119.2,08:00:19.459366669
25,119.19,81,119.2,08:00:19.664785839
24,119.19,81,119.2,08:00:19.664850149
25,119.19,81,119.2,08:00:19.667197268
24,119.19,81,119.2,08:00:19.671783040
23,119.19,81,119.2,08:00:19.672268553
21,119.19,81,119.2,08:00:19.672780276
17,119.19,81,119.2,08:00:19.673303662
17,119.19,89,119.2,08:00:19.674224404
15,119.19,89,119.2,08:00:19.674495903
14,119.19,89,119.2,08:00:19.675462623
13,119.19,89,119.2,08:00:19.715195941
12,119.19,89,119.2,08:00:19.715402914
12,119.19,91,119.2,08:00:20.013184551
13,119.19,91,119.2,08:00:20.289218701
14,119.19,91,119.2,08:00:20.289406796
16,119.19,91,119.2,08:00:20.289588681
17,119.19,91,119.2,08:00:20.289731036
18,119.19,91,119.2,08:00:20.293337474
20,119.19,91,119.2,08:00:20.293671973
21,119.19,91,119.2,08:00:20.306666992
21,119.19,83,119.2,08:00:20.343725102
21,119.19,82,119.2,08:00:22.032926554
21,119.19,83,119.2,08:00:22.033094053
25,119.19,83,119.2,08:00:22.033186645
28,119.19,83,119.2,08:00:22.033186645
24,119.19,83,119.2,08:00:22.136960165
21,119.19,83,119.2,08:00:22.325443461
20,119.19,83,119.2,08:00:22.325596907
20,119.19,91,119.2,08:00:22.427991643
19,119.19,91,119.2,08:00:22.445240122
17,119.19,91,119.2,08:00:22.445309731
16,119.19,91,119.2,08:00:22.528895326
16,119.19,81,119.2,08:00:22.536086269
18,119.19,81,119.2,08:00:22.822345452
19,119.19,81,119.2,08:00:22.822406243
20,119.19,81,119.2,08:00:22.822508252
22,119.19,81,119.2,08:00:22.822580610
21,119.19,81,119.2,08:00:22.937816973
19,119.19,81,119.2,08:00:22.937884211
18,119.19,81,119.2,08:00:22.937884211
17,119.19,81,119.2,08:00:22.938290260
18,119.19,81,119.2,08:00:22.938539450
19,119.19,81,119.2,08:00:22.938755554
21,119.19,81,119.2,08:00:22.938832060
22,119.19,81,119.2,08:00:22.938904002
20,119.19,81,119.2,08:00:22.938984192
19,119.19,81,119.2,08:00:22.938984192
20,119.19,81,119.2,08:00:22.939618454
19,119.19,81,119.2,08:00:22.942196800
17,119.19,81,119.2,08:00:22.942334454
18,119.19,81,119.2,08:00:22.942573945
20,119.19,81,119.2,08:00:22.944038949
22,119.19,81,119.2,08:00:22.944201890
23,119.19,81,119.2,08:00:23.415517413
25,119.19,81,119.2,08:00:25.925258684
27,119.19,81,119.2,08:00:25.925491647
27,119.19,80,119.2,08:00:26.043841271
27,119.19,81,119.2,08:00:26.445318558
25,119.19,81,119.2,08:00:26.967101506
25,119.19,79,119.2,08:00:27.015195832
24,119.19,79,119.2,08:00:27.015210772
23,119.19,79,119.2,08:00:27.015210772
21,119.19,79,119.2,08:00:27.015446043
22,119.19,79,119.2,08:00:27.169127454
24,119.19,79,119.2,08:00:27.169335248
23,119.19,79,119.2,08:00:28.825383093
21,119.19,79,119.2,08:00:28.830345709
20,119.19,79,119.2,08:00:28.835910332
18,119.19,79,119.2,08:00:28.836078629
19,119.19,79,119.2,08:00:28.844588699
21,119.19,79,119.2,08:00:28.846472000
20,119.19,79,119.2,08:00:28.901752453
21,119.19,79,119.2,08:00:29.636640554
22,119.19,79,119.2,08:00:29.636829489
22,119.19,80,119.2,08:00:30.014122801
22,119.19,79,119.2,08:00:30.031903886
23,119.19,79,119.2,08:00:30.032057108
22,119.19,79,119.2,08:00:30.032228916
27,119.19,79,119.2,08:00:30.032297559
27,119.19,80,119.2,08:00:30.043181028
22,119.19,80,119.2,08:00:30.937101780
21,119.19,80,119.2,08:00:30.937360991
21,119.19,90,119.2,08:00:33.429760741
21,119.19,93,119.2,08:00:33.837349338
20,119.19,93,119.2,08:00:33.837493862
20,119.19,92,119.2,08:00:34.033322738
21,119.19,92,119.2,08:00:34.033464412
25,119.19,92,119.2,08:00:34.033570533
24,119.19,92,119.2,08:00:34.033637631
20,119.19,92,119.2,08:00:34.796455485
20,119.19,93,119.2,08:00:35.346012482
21,119.19,93,119.2,08:00:36.386202107
22,119.19,93,119.2,08:00:36.386372152
25,119.19,93,119.2,08:00:36.386438763
25,119.19,92,119.2,08:00:37.015598502
24,119.19,92,119.2,08:00:37.015598502
21,119.19,92,119.2,08:00:37.015897635
22,119.19,92,119.2,08:00:37.026234554
26,119.19,92,119.2,08:00:37.026405825
26,119.19,91,119.2,08:00:38.033342655
27,119.19,91,119.2,08:00:38.033515423
28,119.19,91,119.2,08:00:38.033665186
32,119.19,91,119.2,08:00:38.033737291
31,119.19,91,119.2,08:00:38.033803330
27,119.19,91,119.2,08:00:38.188730387
27,119.19,97,119.2,08:00:38.454083053
23,119.19,97,119.2,08:00:38.541030955
22,119.19,97,119.2,08:00:38.744016166
21,119.19,97,119.2,08:00:38.744085133
25,119.19,97,119.2,08:00:38.790579563
27,119.19,97,119.2,08:00:38.790654045
31,119.19,97,119.2,08:00:38.790654045
36,119.19,97,119.2,08:00:38.790783277
39,119.19,97,119.2,08:00:38.792785291
47,119.19,97,119.2,08:00:38.797499217
52,119.19,97,119.2,08:00:38.797678795
52,119.19,95,119.2,08:00:38.798021459
52,119.19,93,119.2,08:00:38.798984698
52,119.19,85,119.2,08:00:38.800554070
52,119.19,75,119.2,08:00:38.800759342
52,119.19,74,119.2,08:00:38.807837775
52,119.19,73,119.2,08:00:38.859384180
59,119.19,73,119.2,08:00:38.864867981
63,119.19,73,119.2,08:00:38.864967235
67,119.19,73,119.2,08:00:38.865075421
67,119.19,62,119.2,08:00:38.865204144
67,119.19,50,119.2,08:00:38.865523177
67,119.19,47,119.2,08:00:38.865784073
75,119.19,47,119.2,08:00:38.868157044
80,119.19,47,119.2,08:00:38.868257015
82,119.19,47,119.2,08:00:38.868384653
83,119.19,47,119.2,08:00:38.872389634
83,119.19,43,119.2,08:00:38.976508680
83,119.19,42,119.2,08:00:38.985630752
83,119.19,40,119.2,08:00:38.998365557
83,119.19,39,119.2,08:00:39.019188186
83,119.19,38,119.2,08:00:39.019257462
83,119.19,37,119.2,08:00:39.019257462
83,119.19,34,119.2,08:00:39.019423248
85,119.19,34,119.2,08:00:39.019569804
85,119.19,32,119.2,08:00:39.019643747
86,119.19,32,119.2,08:00:39.019791632
86,119.19,30,119.2,08:00:39.020012105
86,119.19,29,119.2,08:00:39.049436914
87,119.19,29,119.2,08:00:39.049611913
87,119.19,19,119.2,08:00:39.056245196
86,119.19,19,119.2,08:00:39.064562200
87,119.19,19,119.2,08:00:39.065009172
87,119.19,20,119.2,08:00:39.164659332
87,119.19,19,119.2,08:00:39.164979799
87,119.19,20,119.2,08:00:39.190753348
87,119.19,19,119.2,08:00:39.197084117
87,119.19,20,119.2,08:00:39.221602278
87,119.19,19,119.2,08:00:39.222049945
87,119.19,20,119.2,08:00:39.250674403
87,119.19,21,119.2,08:00:39.251020575
87,119.19,20,119.2,08:00:39.252383406
87,119.19,19,119.2,08:00:39.252527364
87,119.19,20,119.2,08:00:39.268818393
87,119.19,21,119.2,08:00:39.270565287
87,119.19,23,119.2,08:00:39.270753653
87,119.19,22,119.2,08:00:39.276630870
87,119.19,21,119.2,08:00:39.285194318
87,119.19,22,119.2,08:00:39.285722734
86,119.19,22,119.2,08:00:39.286237367
86,119.19,24,119.2,08:00:39.286856455
86,119.19,22,119.2,08:00:39.287348387
86,119.19,21,119.2,08:00:39.293066423
86,119.19,22,119.2,08:00:39.302828632
86,119.19,23,119.2,08:00:39.307491397
86,119.19,24,119.2,08:00:39.308755714
86,119.19,25,119.2,08:00:39.312373367
86,119.19,26,119.2,08:00:39.313142352
86,119.19,27,119.2,08:00:39.313280822
86,119.19,26,119.2,08:00:39.315352455
86,119.19,25,119.2,08:00:39.322553239
86,119.19,26,119.2,08:00:39.378120471
86,119.19,25,119.2,08:00:39.384895300
86,119.19,24,119.2,08:00:39.385007854
86,119.19,25,119.2,08:00:39.449848840
86,119.19,26,119.2,08:00:39.449915954
86,119.19,25,119.2,08:00:39.453062108
86,119.19,24,119.2,08:00:39.453171567
86,119.19,23,119.2,08:00:39.453300245
86,119.19,24,119.2,08:00:39.771994773
86,119.19,25,119.2,08:00:39.772124447
86,119.19,24,119.2,08:00:39.780275890
87,119.19,24,119.2,08:00:39.992771604
87,119.19,26,119.2,08:00:40.013630225
87,119.19,28,119.2,08:00:40.232851241
87,119.19,26,119.2,08:00:40.233040748
87,119.19,28,119.2,08:00:40.233941375
87,119.19,29,119.2,08:00:40.234002636
83,119.19,29,119.2,08:00:40.234229403
81,119.19,29,119.2,08:00:40.234229403
81,119.19,28,119.2,08:00:40.234312539
81,119.19,40,119.2,08:00:40.234478510
81,119.19,41,119.2,08:00:40.239021590
81,119.19,42,119.2,08:00:40.239906688
81,119.19,41,119.2,08:00:40.240204576
81,119.19,40,119.2,08:00:40.240344649
81,119.19,41,119.2,08:00:40.241691426
81,119.19,42,119.2,08:00:40.241841358
81,119.19,43,119.2,08:00:40.241983176
74,119.19,43,119.2,08:00:40.242556177
70,119.19,43,119.2,08:00:40.242625172
70,119.19,44,119.2,08:00:40.242696628
70,119.19,43,119.2,08:00:40.260034430
70,119.19,42,119.2,08:00:40.260178321
70,119.19,41,119.2,08:00:40.260320235
71,119.19,41,119.2,08:00:40.267021986
74,119.19,41,119.2,08:00:40.267372715
74,119.19,40,119.2,08:00:40.267445630
74,119.19,41,119.2,08:00:40.284062555
74,119.19,42,119.2,08:00:40.307868849
71,119.19,42,119.2,08:00:40.312896576
71,119.19,41,119.2,08:00:40.340562026
71,119.19,40,119.2,08:00:40.340707425
71,119.19,41,119.2,08:00:40.486442378
71,119.19,40,119.2,08:00:40.536353963
71,119.19,41,119.2,08:00:40.536788989
71,119.19,43,119.2,08:00:40.648936459
71,119.19,41,119.2,08:00:40.675113031
71,119.19,43,119.2,08:00:40.675418192
71,119.19,42,119.2,08:00:40.675542127
71,119.19,40,119.2,08:00:40.675648592
71,119.19,41,119.2,08:00:40.683361762
71,119.19,42,119.2,08:00:40.683510316
71,119.19,52,119.2,08:00:40.700679835
71,119.19,51,119.2,08:00:40.759512884
71,119.19,50,119.2,08:00:40.759656734
71,119.19,51,119.2,08:00:40.771605876
71,119.19,41,119.2,08:00:40.776573404
71,119.19,40,119.2,08:00:40.778441016
71,119.19,42,119.2,08:00:40.788792712
71,119.19,43,119.2,08:00:40.789104503
71,119.19,53,119.2,08:00:40.826202975
63,119.19,53,119.2,08:00:41.799410194
58,119.19,53,119.2,08:00:41.799471733
56,119.19,53,119.2,08:00:41.803660750
56,119.19,52,119.2,08:00:42.030526952
56,119.19,53,119.2,08:00:42.030718280
59,119.19,53,119.2,08:00:42.030784689
59,119.19,43,119.2,08:00:44.183968871
56,119.19,43,119.2,08:00:44.184164564
56,119.19,47,119.2,08:00:44.434231149
48,119.19,47,119.2,08:00:44.434409962
43,119.19,47,119.2,08:00:44.434480450
41,119.19,47,119.2,08:00:44.436284384
41,119.19,50,119.2,08:00:44.436661105
41,119.19,51,119.2,08:00:44.437818051
41,119.19,61,119.2,08:00:44.437884397
38,119.19,61,119.2,08:00:44.438155875
34,119.19,61,119.2,08:00:44.438308067
34,119.19,73,119.2,08:00:44.438617231
36,119.19,73,119.2,08:00:44.438617231
34,119.19,73,119.2,08:00:44.438863425
37,119.19,73,119.2,08:00:44.438938309
38,119.19,73,119.2,08:00:44.439796772
37,119.19,73,119.2,08:00:44.439796772
34,119.19,73,119.2,08:00:44.440018587
36,119.19,73,119.2,08:00:44.440220286
37,119.19,73,119.2,08:00:44.440604966
36,119.19,73,119.2,08:00:44.442229468
34,119.19,73,119.2,08:00:44.442365729
35,119.19,73,119.2,08:00:44.442719423
36,119.19,73,119.2,08:00:44.442838143
35,119.19,73,119.2,08:00:44.446478309
36,119.19,73,119.2,08:00:44.450474273
37,119.19,73,119.2,08:00:44.450635943
38,119.19,73,119.2,08:00:44.450700321
38,119.19,61,119.2,08:00:44.450933338
38,119.19,71,119.2,08:00:44.518468646
37,119.19,71,119.2,08:00:44.716492197
36,119.19,71,119.2,08:00:45.077299638
36,119.19,70,119.2,08:00:46.026942372
38,119.19,70,119.2,08:00:46.027113024
40,119.19,70,119.2,08:00:46.027186698
42,119.19,70,119.2,08:00:46.027251104
42,119.19,68,119.2,08:00:47.015312790
40,119.19,68,119.2,08:00:47.015312790
38,119.19,68,119.2,08:00:47.015597264
37,119.19,68,119.2,08:00:47.015682163
37,119.19,75,119.2,08:00:47.015682163
35,119.19,75,119.2,08:00:47.015682163
35,119.19,80,119.2,08:00:47.015757552
35,119.19,81,119.2,08:00:47.015830518
33,119.19,81,119.2,08:00:47.015898493
35,119.19,81,119.2,08:00:47.085331445
36,119.19,81,119.2,08:00:47.085499115
36,119.19,80,119.2,08:00:47.086355511
38,119.19,80,119.2,08:00:47.095232687
41,119.19,80,119.2,08:00:47.095397503
41,119.19,75,119.2,08:00:47.480181154
41,119.19,74,119.2,08:00:47.480181154
41,119.19,73,119.2,08:00:47.480413779
41,119.19,70,119.2,08:00:47.480427478
41,119.19,69,119.2,08:00:47.480427478
41,119.19,63,119.2,08:00:47.480442243
41,119.19,61,119.2,08:00:47.480442243
41,119.19,60,119.2,08:00:47.480456201
41,119.19,59,119.2,08:00:47.480471254
41,119.19,58,119.2,08:00:47.480471254
41,119.19,56,119.2,08:00:47.480613126
41,119.19,44,119.2,08:00:47.480613126
41,119.19,42,119.2,08:00:47.480626892
41,119.19,41,119.2,08:00:47.480640207
41,119.19,40,119.2,08:00:47.480671410
41,119.19,36,119.2,08:00:47.480684652
41,119.19,33,119.2,08:00:47.480698837
41,119.19,32,119.2,08:00:47.480714095
41,119.19,22,119.2,08:00:47.480905967
41,119.19,12,119.2,08:00:47.480919870
41,119.19,5,119.2,08:00:47.480937412
41,119.19,99,119.21,08:00:47.480951150
18,119.2,99,119.21,08:00:47.480989873
19,119.2,99,119.21,08:00:47.481047234
19,119.2,98,119.21,08:00:47.481047234
20,119.2,98,119.21,08:00:47.481250585
21,119.2,98,119.21,08:00:47.481271794
21,119.2,88,119.21,08:00:47.481271794
21,119.2,95,119.21,08:00:47.481271794
24,119.2,95,119.21,08:00:47.481288041
32,119.2,95,119.21,08:00:47.481387564
37,119.2,95,119.21,08:00:47.481387564
39,119.2,95,119.21,08:00:47.481387564
41,119.2,95,119.21,08:00:47.482310075
42,119.2,95,119.21,08:00:47.490163463
43,119.2,95,119.21,08:00:47.490326426
44,119.2,95,119.21,08:00:47.490396116
45,119.2,95,119.21,08:00:47.490494250
46,119.2,95,119.21,08:00:47.490567485
46,119.2,96,119.21,08:00:47.492287141
46,119.2,97,119.21,08:00:47.492358792
47,119.2,97,119.21,08:00:47.516237116
48,119.2,97,119.21,08:00:47.521864289
49,119.2,97,119.21,08:00:47.557036953
50,119.2,97,119.21,08:00:47.562635308
51,119.2,97,119.21,08:00:47.571652817
56,119.2,97,119.21,08:00:47.609641272
56,119.2,90,119.21,08:00:47.609839188
56,119.2,89,119.21,08:00:47.688396039
56,119.2,88,119.21,08:00:47.688497010
56,119.2,81,119.21,08:00:47.689041958
56,119.2,83,119.21,08:00:47.805540390
56,119.2,88,119.21,08:00:47.805748393
56,119.2,89,119.21,08:00:48.031983865
56,119.2,88,119.21,08:00:48.169977740
56,119.2,83,119.21,08:00:48.171118235
56,119.2,84,119.21,08:00:48.304328450
56,119.2,87,119.21,08:00:48.304528287
56,119.2,88,119.21,08:00:48.316673034
55,119.2,88,119.21,08:00:48.317309913
54,119.2,88,119.21,08:00:48.324986293
53,119.2,88,119.21,08:00:48.325054902
54,119.2,88,119.21,08:00:48.329013567
56,119.2,88,119.21,08:00:48.329181477
63,119.2,88,119.21,08:00:48.329250360
63,119.2,87,119.21,08:00:48.329352325
63,119.2,86,119.21,08:00:48.329418712
63,119.2,87,119.21,08:00:48.497586756
63,119.2,90,119.21,08:00:48.497746883
63,119.2,91,119.21,08:00:48.498880377
61,119.2,91,119.21,08:00:48.519805037
62,119.2,91,119.21,08:00:48.520063435
63,119.2,91,119.21,08:00:48.520212822
63,119.2,90,119.21,08:00:48.520343609
62,119.2,90,119.21,08:00:48.558401399
62,119.2,91,119.21,08:00:48.558466468
63,119.2,91,119.21,08:00:48.558583165
63,119.2,90,119.21,08:00:48.558718074
45,119.2,90,119.21,08:00:48.905922112
44,119.2,90,119.21,08:00:48.906092326
44,119.2,92,119.21,08:00:48.906157452
44,119.2,89,119.21,08:00:48.906225004
43,119.2,89,119.21,08:00:48.906290735
42,119.2,89,119.21,08:00:48.906362022
35,119.2,89,119.21,08:00:49.410984568
35,119.2,86,119.21,08:00:49.411259134
37,119.2,86,119.21,08:00:49.917130286
40,119.2,86,119.21,08:00:49.917308218
40,119.2,87,119.21,08:00:50.013193950
40,119.2,88,119.21,08:00:50.013437531
40,119.2,87,119.21,08:00:50.038105255
41,119.2,87,119.21,08:00:50.038281303
45,119.2,87,119.21,08:00:50.038359086
45,119.2,86,119.21,08:00:50.038359086
44,119.2,86,119.21,08:00:50.038455697
47,119.2,86,119.21,08:00:50.038529908
47,119.2,88,119.21,08:00:50.064650265
43,119.2,88,119.21,08:00:50.069788981
40,119.2,88,119.21,08:00:50.748801456
41,119.2,88,119.21,08:00:50.786296683
42,119.2,88,119.21,08:00:50.786469656
43,119.2,88,119.21,08:00:50.790511672
42,119.2,88,119.21,08:00:51.107851038
41,119.2,88,119.21,08:00:51.107995989
43,119.2,88,119.21,08:00:51.117576169
44,119.2,88,119.21,08:00:51.117714156
46,119.2,88,119.21,08:00:51.118722865
48,119.2,88,119.21,08:00:51.583103812
48,119.2,85,119.21,08:00:51.985075744
48,119.2,83,119.21,08:00:52.410691712
48,119.2,84,119.21,08:00:52.480523288
48,119.2,83,119.21,08:00:52.608066935
48,119.2,84,119.21,08:00:53.046506556
48,119.2,85,119.21,08:00:53.598299468
48,119.2,86,119.21,08:00:53.598567789
46,119.2,86,119.21,08:00:53.598674003
45,119.2,86,119.21,08:00:53.598819235
45,119.2,102,119.21,08:00:53.716517769
44,119.2,102,119.21,08:00:53.716753762
41,119.2,102,119.21,08:00:53.716816857
41,119.2,101,119.21,08:00:54.040928119
45,119.2,101,119.21,08:00:54.041122984
48,119.2,101,119.21,08:00:54.041193217
44,119.2,101,119.21,08:00:54.684235628
46,119.2,101,119.21,08:00:55.029553366
57,119.2,101,119.21,08:00:55.033044822
58,119.2,101,119.21,08:00:55.033187523
60,119.2,101,119.21,08:00:55.033351647
60,119.2,100,119.21,08:00:55.033494953
58,119.2,100,119.21,08:00:55.503711506
58,119.2,101,119.21,08:00:55.503776127
57,119.2,101,119.21,08:00:55.503776127
57,119.2,102,119.21,08:00:55.503931176
54,119.2,102,119.21,08:00:55.504721960
55,119.2,102,119.21,08:00:56.375935462
56,119.2,102,119.21,08:00:56.376131510
56,119.2,101,119.21,08:00:56.377099099
57,119.2,101,119.21,08:00:56.377243160
57,119.2,100,119.21,08:00:56.379776952
58,119.2,100,119.21,08:00:56.379931775
57,119.2,100,119.21,08:00:56.427723124
56,119.2,100,119.21,08:00:56.427856035
55,119.2,100,119.21,08:00:56.427994065
56,119.2,100,119.21,08:00:56.431846906
58,119.2,100,119.21,08:00:56.432009629
61,119.2,100,119.21,08:00:56.432080899
61,119.2,99,119.21,08:00:56.432148499
61,119.2,98,119.21,08:00:56.432277830
61,119.2,97,119.21,08:00:57.013878104
60,119.2,97,119.21,08:00:57.013878104
60,119.2,98,119.21,08:00:57.014166825
57,119.2,98,119.21,08:00:57.014235817
57,119.2,99,119.21,08:00:57.698108909
55,119.2,99,119.21,08:00:57.987941481
57,119.2,99,119.21,08:00:57.992183839
60,119.2,99,119.21,08:00:57.992363528
60,119.2,98,119.21,08:00:57.992519154
60,119.2,97,119.21,08:00:57.993966516
60,119.2,96,119.21,08:00:58.032336248
61,119.2,96,119.21,08:00:58.033566045
65,119.2,96,119.21,08:00:58.033744970
65,119.2,94,119.21,08:00:58.033950855
65,119.2,92,119.21,08:00:58.034077168
61,119.2,92,119.21,08:00:58.444465684
61,119.2,93,119.21,08:00:59.062154472
59,119.2,93,119.21,08:00:59.062279771
59,119.2,94,119.21,08:00:59.062524062
61,119.2,94,119.21,08:00:59.066966736
63,119.2,94,119.21,08:00:59.067153207
63,119.2,93,119.21,08:00:59.067298838
61,119.2,93,119.21,08:00:59.077938064
59,119.2,93,119.21,08:00:59.078081469
56,119.2,93,119.21,08:00:59.078370880
55,119.2,93,119.21,08:00:59.078581270
55,119.2,94,119.21,08:00:59.078760271
55,119.2,96,119.21,08:00:59.079054200
55,119.2,98,119.21,08:00:59.079054200
54,119.2,98,119.21,08:00:59.079682958
53,119.2,98,119.21,08:00:59.080755556
53,119.2,96,119.21,08:00:59.601118754
54,119.2,96,119.21,08:00:59.613431217
57,119.2,96,119.21,08:00:59.613593037
60,119.2,96,119.21,08:00:59.613750862
60,119.2,95,119.21,08:00:59.613883015
60,119.2,97,119.21,08:01:00.014082124
60,119.2,98,119.21,08:01:00.014349215
60,119.2,97,119.21,08:01:00.014912629
57,119.2,97,119.21,08:01:00.015777949
57,119.2,101,119.21,08:01:00.090327932
57,119.2,103,119.21,08:01:00.092765114
54,119.2,103,119.21,08:01:00.092833546
54,119.2,104,119.21,08:01:00.548740541
54,119.2,105,119.21,08:01:00.548927061
55,119.2,105,119.21,08:01:00.618432985
56,119.2,105,119.21,08:01:00.618506812
53,119.2,105,119.21,08:01:00.618594203
54,119.2,105,119.21,08:01:00.618669612
54,119.2,104,119.21,08:01:00.619290869
53,119.2,104,119.21,08:01:00.619389541
52,119.2,104,119.21,08:01:00.620016469
51,119.2,104,119.21,08:01:00.620178539
51,119.2,106,119.21,08:01:00.657312662
51,119.2,107,119.21,08:01:00.657533239
50,119.2,107,119.21,08:01:00.657615056
51,119.2,107,119.21,08:01:00.657615056
53,119.2,107,119.21,08:01:00.657811191
52,119.2,107,119.21,08:01:00.657878010
53,119.2,107,119.21,08:01:00.661775126
52,119.2,107,119.21,08:01:00.663585707
50,119.2,107,119.21,08:01:00.677280025
52,119.2,107,119.21,08:01:00.688170351
53,119.2,107,119.21,08:01:00.692408779
52,119.2,107,119.21,08:01:00.699380504
50,119.2,107,119.21,08:01:00.719257152
52,119.2,107,119.21,08:01:00.759919093
50,119.2,107,119.21,08:01:00.776200656
50,119.2,113,119.21,08:01:01.259930714
50,119.2,115,119.21,08:01:01.260132087
50,119.2,117,119.21,08:01:01.306076915
49,119.2,117,119.21,08:01:01.781624159
48,119.2,117,119.21,08:01:01.782068017
40,119.2,117,119.21,08:01:01.782266792
35,119.2,117,119.21,08:01:01.782302725
33,119.2,117,119.21,08:01:01.782302725
31,119.2,117,119.21,08:01:01.782302725
30,119.2,117,119.21,08:01:01.782302725
29,119.2,117,119.21,08:01:01.782302725
28,119.2,117,119.21,08:01:01.782302725
27,119.2,117,119.21,08:01:01.782302725
26,119.2,117,119.21,08:01:01.782302725
21,119.2,117,119.21,08:01:01.782302725
18,119.2,117,119.21,08:01:01.782302725
16,119.2,117,119.21,08:01:01.782302725
14,119.2,117,119.21,08:01:01.782302725
12,119.2,117,119.21,08:01:01.782316680
5,119.2,117,119.21,08:01:01.782316680
2,119.2,117,119.21,08:01:01.782661419
1,119.2,117,119.21,08:01:01.782675717
98,119.19,117,119.21,08:01:01.782761354
97,119.19,117,119.21,08:01:01.782778715
97,119.19,4,119.2,08:01:01.782934779
97,119.19,8,119.2,08:01:01.782934779
97,119.19,22,119.2,08:01:01.782934779
87,119.19,22,119.2,08:01:01.782950394
84,119.19,22,119.2,08:01:01.782950394
84,119.19,26,119.2,08:01:01.783058646
84,119.19,27,119.2,08:01:01.783325150
84,119.19,31,119.2,08:01:01.783343869
81,119.19,31,119.2,08:01:01.783343869
81,119.19,33,119.2,08:01:01.783450343
71,119.19,33,119.2,08:01:01.783539312
71,119.19,29,119.2,08:01:01.783697248
71,119.19,15,119.2,08:01:01.783697248
71,119.19,11,119.2,08:01:01.783806890
71,119.19,13,119.2,08:01:01.783830038
71,119.19,11,119.2,08:01:01.784844683
71,119.19,7,119.2,08:01:01.793138802
71,119.19,5,119.2,08:01:01.793153358
71,119.19,4,119.2,08:01:01.793509732
71,119.19,2,119.2,08:01:01.793665571
71,119.19,1,119.2,08:01:01.793665571
71,119.19,9,119.2,08:01:01.793756502
80,119.19,9,119.2,08:01:01.793829630
80,119.19,14,119.2,08:01:01.793906740
80,119.19,16,119.2,08:01:01.793906740
71,119.19,16,119.2,08:01:01.794009393
78,119.19,16,119.2,08:01:01.891441780
84,119.19,16,119.2,08:01:01.891496545
84,119.19,11,119.2,08:01:01.930451060
84,119.19,20,119.2,08:01:01.938929731
84,119.19,22,119.2,08:01:01.939096008
84,119.19,25,119.2,08:01:01.965580111
84,119.19,27,119.2,08:01:02.010304404
84,119.19,30,119.2,08:01:02.010662983
84,119.19,32,119.2,08:01:02.014452476
84,119.19,31,119.2,08:01:02.030201676
84,119.19,32,119.2,08:01:02.030368063
84,119.19,33,119.2,08:01:02.140753130
84,119.19,34,119.2,08:01:02.548745293
82,119.19,34,119.2,08:01:02.548922931
82,119.19,50,119.2,08:01:02.717759154
88,119.19,50,119.2,08:01:02.752230710
89,119.19,50,119.2,08:01:02.752359516
89,119.19,45,119.2,08:01:04.107757328
88,119.19,45,119.2,08:01:04.126267309
87,119.19,45,119.2,08:01:04.126281203
85,119.19,45,119.2,08:01:04.126356457
84,119.19,45,119.2,08:01:04.126356457
84,119.19,46,119.2,08:01:04.126471162
84,119.19,49,119.2,08:01:04.126543619
84,119.19,50,119.2,08:01:04.126645821
77,119.19,50,119.2,08:01:04.126645821
71,119.19,50,119.2,08:01:04.126663027
74,119.19,50,119.2,08:01:04.126663027
74,119.19,51,119.2,08:01:04.126738416
72,119.19,51,119.2,08:01:04.126779392
72,119.19,50,119.2,08:01:04.126897321
72,119.19,49,119.2,08:01:04.366136160
72,119.19,46,119.2,08:01:04.520598717
72,119.19,45,119.2,08:01:04.521290419
72,119.19,42,119.2,08:01:04.522352392
72,119.19,43,119.2,08:01:04.742910117
72,119.19,46,119.2,08:01:04.752639677
72,119.19,58,119.2,08:01:04.752639677
72,119.19,59,119.2,08:01:04.752655193
72,119.19,60,119.2,08:01:04.753093509
63,119.19,60,119.2,08:01:04.753258864
63,119.19,71,119.2,08:01:04.753564620
61,119.19,71,119.2,08:01:04.753825990
61,119.19,75,119.2,08:01:04.753825990
51,119.19,75,119.2,08:01:04.754441675
46,119.19,75,119.2,08:01:04.754441675
43,119.19,75,119.2,08:01:04.754529034
43,119.19,71,119.2,08:01:04.754802440
43,119.19,70,119.2,08:01:04.755738465
43,119.19,69,119.2,08:01:04.761989365
43,119.19,57,119.2,08:01:04.771181795
43,119.19,46,119.2,08:01:04.772356965
52,119.19,46,119.2,08:01:04.772514215
60,119.19,46,119.2,08:01:04.859151095
65,119.19,46,119.2,08:01:04.859260759
67,119.19,46,119.2,08:01:04.859373482
68,119.19,46,119.2,08:01:05.357226873
68,119.19,48,119.2,08:01:05.552995762
68,119.19,47,119.2,08:01:06.024852946
67,119.19,47,119.2,08:01:06.081579459
65,119.19,47,119.2,08:01:06.463962944
56,119.19,47,119.2,08:01:06.464125984
56,119.19,45,119.2,08:01:07.015606193
55,119.19,45,119.2,08:01:07.015606193
54,119.19,45,119.2,08:01:07.015621377
54,119.19,47,119.2,08:01:07.015816785
55,119.19,47,119.2,08:01:07.016031614
55,119.19,48,119.2,08:01:07.016110788
55,119.19,47,119.2,08:01:07.016218330
55,119.19,50,119.2,08:01:07.142440228
55,119.19,53,119.2,08:01:07.142602593
55,119.19,50,119.2,08:01:07.435836769
55,119.19,48,119.2,08:01:07.437112822
61,119.19,48,119.2,08:01:09.044144058
61,119.19,49,119.2,08:01:09.384571583
61,119.19,50,119.2,08:01:09.384775465
61,119.19,52,119.2,08:01:10.013697186
61,119.19,51,119.2,08:01:10.034847253
61,119.19,50,119.2,08:01:11.456433283
61,119.19,47,119.2,08:01:11.522078166
61,119.19,46,119.2,08:01:11.527991709
70,119.19,46,119.2,08:01:11.528065636
70,119.19,40,119.2,08:01:11.528489728
70,119.19,38,119.2,08:01:11.528647113
70,119.19,29,119.2,08:01:11.528663449
70,119.19,26,119.2,08:01:11.528663449
70,119.19,24,119.2,08:01:11.528663449
70,119.19,23,119.2,08:01:11.528663449
70,119.19,22,119.2,08:01:11.528891746
70,119.19,21,119.2,08:01:11.528908882
70,119.19,10,119.2,08:01:11.528908882
70,119.19,8,119.2,08:01:11.528908882
70,119.19,5,119.2,08:01:11.528908882
70,119.19,4,119.2,08:01:11.528908882
70,119.19,2,119.2,08:01:11.528908882
70,119.19,96,119.21,08:01:11.529084133
2,119.2,96,119.21,08:01:11.529084133
3,119.2,96,119.21,08:01:11.529084133
3,119.2,86,119.21,08:01:11.529369945
3,119.2,85,119.21,08:01:11.529405596
4,119.2,85,119.21,08:01:11.529405596
6,119.2,85,119.21,08:01:11.529405596
7,119.2,85,119.21,08:01:11.529405596
14,119.2,85,119.21,08:01:11.529405596
23,119.2,85,119.21,08:01:11.529435855
33,119.2,85,119.21,08:01:11.529435855
35,119.2,85,119.21,08:01:11.529435855
36,119.2,85,119.21,08:01:11.529435855
35,119.2,85,119.21,08:01:11.529435855
34,119.2,85,119.21,08:01:11.529489321
37,119.2,85,119.21,08:01:11.529504540
28,119.2,85,119.21,08:01:11.529692949
29,119.2,85,119.21,08:01:11.532211714
32,119.2,85,119.21,08:01:11.532291871
33,119.2,85,119.21,08:01:11.532291871
34,119.2,85,119.21,08:01:11.532394092
33,119.2,85,119.21,08:01:11.532508243
34,119.2,85,119.21,08:01:11.532607651
34,119.2,83,119.21,08:01:11.532717830
35,119.2,83,119.21,08:01:11.532793583
36,119.2,83,119.21,08:01:11.532968434
37,119.2,83,119.21,08:01:11.533188036
37,119.2,80,119.21,08:01:11.533257887
41,119.2,80,119.21,08:01:11.533360069
47,119.2,80,119.21,08:01:11.550155120
48,119.2,80,119.21,08:01:11.550403785
49,119.2,80,119.21,08:01:11.600240109
51,119.2,80,119.21,08:01:11.600420835
49,119.2,80,119.21,08:01:11.778276165
47,119.2,80,119.21,08:01:11.989843299
47,119.2,86,119.21,08:01:12.137392560
47,119.2,89,119.21,08:01:12.137556316
47,119.2,104,119.21,08:01:12.170460562
47,119.2,111,119.21,08:01:12.385123041
46,119.2,111,119.21,08:01:12.385297153
42,119.2,111,119.21,08:01:12.558479120
41,119.2,111,119.21,08:01:12.571229749
40,119.2,111,119.21,08:01:12.571295822
39,119.2,111,119.21,08:01:12.571458590
38,119.2,111,119.21,08:01:12.571722499
28,119.2,111,119.21,08:01:12.571902199
25,119.2,111,119.21,08:01:12.571972478
26,119.2,111,119.21,08:01:12.585911224
27,119.2,111,119.21,08:01:12.586073211
26,119.2,111,119.21,08:01:12.589324174
27,119.2,111,119.21,08:01:12.590557988
28,119.2,111,119.21,08:01:12.600305828
29,119.2,111,119.21,08:01:12.601114996
28,119.2,111,119.21,08:01:12.608487952
29,119.2,111,119.21,08:01:12.608765698
33,119.2,111,119.21,08:01:12.608951347
33,119.2,108,119.21,08:01:12.609173785
32,119.2,108,119.21,08:01:12.610715170
32,119.2,102,119.21,08:01:12.610861489
33,119.2,102,119.21,08:01:12.612335466
32,119.2,102,119.21,08:01:12.613697409
33,119.2,102,119.21,08:01:12.620520553
34,119.2,102,119.21,08:01:12.620686034
33,119.2,102,119.21,08:01:12.652504853
34,119.2,102,119.21,08:01:12.655345776
35,119.2,102,119.21,08:01:12.655513171
34,119.2,102,119.21,08:01:12.655723455
33,119.2,102,119.21,08:01:12.655788380
32,119.2,102,119.21,08:01:12.662199665
33,119.2,102,119.21,08:01:12.662376563
32,119.2,102,119.21,08:01:12.690449944
33,119.2,102,119.21,08:01:12.697313845
32,119.2,102,119.21,08:01:12.700328673
28,119.2,102,119.21,08:01:12.709930143
27,119.2,102,119.21,08:01:13.056570946
26,119.2,102,119.21,08:01:13.638207198
25,119.2,102,119.21,08:01:13.638268277
24,119.2,102,119.21,08:01:13.638375675
21,119.2,102,119.21,08:01:13.638447976
21,119.2,103,119.21,08:01:13.638447976
21,119.2,105,119.21,08:01:13.638623028
22,119.2,105,119.21,08:01:13.641887422
23,119.2,105,119.21,08:01:13.642826445
26,119.2,105,119.21,08:01:13.858643958
27,119.2,105,119.21,08:01:13.858719241
28,119.2,105,119.21,08:01:13.858719241
28,119.2,104,119.21,08:01:13.858829987
28,119.2,102,119.21,08:01:13.859648479
28,119.2,100,119.21,08:01:13.861563466
37,119.2,100,119.21,08:01:13.864042766
42,119.2,100,119.21,08:01:13.864253139
42,119.2,99,119.21,08:01:14.029690919
50,119.2,99,119.21,08:01:14.029837405
55,119.2,99,119.21,08:01:14.029944909
57,119.2,99,119.21,08:01:14.030048378
48,119.2,99,119.21,08:01:14.898480121
46,119.2,99,119.21,08:01:15.678746491
41,119.2,99,119.21,08:01:15.678799815
36,119.2,99,119.21,08:01:15.747247697
28,119.2,99,119.21,08:01:15.747315607
27,119.2,99,119.21,08:01:15.747648777
24,119.2,99,119.21,08:01:15.747787623
24,119.2,100,119.21,08:01:15.751584576
24,119.2,101,119.21,08:01:15.751761318
23,119.2,101,119.21,08:01:15.751882829
24,119.2,101,119.21,08:01:15.765394356
25,119.2,101,119.21,08:01:15.765562538
26,119.2,101,119.21,08:01:15.769745479
25,119.2,101,119.21,08:01:15.769903641
26,119.2,101,119.21,08:01:15.778453298
29,119.2,101,119.21,08:01:15.778526706
29,119.2,100,119.21,08:01:15.778622885
29,119.2,99,119.21,08:01:15.786095640
28,119.2,99,119.21,08:01:15.816993397
29,119.2,99,119.21,08:01:15.832095740
31,119.2,99,119.21,08:01:15.832258236
30,119.2,99,119.21,08:01:15.922396021
31,119.2,99,119.21,08:01:15.945614039
30,119.2,99,119.21,08:01:15.995332699
28,119.2,99,119.21,08:01:17.004050570
29,119.2,99,119.21,08:01:17.787291490
31,119.2,99,119.21,08:01:17.787509112
31,119.2,98,119.21,08:01:19.037105970
41,119.2,98,119.21,08:01:19.037249602
50,119.2,98,119.21,08:01:19.037320002
53,119.2,98,119.21,08:01:19.037389013
51,119.2,98,119.21,08:01:19.037532811
54,119.2,98,119.21,08:01:19.037604994
45,119.2,98,119.21,08:01:19.037604994
45,119.2,99,119.21,08:01:19.065327519
45,119.2,101,119.21,08:01:20.013759592
42,119.2,101,119.21,08:01:20.020956961
32,119.2,101,119.21,08:01:21.094232651
29,119.2,101,119.21,08:01:21.094289409
28,119.2,101,119.21,08:01:21.094662123
28,119.2,95,119.21,08:01:21.135822015
29,119.2,95,119.21,08:01:21.135987624
31,119.2,95,119.21,08:01:21.136169911
30,119.2,95,119.21,08:01:21.168292731
28,119.2,95,119.21,08:01:21.168306311
21,119.2,95,119.21,08:01:21.168402951
19,119.2,95,119.21,08:01:21.168422724
18,119.2,95,119.21,08:01:21.168422724
12,119.2,95,119.21,08:01:21.168422724
11,119.2,95,119.21,08:01:21.168438862
10,119.2,95,119.21,08:01:21.168438862
10,119.2,97,119.21,08:01:21.168639019
9,119.2,97,119.21,08:01:21.168769089
8,119.2,97,119.21,08:01:21.168819105
5,119.2,97,119.21,08:01:21.168819105
4,119.2,97,119.21,08:01:21.168927223
4,119.2,99,119.21,08:01:21.168927223
4,119.2,100,119.21,08:01:21.168943070
3,119.2,100,119.21,08:01:21.169048797
2,119.2,100,119.21,08:01:21.169064737
110,119.19,100,119.21,08:01:21.169064737
109,119.19,100,119.21,08:01:21.169162390
2,119.2,100,119.21,08:01:21.169162390
2,119.2,101,119.21,08:01:21.169413660
5,119.2,101,119.21,08:01:21.169494604
5,119.2,100,119.21,08:01:21.203215765
6,119.2,100,119.21,08:01:21.333819301
5,119.2,100,119.21,08:01:21.343971135
3,119.2,100,119.21,08:01:21.373990707
110,119.19,100,119.21,08:01:21.374177767
110,119.19,107,119.21,08:01:21.374250125
110,119.19,104,119.21,08:01:21.454156666
110,119.19,105,119.21,08:01:21.454473236
109,119.19,105,119.21,08:01:21.474450823
107,119.19,105,119.21,08:01:21.474517633
107,119.19,1,119.2,08:01:21.474686869
108,119.19,1,119.2,08:01:21.474853774
108,119.19,5,119.2,08:01:21.474853774
107,119.19,5,119.2,08:01:21.474966225
107,119.19,8,119.2,08:01:21.475066149
107,119.19,9,119.2,08:01:21.475066149
107,119.19,10,119.2,08:01:21.475253824
107,119.19,6,119.2,08:01:21.475352222
107,119.19,7,119.2,08:01:21.917241834
107,119.19,12,119.2,08:01:21.917461078
107,119.19,14,119.2,08:01:22.014177256
107,119.19,15,119.2,08:01:22.015147182
107,119.19,27,119.2,08:01:22.172481998
97,119.19,27,119.2,08:01:22.172658533
97,119.19,29,119.2,08:01:22.243233596
97,119.19,27,119.2,08:01:22.247136603
97,119.19,28,119.2,08:01:22.247743867
87,119.19,28,119.2,08:01:22.247993889
84,119.19,28,119.2,08:01:22.247993889
84,119.19,30,119.2,08:01:22.248095802
75,119.19,30,119.2,08:01:22.248095802
75,119.19,40,119.2,08:01:22.248400730
75,119.19,41,119.2,08:01:22.248415428
75,119.19,44,119.2,08:01:22.248415428
75,119.19,45,119.2,08:01:22.248474455
73,119.19,45,119.2,08:01:22.248735575
71,119.19,45,119.2,08:01:22.248735575
71,119.19,55,119.2,08:01:22.248807581
61,119.19,55,119.2,08:01:22.248923293
61,119.19,63,119.2,08:01:22.251137179
61,119.19,65,119.2,08:01:22.251245265
61,119.19,66,119.2,08:01:22.251350827
61,119.19,58,119.2,08:01:22.252744029
61,119.19,56,119.2,08:01:22.252809011
61,119.19,46,119.2,08:01:22.259493466
61,119.19,45,119.2,08:01:22.259877004
61,119.19,44,119.2,08:01:22.260022099
61,119.19,43,119.2,08:01:22.262807632
66,119.19,43,119.2,08:01:22.278644062
67,119.19,43,119.2,08:01:22.278785765
67,119.19,33,119.2,08:01:22.283457143
67,119.19,30,119.2,08:01:22.283528532
67,119.19,31,119.2,08:01:22.319872022
67,119.19,32,119.2,08:01:22.320017062
67,119.19,39,119.2,08:01:22.386513990
68,119.19,39,119.2,08:01:22.447216914
68,119.19,40,119.2,08:01:22.764993010
68,119.19,41,119.2,08:01:22.765174986
68,119.19,40,119.2,08:01:22.781369059
67,119.19,40,119.2,08:01:22.977879040
67,119.19,39,119.2,08:01:23.025183887
67,119.19,38,119.2,08:01:23.121835822
67,119.19,39,119.2,08:01:23.331889179
67,119.19,40,119.2,08:01:23.332055381
67,119.19,51,119.2,08:01:23.402611323
67,119.19,52,119.2,08:01:24.225703563
67,119.19,56,119.2,08:01:24.226562004
59,119.19,56,119.2,08:01:24.226770986
54,119.19,56,119.2,08:01:24.226853603
49,119.19,56,119.2,08:01:24.226853603
49,119.19,57,119.2,08:01:24.226853603
46,119.19,57,119.2,08:01:24.227021702
46,119.19,58,119.2,08:01:24.227095414
46,119.19,57,119.2,08:01:24.227674105
44,119.19,57,119.2,08:01:24.227787126
44,119.19,58,119.2,08:01:24.228149278
44,119.19,68,119.2,08:01:24.228233730
44,119.19,67,119.2,08:01:24.228440047
44,119.19,68,119.2,08:01:24.228963032
44,119.19,69,119.2,08:01:24.229473345
44,119.19,70,119.2,08:01:24.232429099
41,119.19,70,119.2,08:01:24.232611274
40,119.19,70,119.2,08:01:24.232611274
39,119.19,70,119.2,08:01:24.233032228
40,119.19,70,119.2,08:01:24.233464074
41,119.19,70,119.2,08:01:24.233603152
41,119.19,69,119.2,08:01:24.233677901
42,119.19,69,119.2,08:01:24.233786858
43,119.19,69,119.2,08:01:24.234045443
43,119.19,68,119.2,08:01:24.234183280
43,119.19,69,119.2,08:01:24.238945304
42,119.19,69,119.2,08:01:24.247498055
43,119.19,69,119.2,08:01:24.251496147
42,119.19,69,119.2,08:01:24.278675626
41,119.19,69,119.2,08:01:24.278675626
41,119.19,70,119.2,08:01:24.278738813
40,119.19,70,119.2,08:01:24.278919072
39,119.19,70,119.2,08:01:24.278986589
35,119.19,70,119.2,08:01:24.279060637
34,119.19,70,119.2,08:01:24.279210035
29,119.19,70,119.2,08:01:24.279281130
29,119.19,78,119.2,08:01:24.283359552
29,119.19,80,119.2,08:01:24.283468739
29,119.19,83,119.2,08:01:24.356038992
27,119.19,83,119.2,08:01:24.356282713
26,119.19,83,119.2,08:01:24.356366029
25,119.19,83,119.2,08:01:24.356366029
25,119.19,85,119.2,08:01:24.356366029
25,119.19,89,119.2,08:01:24.356519581
24,119.19,89,119.2,08:01:24.356620015
24,119.19,91,119.2,08:01:24.356620015
23,119.19,91,119.2,08:01:24.356620015
21,119.19,91,119.2,08:01:24.356704565
23,119.19,91,119.2,08:01:24.606606951
24,119.19,91,119.2,08:01:24.606919763
24,119.19,89,119.2,08:01:24.607637146
23,119.19,89,119.2,08:01:24.617998154
24,119.19,89,119.2,08:01:24.675010829
25,119.19,89,119.2,08:01:24.680575384
26,119.19,89,119.2,08:01:24.681003000
27,119.19,89,119.2,08:01:24.684964267
28,119.19,89,119.2,08:01:24.685106096
27,119.19,89,119.2,08:01:24.699547780
26,119.19,89,119.2,08:01:24.699687508
28,119.19,89,119.2,08:01:24.805174565
30,119.19,89,119.2,08:01:24.805250805
31,119.19,89,119.2,08:01:24.805250805
31,119.19,88,119.2,08:01:24.805821757
31,119.19,87,119.2,08:01:24.806125326
31,119.19,86,119.2,08:01:24.806238484
31,119.19,88,119.2,08:01:24.809363460
31,119.19,86,119.2,08:01:24.809476180
31,119.19,88,119.2,08:01:24.809579092
33,119.19,88,119.2,08:01:24.810185155
33,119.19,86,119.2,08:01:24.810972373
33,119.19,83,119.2,08:01:24.811146035
33,119.19,81,119.2,08:01:24.814568486
33,119.19,82,119.2,08:01:24.814853641
33,119.19,83,119.2,08:01:24.815493666
43,119.19,83,119.2,08:01:24.816213543
46,119.19,83,119.2,08:01:24.816332801
46,119.19,82,119.2,08:01:24.816399985
49,119.19,82,119.2,08:01:24.816475758
49,119.19,81,119.2,08:01:24.816595982
50,119.19,81,119.2,08:01:24.816595982
50,119.19,80,119.2,08:01:24.818626889
50,119.19,76,119.2,08:01:24.818884837
50,119.19,68,119.2,08:01:24.856118544
50,119.19,66,119.2,08:01:24.856183952
50,119.19,65,119.2,08:01:24.889364889
53,119.19,65,119.2,08:01:25.070092068
56,119.19,65,119.2,08:01:25.070277690
56,119.19,54,119.2,08:01:25.070520790
56,119.19,53,119.2,08:01:25.070662653
53,119.19,53,119.2,08:01:25.231771728
53,119.19,54,119.2,08:01:25.369788407
53,119.19,55,119.2,08:01:25.369867456
53,119.19,56,119.2,08:01:25.369867456
53,119.19,55,119.2,08:01:25.370000992
53,119.19,54,119.2,08:01:25.370141331
53,119.19,55,119.2,08:01:25.371841653
53,119.19,56,119.2,08:01:25.375957448
53,119.19,57,119.2,08:01:25.376071047
53,119.19,58,119.2,08:01:25.376174497
53,119.19,57,119.2,08:01:25.382372040
53,119.19,56,119.2,08:01:25.382505003
53,119.19,55,119.2,08:01:25.414906725
53,119.19,54,119.2,08:01:25.484680016
53,119.19,53,119.2,08:01:25.578018374
53,119.19,51,119.2,08:01:27.015601320
51,119.19,51,119.2,08:01:27.015601320
53,119.19,51,119.2,08:01:27.015808177
53,119.19,55,119.2,08:01:27.015886001
53,119.19,56,119.2,08:01:27.015952952
53,119.19,57,119.2,08:01:27.016022654
55,119.19,57,119.2,08:01:27.016022654
55,119.19,56,119.2,08:01:27.016218907
55,119.19,55,119.2,08:01:27.034793664
55,119.19,45,119.2,08:01:27.035071812
55,119.19,44,119.2,08:01:27.035071812
56,119.19,44,119.2,08:01:27.317422795
57,119.19,44,119.2,08:01:27.317615975
57,119.19,40,119.2,08:01:27.874263130
56,119.19,40,119.2,08:01:28.216460423
54,119.19,40,119.2,08:01:28.481182003
54,119.19,42,119.2,08:01:28.520798989
54,119.19,40,119.2,08:01:28.521093983
54,119.19,52,119.2,08:01:28.524825318
54,119.19,53,119.2,08:01:28.524973846
54,119.19,52,119.2,08:01:28.527282211
54,119.19,40,119.2,08:01:29.206236684
56,119.19,40,119.2,08:01:29.207969489
60,119.19,40,119.2,08:01:29.208167054
60,119.19,36,119.2,08:01:29.208860144
60,119.19,38,119.2,08:01:29.227724729
56,119.19,38,119.2,08:01:29.228740232
56,119.19,36,119.2,08:01:29.312192722
56,119.19,37,119.2,08:01:30.013494016
53,119.19,37,119.2,08:01:30.878114752
57,119.19,37,119.2,08:01:30.888637047
59,119.19,37,119.2,08:01:30.888823728
59,119.19,41,119.2,08:01:31.028216936
59,119.19,42,119.2,08:01:31.028655980
59,119.19,44,119.2,08:01:31.028742858
59,119.19,43,119.2,08:01:31.028857360
59,119.19,41,119.2,08:01:31.028929751
57,119.19,41,119.2,08:01:31.029004343
57,119.19,54,119.2,08:01:31.029108647
57,119.19,55,119.2,08:01:31.029350467
54,119.19,55,119.2,08:01:31.029672153
51,119.19,55,119.2,08:01:31.030752280
41,119.19,55,119.2,08:01:31.030814824
41,119.19,54,119.2,08:01:31.030919535
39,119.19,54,119.2,08:01:31.030985215
39,119.19,55,119.2,08:01:31.031132792
39,119.19,56,119.2,08:01:31.031201806
39,119.19,57,119.2,08:01:31.031310405
39,119.19,58,119.2,08:01:31.032671271
39,119.19,57,119.2,08:01:31.035794538
39,119.19,56,119.2,08:01:31.035976000
39,119.19,55,119.2,08:01:31.036063607
41,119.19,55,119.2,08:01:31.036063607
41,119.19,56,119.2,08:01:31.036245261
41,119.19,57,119.2,08:01:31.037297436
41,119.19,56,119.2,08:01:31.040127488
41,119.19,55,119.2,08:01:31.040242732
41,119.19,54,119.2,08:01:31.042156721
41,119.19,53,119.2,08:01:31.046475552
41,119.19,52,119.2,08:01:31.063885101
41,119.19,53,119.2,08:01:31.073171899
41,119.19,54,119.2,08:01:31.073392033
41,119.19,55,119.2,08:01:31.073542762
40,119.19,55,119.2,08:01:31.074655971
40,119.19,56,119.2,08:01:31.074835430
40,119.19,60,119.2,08:01:31.074907351
40,119.19,72,119.2,08:01:31.074907351
39,119.19,72,119.2,08:01:31.240140608
40,119.19,72,119.2,08:01:31.415427094
41,119.19,72,119.2,08:01:31.415603715
41,119.19,71,119.2,08:01:31.957245595
41,119.19,70,119.2,08:01:31.957400789
41,119.19,71,119.2,08:01:34.461175547
40,119.19,71,119.2,08:01:34.465154110
41,119.19,71,119.2,08:01:34.465641434
41,119.19,70,119.2,08:01:35.024567618
41,119.19,69,119.2,08:01:35.024823756
41,119.19,57,119.2,08:01:35.024823756
42,119.19,57,119.2,08:01:35.024888655
42,119.19,56,119.2,08:01:35.131192884
42,119.19,55,119.2,08:01:35.131516292
42,119.19,56,119.2,08:01:35.141759389
42,119.19,57,119.2,08:01:35.141928705
42,119.19,58,119.2,08:01:35.141995405
42,119.19,59,119.2,08:01:35.144181134
42,119.19,60,119.2,08:01:35.803140741
41,119.19,60,119.2,08:01:36.017276356
39,119.19,60,119.2,08:01:36.017457757
38,119.19,60,119.2,08:01:36.029376457
37,119.19,60,119.2,08:01:36.051441010
35,119.19,60,119.2,08:01:36.051499112
33,119.19,60,119.2,08:01:36.054762562
31,119.19,60,119.2,08:01:36.054970066
31,119.19,67,119.2,08:01:36.055145272
31,119.19,72,119.2,08:01:36.055291483
30,119.19,72,119.2,08:01:36.062222514
28,119.19,72,119.2,08:01:36.062291720
28,119.19,75,119.2,08:01:36.062475585
28,119.19,76,119.2,08:01:36.062626542
28,119.19,78,119.2,08:01:36.062787300
28,119.19,80,119.2,08:01:36.064661705
27,119.19,80,119.2,08:01:36.066651102
26,119.19,80,119.2,08:01:36.126451214
27,119.19,80,119.2,08:01:36.266462962
28,119.19,80,119.2,08:01:36.266621082
29,119.19,80,119.2,08:01:36.266770326
30,119.19,80,119.2,08:01:36.266943584
31,119.19,80,119.2,08:01:36.267017084
30,119.19,80,119.2,08:01:36.281628377
29,119.19,80,119.2,08:01:36.284692684
28,119.19,80,119.2,08:01:36.285071561
27,119.19,80,119.2,08:01:36.306618233
26,119.19,80,119.2,08:01:36.306681967
27,119.19,80,119.2,08:01:36.308129950
28,119.19,80,119.2,08:01:36.308197979
29,119.19,80,119.2,08:01:36.308299374
31,119.19,80,119.2,08:01:36.308463053
32,119.19,80,119.2,08:01:36.308572189
33,119.19,80,119.2,08:01:36.308662087
34,119.19,80,119.2,08:01:36.308962288
34,119.19,78,119.2,08:01:36.309105827
33,119.19,78,119.2,08:01:36.310560482
34,119.19,78,119.2,08:01:36.311593543
34,119.19,77,119.2,08:01:36.317997867
34,119.19,83,119.2,08:01:36.321738093
33,119.19,83,119.2,08:01:36.322529214
32,119.19,83,119.2,08:01:36.324970181
31,119.19,83,119.2,08:01:36.327195238
32,119.19,83,119.2,08:01:36.333282445
33,119.19,83,119.2,08:01:36.333459300
35,119.19,83,119.2,08:01:36.333526797
36,119.19,83,119.2,08:01:36.333591549
36,119.19,77,119.2,08:01:36.422788271
34,119.19,77,119.2,08:01:36.422959955
34,119.19,76,119.2,08:01:37.015098323
33,119.19,76,119.2,08:01:37.015098323
33,119.19,73,119.2,08:01:37.015245572
33,119.19,71,119.2,08:01:37.015389344
33,119.19,70,119.2,08:01:39.033888492
33,119.19,69,119.2,08:01:39.034138137
35,119.19,69,119.2,08:01:39.034218409
35,119.19,64,119.2,08:01:39.034218409
35,119.19,57,119.2,08:01:39.034305148
38,119.19,57,119.2,08:01:39.034305148
38,119.19,58,119.2,08:01:39.034305148
38,119.19,59,119.2,08:01:39.034423449
36,119.19,59,119.2,08:01:39.045498798
33,119.19,59,119.2,08:01:39.787316515
33,119.19,60,119.2,08:01:39.787462773
33,119.19,59,119.2,08:01:39.846782733
33,119.19,61,119.2,08:01:40.013932124
35,119.19,61,119.2,08:01:40.916936078
35,119.19,60,119.2,08:01:40.917106104
37,119.19,60,119.2,08:01:40.917178887
37,119.19,61,119.2,08:01:42.669573417
35,119.19,61,119.2,08:01:42.670588472
35,119.19,60,119.2,08:01:43.036356757
35,119.19,59,119.2,08:01:43.036573964
37,119.19,59,119.2,08:01:43.036643660
37,119.19,60,119.2,08:01:43.036745068
37,119.19,59,119.2,08:01:45.153428015
35,119.19,59,119.2,08:01:45.154464987
35,119.19,60,119.2,08:01:45.154616738
35,119.19,58,119.2,08:01:47.015553425
33,119.19,58,119.2,08:01:47.015553425
32,119.19,58,119.2,08:01:47.015730661
32,119.19,68,119.2,08:01:47.015794446
32,119.19,69,119.2,08:01:47.015949461
32,119.19,68,119.2,08:01:47.040633620
33,119.19,68,119.2,08:01:47.040886155
34,119.19,68,119.2,08:01:47.040886155
34,119.19,58,119.2,08:01:47.040957793
37,119.19,58,119.2,08:01:47.040957793
37,119.19,57,119.2,08:01:47.041027252
36,119.19,57,119.2,08:01:47.485753451
36,119.19,56,119.2,08:01:48.279413536
45,119.19,56,119.2,08:01:48.279691497
45,119.19,55,119.2,08:01:48.279836588
45,119.19,54,119.2,08:01:48.279905686
45,119.19,53,119.2,08:01:48.279972191
45,119.19,54,119.2,08:01:48.284085787
45,119.19,55,119.2,08:01:48.284254648
45,119.19,56,119.2,08:01:48.288417297
45,119.19,55,119.2,08:01:48.292416999
54,119.19,55,119.2,08:01:48.292690433
54,119.19,54,119.2,08:01:48.292757024
58,119.19,54,119.2,08:01:48.292828493
58,119.19,50,119.2,08:01:48.292936330
58,119.19,37,119.2,08:01:48.296883350
58,119.19,36,119.2,08:01:48.297136777
58,119.19,35,119.2,08:01:48.311875558
60,119.19,35,119.2,08:01:48.373685697
64,119.19,35,119.2,08:01:48.373876859
64,119.19,31,119.2,08:01:48.374436065
64,119.19,30,119.2,08:01:48.374498762
66,119.19,30,119.2,08:01:48.374606820
66,119.19,32,119.2,08:01:48.387308015
62,119.19,32,119.2,08:01:48.510758914
62,119.19,34,119.2,08:01:50.013516456
62,119.19,35,119.2,08:01:50.013765934
58,119.19,35,119.2,08:01:50.859451122
58,119.19,34,119.2,08:01:50.859633820
63,119.19,34,119.2,08:01:50.869934710
65,119.19,34,119.2,08:01:50.870142073
65,119.19,33,119.2,08:01:51.033616834
75,119.19,33,119.2,08:01:51.033824284
78,119.19,33,119.2,08:01:51.033892428
79,119.19,33,119.2,08:01:51.033995788
79,119.19,31,119.2,08:01:51.385826000
78,119.19,31,119.2,08:01:51.385981825
77,119.19,31,119.2,08:01:51.404607391
76,119.19,31,119.2,08:01:51.404678200
76,119.19,32,119.2,08:01:51.405014399
73,119.19,32,119.2,08:01:51.405014399
63,119.19,32,119.2,08:01:51.405014399
64,119.19,32,119.2,08:01:51.405108015
64,119.19,35,119.2,08:01:51.405108015
64,119.19,36,119.2,08:01:51.405182655
62,119.19,36,119.2,08:01:51.405289740
62,119.19,35,119.2,08:01:51.758548642
62,119.19,34,119.2,08:01:51.758626485
66,119.19,34,119.2,08:01:51.758734642
68,119.19,34,119.2,08:01:51.763851226
68,119.19,32,119.2,08:01:51.764102640
68,119.19,28,119.2,08:01:51.764182620
70,119.19,28,119.2,08:01:51.764274850
70,119.19,25,119.2,08:01:51.764274850
72,119.19,25,119.2,08:01:51.764427654
81,119.19,25,119.2,08:01:51.766569198
91,119.19,25,119.2,08:01:51.766643758
94,119.19,25,119.2,08:01:51.766716919
94,119.19,23,119.2,08:01:51.766792470
94,119.19,22,119.2,08:01:51.766869222
94,119.19,23,119.2,08:01:51.865741989
94,119.19,26,119.2,08:01:51.865917460
94,119.19,28,119.2,08:01:51.865984746
94,119.19,29,119.2,08:01:51.866248145
94,119.19,31,119.2,08:01:51.866783005
94,119.19,32,119.2,08:01:51.867239757
94,119.19,33,119.2,08:01:51.867374474
84,119.19,33,119.2,08:01:51.867705433
84,119.19,34,119.2,08:01:51.867705433
81,119.19,34,119.2,08:01:51.867777235
79,119.19,34,119.2,08:01:51.867884061
79,119.19,35,119.2,08:01:51.868210115
77,119.19,35,119.2,08:01:51.868380652
77,119.19,47,119.2,08:01:51.869831390
75,119.19,47,119.2,08:01:54.203161021
75,119.19,35,119.2,08:01:54.204173570
75,119.19,33,119.2,08:01:54.210250608
75,119.19,32,119.2,08:01:54.313838154
75,119.19,30,119.2,08:01:54.326741445
77,119.19,30,119.2,08:01:54.326892453
78,119.19,30,119.2,08:01:54.507504441
78,119.19,29,119.2,08:01:55.025969593
78,119.19,28,119.2,08:01:55.026146060
91,119.19,28,119.2,08:01:55.026216374
91,119.19,27,119.2,08:01:55.026349154
91,119.19,26,119.2,08:01:55.026349154
92,119.19,26,119.2,08:01:55.026495442
94,119.19,26,119.2,08:01:55.026578940
94,119.19,25,119.2,08:01:55.026732639
94,119.19,24,119.2,08:01:55.026804837
94,119.19,21,119.2,08:01:55.026878063
94,119.19,22,119.2,08:01:56.038753124
94,119.19,23,119.2,08:01:56.038905045
94,119.19,24,119.2,08:01:56.039001323
93,119.19,24,119.2,08:01:56.211119980
93,119.19,23,119.2,08:01:56.211354607
93,119.19,21,119.2,08:01:57.014881023
91,119.19,21,119.2,08:01:57.014881023
91,119.19,23,119.2,08:01:57.015116803
91,119.19,26,119.2,08:01:57.015200278
91,119.19,28,119.2,08:01:57.015285823
78,119.19,28,119.2,08:01:57.015285823
78,119.19,31,119.2,08:01:57.015374550
78,119.19,32,119.2,08:01:57.015561253
78,119.19,45,119.2,08:01:57.015638415
78,119.19,42,119.2,08:01:57.015819471
78,119.19,43,119.2,08:01:57.084650042
78,119.19,44,119.2,08:01:57.084810324
78,119.19,45,119.2,08:01:57.089289715
76,119.19,45,119.2,08:01:57.089447229
74,119.19,45,119.2,08:01:57.089610607
74,119.19,46,119.2,08:01:57.089743804
74,119.19,50,119.2,08:01:57.089906675
74,119.19,51,119.2,08:01:57.169575470
74,119.19,50,119.2,08:01:57.184823466
74,119.19,46,119.2,08:01:57.455002619
74,119.19,47,119.2,08:01:58.074800295
74,119.19,49,119.2,08:01:58.074992195
70,119.19,49,119.2,08:01:58.123949355
75,119.19,49,119.2,08:01:58.134696705
75,119.19,48,119.2,08:01:58.134847770
75,119.19,47,119.2,08:01:59.027238073
75,119.19,45,119.2,08:01:59.027476025
75,119.19,46,119.2,08:01:59.992217818
75,119.19,47,119.2,08:01:59.992398247
75,119.19,49,119.2,08:02:00.013972755
66,119.19,49,119.2,08:02:00.014164201
62,119.19,49,119.2,08:02:00.014236815
62,119.19,50,119.2,08:02:00.014236815
62,119.19,52,119.2,08:02:00.014337116
62,119.19,56,119.2,08:02:00.085196599
63,119.19,56,119.2,08:02:00.086235705
64,119.19,56,119.2,08:02:00.086389696
55,119.19,56,119.2,08:02:00.090516447
55,119.19,57,119.2,08:02:00.090654210
51,119.19,57,119.2,08:02:00.093224128
51,119.19,56,119.2,08:02:00.146365240
53,119.19,56,119.2,08:02:00.147138971
53,119.19,55,119.2,08:02:00.147274424
53,119.19,54,119.2,08:02:00.156030304
53,119.19,55,119.2,08:02:01.035242353
53,119.19,65,119.2,08:02:01.281102937
53,119.19,66,119.2,08:02:01.281237548
52,119.19,66,119.2,08:02:01.281415110
50,119.19,66,119.2,08:02:01.281560297
50,119.19,65,119.2,08:02:01.326379091
50,119.19,63,119.2,08:02:01.328578547
50,119.19,64,119.2,08:02:01.330169798
50,119.19,65,119.2,08:02:01.330318172
50,119.19,64,119.2,08:02:01.334239788
50,119.19,65,119.2,08:02:01.346536087
48,119.19,65,119.2,08:02:01.364087632
48,119.19,66,119.2,08:02:01.371834729
46,119.19,66,119.2,08:02:01.438379993
37,119.19,66,119.2,08:02:01.438538486
37,119.19,56,119.2,08:02:01.812450331
37,119.19,57,119.2,08:02:01.910858667
37,119.19,59,119.2,08:02:01.911048734
37,119.19,66,119.2,08:02:02.718001367
37,119.19,71,119.2,08:02:02.718070181
37,119.19,69,119.2,08:02:02.718197617
37,119.19,70,119.2,08:02:02.718264734
37,119.19,69,119.2,08:02:02.721778059
37,119.19,68,119.2,08:02:03.039882714
37,119.19,61,119.2,08:02:03.040156074
37,119.19,56,119.2,08:02:03.040156074
39,119.19,56,119.2,08:02:03.040220311
40,119.19,56,119.2,08:02:04.365400764
41,119.19,56,119.2,08:02:04.365613065
41,119.19,57,119.2,08:02:04.989591482
41,119.19,62,119.2,08:02:05.231847864
43,119.19,62,119.2,08:02:05.478748680
41,119.19,62,119.2,08:02:05.489452804
40,119.19,62,119.2,08:02:05.734737436
38,119.19,62,119.2,08:02:05.734924024
38,119.19,65,119.2,08:02:06.027678103
36,119.19,65,119.2,08:02:06.080502663
35,119.19,65,119.2,08:02:06.080596262
34,119.19,65,119.2,08:02:06.080596262
33,119.19,65,119.2,08:02:06.080596262
32,119.19,65,119.2,08:02:06.080791786
30,119.19,65,119.2,08:02:06.080791786
25,119.19,65,119.2,08:02:06.080805664
24,119.19,65,119.2,08:02:06.081031833
23,119.19,65,119.2,08:02:06.081046518
22,119.19,65,119.2,08:02:06.081046518
21,119.19,65,119.2,08:02:06.081046518
20,119.19,65,119.2,08:02:06.081046518
18,119.19,65,119.2,08:02:06.081046518
17,119.19,65,119.2,08:02:06.081263573
14,119.19,65,119.2,08:02:06.081281600
9,119.19,65,119.2,08:02:06.081281600
8,119.19,65,119.2,08:02:06.081281600
7,119.19,65,119.2,08:02:06.081281600
2,119.19,65,119.2,08:02:06.081281600
1,119.19,65,119.2,08:02:06.081446844
98,119.18,65,119.2,08:02:06.081481269
98,119.18,73,119.2,08:02:06.081481269
98,119.18,76,119.2,08:02:06.081506511
98,119.18,83,119.2,08:02:06.081506511
98,119.18,87,119.2,08:02:06.081506511
98,119.18,91,119.2,08:02:06.081506511
98,119.18,1,119.19,08:02:06.081506511
98,119.18,4,119.19,08:02:06.081527900
98,119.18,7,119.19,08:02:06.081527900
98,119.18,15,119.19,08:02:06.081527900
97,119.18,15,119.19,08:02:06.081527900
97,119.18,19,119.19,08:02:06.081770591
94,119.18,19,119.19,08:02:06.081803122
94,119.18,23,119.19,08:02:06.081803122
94,119.18,24,119.19,08:02:06.081803122
94,119.18,23,119.19,08:02:06.081803122
94,119.18,24,119.19,08:02:06.081929793
84,119.18,24,119.19,08:02:06.082130433
84,119.18,20,119.19,08:02:06.082266414
84,119.18,17,119.19,08:02:06.082266414
84,119.18,9,119.19,08:02:06.082266414
84,119.18,13,119.19,08:02:06.082352026
84,119.18,9,119.19,08:02:06.083494989
84,119.18,11,119.19,08:02:06.084460307
84,119.18,12,119.19,08:02:06.084636518
84,119.18,13,119.19,08:02:06.084704182
84,119.18,16,119.19,08:02:06.085817016
84,119.18,15,119.19,08:02:06.086204382
84,119.18,13,119.19,08:02:06.086362340
84,119.18,10,119.19,08:02:06.086469067
84,119.18,11,119.19,08:02:06.087252445
84,119.18,12,119.19,08:02:06.089079688
84,119.18,11,119.19,08:02:06.089248962
84,119.18,10,119.19,08:02:06.089320165
84,119.18,9,119.19,08:02:06.090381233
84,119.18,10,119.19,08:02:06.090909683
84,119.18,14,119.19,08:02:06.091110640
84,119.18,15,119.19,08:02:06.091170205
84,119.18,16,119.19,08:02:06.091275510
84,119.18,17,119.19,08:02:06.091815862
84,119.18,20,119.19,08:02:06.092257621
84,119.18,17,119.19,08:02:06.092545679
84,119.18,16,119.19,08:02:06.093462123
84,119.18,15,119.19,08:02:06.093580062
84,119.18,14,119.19,08:02:06.093678068
84,119.18,13,119.19,08:02:06.093749425
84,119.18,14,119.19,08:02:06.094156727
84,119.18,16,119.19,08:02:06.095289625
83,119.18,16,119.19,08:02:06.096079198
83,119.18,15,119.19,08:02:06.096079198
83,119.18,13,119.19,08:02:06.096538379
83,119.18,14,119.19,08:02:06.096867937
83,119.18,16,119.19,08:02:06.109801359
83,119.18,17,119.19,08:02:06.113569573
83,119.18,18,119.19,08:02:06.113811867
83,119.18,17,119.19,08:02:06.181740281
83,119.18,16,119.19,08:02:06.181740281
83,119.18,15,119.19,08:02:06.181832726
83,119.18,13,119.19,08:02:06.181832726
83,119.18,20,119.19,08:02:06.181909861
83,119.18,22,119.19,08:02:06.182032275
83,119.18,23,119.19,08:02:06.186598530
83,119.18,26,119.19,08:02:06.192762553
83,119.18,25,119.19,08:02:06.386595823
83,119.18,22,119.19,08:02:06.386788569
83,119.18,29,119.19,08:02:06.390989025
83,119.18,27,119.19,08:02:06.584941858
83,119.18,28,119.19,08:02:06.911815301
82,119.18,28,119.19,08:02:07.013925380
81,119.18,28,119.19,08:02:07.013925380
81,119.18,36,119.19,08:02:07.014120977
81,119.18,39,119.19,08:02:07.014212916
82,119.18,39,119.19,08:02:07.014212916
82,119.18,44,119.19,08:02:07.014288808
82,119.18,45,119.19,08:02:07.014350791
82,119.18,44,119.19,08:02:07.033602543
82,119.18,36,119.19,08:02:07.033843638
82,119.18,33,119.19,08:02:07.033933849
82,119.18,28,119.19,08:02:07.033933849
82,119.18,27,119.19,08:02:07.033933849
88,119.18,27,119.19,08:02:07.036409392
89,119.18,27,119.19,08:02:07.036576611
90,119.18,27,119.19,08:02:07.036647088
90,119.18,26,119.19,08:02:07.036740851
90,119.18,22,119.19,08:02:07.037032482
90,119.18,21,119.19,08:02:07.037032482
90,119.18,20,119.19,08:02:07.037155768
90,119.18,16,119.19,08:02:07.037175919
90,119.18,15,119.19,08:02:07.037175919
90,119.18,8,119.19,08:02:07.037175919
90,119.18,1,119.19,08:02:07.037175919
90,119.18,81,119.2,08:02:07.037175919
9,119.19,81,119.2,08:02:07.037326722
10,119.19,81,119.2,08:02:07.037453522
10,119.19,87,119.2,08:02:07.037466296
15,119.19,87,119.2,08:02:07.037637724
17,119.19,87,119.2,08:02:07.037637724
18,119.19,87,119.2,08:02:07.037741396
20,119.19,87,119.2,08:02:07.037741396
23,119.19,87,119.2,08:02:07.037741396
23,119.19,84,119.2,08:02:07.037832113
14,119.19,84,119.2,08:02:07.037832113
12,119.19,84,119.2,08:02:07.038076485
10,119.19,84,119.2,08:02:07.038076485
5,119.19,84,119.2,08:02:07.038821732
6,119.19,84,119.2,08:02:07.060234509
8,119.19,84,119.2,08:02:07.060460084
17,119.19,84,119.2,08:02:07.060544205
18,119.19,84,119.2,08:02:07.060544205
20,119.19,84,119.2,08:02:07.060608538
20,119.19,83,119.2,08:02:07.078959758
21,119.19,83,119.2,08:02:07.079118460
20,119.19,83,119.2,08:02:07.081916675
20,119.19,90,119.2,08:02:07.082088313
20,119.19,89,119.2,08:02:07.105132529
19,119.19,89,119.2,08:02:07.111214101
10,119.19,89,119.2,08:02:07.111364715
11,119.19,89,119.2,08:02:07.111538939
13,119.19,89,119.2,08:02:07.111700312
14,119.19,89,119.2,08:02:07.165722646
11,119.19,89,119.2,08:02:07.168873366
10,119.19,89,119.2,08:02:07.168886802
8,119.19,89,119.2,08:02:07.169075781
7,119.19,89,119.2,08:02:07.169089496
5,119.19,89,119.2,08:02:07.169104223
4,119.19,89,119.2,08:02:07.169104223
3,119.19,89,119.2,08:02:07.169119397
1,119.19,89,119.2,08:02:07.169133839
92,119.18,89,119.2,08:02:07.169148646
89,119.18,89,119.2,08:02:07.169148646
88,119.18,89,119.2,08:02:07.169163023
86,119.18,89,119.2,08:02:07.169163023
80,119.18,89,119.2,08:02:07.169177487
79,119.18,89,119.2,08:02:07.169177487
77,119.18,89,119.2,08:02:07.169191186
75,119.18,89,119.2,08:02:07.169206725
74,119.18,89,119.2,08:02:07.169220469
73,119.18,89,119.2,08:02:07.169233957
72,119.18,89,119.2,08:02:07.169247612
62,119.18,89,119.2,08:02:07.169319592
61,119.18,89,119.2,08:02:07.169335806
60,119.18,89,119.2,08:02:07.169353313
49,119.18,89,119.2,08:02:07.169373954
52,119.18,89,119.2,08:02:07.169418121
52,119.18,2,119.19,08:02:07.169418121
53,119.18,2,119.19,08:02:07.169449381
53,119.18,3,119.19,08:02:07.169544859
53,119.18,7,119.19,08:02:07.169575557
54,119.18,7,119.19,08:02:07.169779650
54,119.18,16,119.19,08:02:07.169779650
57,119.18,16,119.19,08:02:07.169908936
57,119.18,19,119.19,08:02:07.169908936
56,119.18,19,119.19,08:02:07.169932305
65,119.18,19,119.19,08:02:07.169932305
65,119.18,24,119.19,08:02:07.169932305
65,119.18,25,119.19,08:02:07.169932305
65,119.18,28,119.19,08:02:07.169932305
69,119.18,28,119.19,08:02:07.169932305
69,119.18,29,119.19,08:02:07.169932305
69,119.18,36,119.19,08:02:07.169932305
59,119.18,36,119.19,08:02:07.170200138
59,119.18,27,119.19,08:02:07.170200138
59,119.18,23,119.19,08:02:07.170200138
59,119.18,20,119.19,08:02:07.170200138
59,119.18,19,119.19,08:02:07.170517230
66,119.18,19,119.19,08:02:07.179862732
73,119.18,19,119.19,08:02:07.180055983
73,119.18,16,119.19,08:02:07.450669818
73,119.18,15,119.19,08:02:07.450925434
73,119.18,13,119.19,08:02:07.451014438
73,119.18,8,119.19,08:02:07.507343355
73,119.18,1,119.19,08:02:07.507557006
73,119.18,3,119.19,08:02:07.507846602
73,119.18,2,119.19,08:02:07.507923802
73,119.18,87,119.2,08:02:07.508128608
73,119.18,7,119.19,08:02:07.508232595
80,119.18,7,119.19,08:02:07.508250940
81,119.18,7,119.19,08:02:07.508317497
82,119.18,7,119.19,08:02:07.508317497
92,119.18,7,119.19,08:02:07.508410455
92,119.18,87,119.2,08:02:07.508500310
92,119.18,6,119.19,08:02:07.512536198
92,119.18,8,119.19,08:02:07.512712601
82,119.18,8,119.19,08:02:07.512791093
82,119.18,11,119.19,08:02:07.512906271
82,119.18,12,119.19,08:02:07.512991183
82,119.18,17,119.19,08:02:07.513105503
82,119.18,18,119.19,08:02:07.519741887
82,119.18,19,119.19,08:02:07.519936278
82,119.18,22,119.19,08:02:07.520021202
82,119.18,23,119.19,08:02:07.521684017
75,119.18,23,119.19,08:02:07.526676269
81,119.18,23,119.19,08:02:07.528271351
82,119.18,23,119.19,08:02:07.528409474
82,119.18,22,119.19,08:02:07.528482654
88,119.18,22,119.19,08:02:07.528545157
88,119.18,21,119.19,08:02:07.528648693
88,119.18,22,119.19,08:02:07.541004464
88,119.18,26,119.19,08:02:07.541171532
88,119.18,25,119.19,08:02:07.575235666
88,119.18,26,119.19,08:02:07.584604255
88,119.18,27,119.19,08:02:07.591451497
88,119.18,28,119.19,08:02:07.607814683
88,119.18,27,119.19,08:02:07.616291706
88,119.18,26,119.19,08:02:07.616357190
88,119.18,27,119.19,08:02:07.769935025
88,119.18,28,119.19,08:02:07.770001403
88,119.18,29,119.19,08:02:07.770113590
88,119.18,28,119.19,08:02:07.770681152
88,119.18,27,119.19,08:02:07.770851991
82,119.18,27,119.19,08:02:07.777125008
82,119.18,23,119.19,08:02:07.777186001
82,119.18,25,119.19,08:02:07.791560078
82,119.18,26,119.19,08:02:07.791725251
82,119.18,27,119.19,08:02:07.791791251
82,119.18,28,119.19,08:02:07.794307217
73,119.18,28,119.19,08:02:07.794461400
73,119.18,30,119.19,08:02:08.013961250
73,119.18,31,119.19,08:02:08.105648579
73,119.18,33,119.19,08:02:08.105829062
73,119.18,34,119.19,08:02:08.181216903
79,119.18,34,119.19,08:02:08.188290291
81,119.18,34,119.19,08:02:08.188481610
81,119.18,33,119.19,08:02:08.188630109
81,119.18,31,119.19,08:02:08.575136694
81,119.18,30,119.19,08:02:08.575276986
81,119.18,31,119.19,08:02:08.616701403
81,119.18,32,119.19,08:02:08.616847652
79,119.18,32,119.19,08:02:08.617763168
79,119.18,30,119.19,08:02:08.617825024
79,119.18,31,119.19,08:02:08.617924739
79,119.18,32,119.19,08:02:08.620041585
79,119.18,31,119.19,08:02:08.708971186
79,119.18,30,119.19,08:02:08.709041663
79,119.18,29,119.19,08:02:08.709129103
79,119.18,28,119.19,08:02:08.709129103
79,119.18,29,119.19,08:02:08.709233711
79,119.18,28,119.19,08:02:08.710808212
79,119.18,27,119.19,08:02:08.718499866
79,119.18,24,119.19,08:02:08.721365857
79,119.18,26,119.19,08:02:08.725826845
79,119.18,24,119.19,08:02:08.729378617
79,119.18,25,119.19,08:02:08.732134406
79,119.18,26,119.19,08:02:08.732288058
79,119.18,25,119.19,08:02:08.736630444
79,119.18,24,119.19,08:02:08.736781084
79,119.18,25,119.19,08:02:08.773097770
79,119.18,26,119.19,08:02:08.773232817
79,119.18,25,119.19,08:02:08.808120238
79,119.18,24,119.19,08:02:08.808260180
79,119.18,26,119.19,08:02:08.829974265
79,119.18,28,119.19,08:02:08.830148518
79,119.18,26,119.19,08:02:08.879926491
79,119.18,27,119.19,08:02:09.222814429
79,119.18,26,119.19,08:02:09.256048267
79,119.18,28,119.19,08:02:10.014064559
79,119.18,29,119.19,08:02:10.014236568
79,119.18,30,119.19,08:02:10.014417013
79,119.18,32,119.19,08:02:10.014625701
72,119.18,32,119.19,08:02:10.014820328
72,119.18,30,119.19,08:02:10.014883601
72,119.18,28,119.19,08:02:10.053153515
72,119.18,27,119.19,08:02:10.053298638
73,119.18,27,119.19,08:02:10.233803127
73,119.18,26,119.19,08:02:10.234036835
76,119.18,26,119.19,08:02:10.234113309
73,119.18,26,119.19,08:02:10.806802064
73,119.18,25,119.19,08:02:11.028695541
73,119.18,24,119.19,08:02:11.028893912
75,119.18,24,119.19,08:02:11.028964865
75,119.18,25,119.19,08:02:11.055089401
73,119.18,25,119.19,08:02:12.202559207
73,119.18,27,119.19,08:02:12.334474592
73,119.18,28,119.19,08:02:12.334763520
73,119.18,37,119.19,08:02:12.335284767
73,119.18,41,119.19,08:02:12.335439001
73,119.18,42,119.19,08:02:12.335591871
74,119.18,42,119.19,08:02:12.362228915
74,119.18,45,119.19,08:02:12.491577842
74,119.18,46,119.19,08:02:12.491749522
73,119.18,46,119.19,08:02:12.795692915
73,119.18,45,119.19,08:02:12.795857190
72,119.18,45,119.19,08:02:12.796537621
72,119.18,46,119.19,08:02:12.796723999
72,119.18,48,119.19,08:02:12.796886682
72,119.18,46,119.19,08:02:13.078114619
71,119.18,46,119.19,08:02:13.078270754
71,119.18,50,119.19,08:02:14.091908122
70,119.18,50,119.19,08:02:14.091908122
67,119.18,50,119.19,08:02:14.092000688
66,119.18,50,119.19,08:02:14.092000688
62,119.18,50,119.19,08:02:14.092018128
62,119.18,54,119.19,08:02:14.092018128
61,119.18,54,119.19,08:02:14.092090327
61,119.18,64,119.19,08:02:14.092090327
61,119.18,67,119.19,08:02:14.092105565
61,119.18,77,119.19,08:02:14.092105565
59,119.18,77,119.19,08:02:14.092219882
59,119.18,80,119.19,08:02:14.092219882
49,119.18,80,119.19,08:02:14.092301709
46,119.18,80,119.19,08:02:14.092386983
44,119.18,80,119.19,08:02:14.092493478
43,119.18,80,119.19,08:02:14.092876601
38,119.18,80,119.19,08:02:14.092876601
31,119.18,80,119.19,08:02:14.093006991
29,119.18,80,119.19,08:02:14.093351518
17,119.18,80,119.19,08:02:14.093462904
16,119.18,80,119.19,08:02:14.093553762
18,119.18,80,119.19,08:02:14.095300881
21,119.18,80,119.19,08:02:14.095300881
19,119.18,80,119.19,08:02:14.095409841
16,119.18,80,119.19,08:02:14.096075341
17,119.18,80,119.19,08:02:14.096947839
16,119.18,80,119.19,08:02:14.097236335
17,119.18,80,119.19,08:02:14.097905886
16,119.18,80,119.19,08:02:14.098068456
17,119.18,80,119.19,08:02:14.098433096
17,119.18,77,119.19,08:02:14.099196583
20,119.18,77,119.19,08:02:14.099485834
21,119.18,77,119.19,08:02:14.099986022
20,119.18,77,119.19,08:02:14.102473217
17,119.18,77,119.19,08:02:14.105398040
16,119.18,77,119.19,08:02:14.105466558
16,119.18,79,119.19,08:02:14.408716517
15,119.18,79,119.19,08:02:14.408933938
15,119.18,84,119.19,08:02:14.409001404
11,119.18,84,119.19,08:02:14.409159803
11,119.18,86,119.19,08:02:14.409339852
9,119.18,86,119.19,08:02:14.409465467
8,119.18,86,119.19,08:02:14.409592358
2,119.18,86,119.19,08:02:14.409624029
1,119.18,86,119.19,08:02:14.409624029
99,119.17,86,119.19,08:02:14.409624029
98,119.17,86,119.19,08:02:14.409837560
98,119.17,9,119.18,08:02:14.409974526
95,119.17,9,119.18,08:02:14.409974526
88,119.17,9,119.18,08:02:14.409974526
88,119.17,10,119.18,08:02:14.410248795
88,119.17,21,119.18,08:02:14.410356670
88,119.17,24,119.18,08:02:14.410356670
78,119.17,24,119.18,08:02:14.410373866
78,119.17,25,119.18,08:02:14.410526531
78,119.17,14,119.18,08:02:14.411065610
79,119.17,14,119.18,08:02:14.424460177
79,119.17,15,119.18,08:02:14.424622900
81,119.17,15,119.18,08:02:14.424692035
81,119.17,16,119.18,08:02:14.493615012
81,119.17,17,119.18,08:02:14.551478521
81,119.17,18,119.18,08:02:14.551672355
81,119.17,19,119.18,08:02:14.576825976
79,119.17,19,119.18,08:02:14.578289025
77,119.17,19,119.18,08:02:14.578354253
77,119.17,20,119.18,08:02:14.578469504
77,119.17,24,119.18,08:02:14.578739479
77,119.17,25,119.18,08:02:14.675154130
77,119.17,26,119.18,08:02:14.677007644
77,119.17,29,119.18,08:02:14.677254451
77,119.17,36,119.18,08:02:14.677324173
77,119.17,42,119.18,08:02:14.677437920
77,119.17,39,119.18,08:02:14.688652249
77,119.17,38,119.18,08:02:14.692160805
77,119.17,37,119.18,08:02:14.692291311
78,119.17,37,119.18,08:02:14.705624204
79,119.17,37,119.18,08:02:14.705726895
79,119.17,30,119.18,08:02:14.705798220
79,119.17,24,119.18,08:02:14.705872886
79,119.17,23,119.18,08:02:14.705978828
79,119.17,19,119.18,08:02:14.738172863
79,119.17,20,119.18,08:02:14.912666876
79,119.17,26,119.18,08:02:14.912882991
79,119.17,25,119.18,08:02:14.919890632
79,119.17,24,119.18,08:02:14.949608336
79,119.17,23,119.18,08:02:14.949723375
79,119.17,20,119.18,08:02:14.950223056
79,119.17,19,119.18,08:02:14.950310994
79,119.17,18,119.18,08:02:14.950310994
79,119.17,17,119.18,08:02:14.950310994
79,119.17,16,119.18,08:02:14.950388662
79,119.17,10,119.18,08:02:14.950469948
79,119.17,9,119.18,08:02:14.950558328
79,119.17,93,119.19,08:02:14.950752113
79,119.17,91,119.19,08:02:14.950985506
89,119.17,91,119.19,08:02:14.950985506
95,119.17,91,119.19,08:02:14.974297952
97,119.17,91,119.19,08:02:14.974483203
97,119.17,89,119.19,08:02:15.065532921
95,119.17,89,119.19,08:02:15.197521719
95,119.17,93,119.19,08:02:15.552481638
95,119.17,95,119.19,08:02:15.552669462
94,119.17,95,119.19,08:02:15.937013150
93,119.17,95,119.19,08:02:15.937786487
93,119.17,93,119.19,08:02:15.952777018
1,119.18,93,119.19,08:02:16.046199871
3,119.18,93,119.19,08:02:16.046399246
6,119.18,93,119.19,08:02:16.046399246
13,119.18,93,119.19,08:02:16.046479208
14,119.18,93,119.19,08:02:16.046563019
15,119.18,93,119.19,08:02:16.046643748
15,119.18,91,119.19,08:02:16.046793844
15,119.18,90,119.19,08:02:16.055458226
14,119.18,90,119.19,08:02:16.055458226
12,119.18,90,119.19,08:02:16.055603030
12,119.18,94,119.19,08:02:16.055670752
13,119.18,94,119.19,08:02:16.062235158
19,119.18,94,119.19,08:02:16.067301989
20,119.18,94,119.19,08:02:16.067542232
27,119.18,94,119.19,08:02:16.068890650
33,119.18,94,119.19,08:02:16.068992765
33,119.18,92,119.19,08:02:16.069113582
33,119.18,88,119.19,08:02:16.069113582
33,119.18,90,119.19,08:02:16.087737078
32,119.18,90,119.19,08:02:16.101436063
33,119.18,90,119.19,08:02:16.117360987
34,119.18,90,119.19,08:02:16.168664863
35,119.18,90,119.19,08:02:16.170107575
35,119.18,88,119.19,08:02:17.015271877
33,119.18,88,119.19,08:02:17.015271877
32,119.18,88,119.19,08:02:17.015412483
32,119.18,83,119.19,08:02:17.539881452
33,119.18,83,119.19,08:02:17.616806462
34,119.18,83,119.19,08:02:17.616956884
33,119.18,83,119.19,08:02:17.930013830
32,119.18,83,119.19,08:02:18.571360137
31,119.18,83,119.19,08:02:18.571446876
24,119.18,83,119.19,08:02:18.571446876
23,119.18,83,119.19,08:02:18.571464441
22,119.18,83,119.19,08:02:18.571464441
16,119.18,83,119.19,08:02:18.571464441
9,119.18,83,119.19,08:02:18.575810904
8,119.18,83,119.19,08:02:18.575908226
7,119.18,83,119.19,08:02:18.575908226
2,119.18,83,119.19,08:02:18.576215629
1,119.18,83,119.19,08:02:18.576215629
85,119.17,83,119.19,08:02:18.576230014
85,119.17,85,119.19,08:02:18.576393329
85,119.17,87,119.19,08:02:18.576393329
85,119.17,96,119.19,08:02:18.576393329
85,119.17,103,119.19,08:02:18.576393329
85,119.17,2,119.18,08:02:18.576495835
85,119.17,3,119.18,08:02:18.576736945
85,119.17,4,119.18,08:02:18.576736945
85,119.17,5,119.18,08:02:18.576834465
85,119.17,3,119.18,08:02:18.576852858
85,119.17,6,119.18,08:02:18.576852858
75,119.17,6,119.18,08:02:18.576852858
75,119.17,7,119.18,08:02:18.577006978
75,119.17,8,119.18,08:02:18.578752110
75,119.17,9,119.18,08:02:18.578891698
75,119.17,10,119.18,08:02:18.580158497
75,119.17,14,119.18,08:02:18.580341329
75,119.17,15,119.18,08:02:18.580604125
75,119.17,16,119.18,08:02:18.581043344
75,119.17,17,119.18,08:02:18.581261779
75,119.17,16,119.18,08:02:18.583516737
75,119.17,15,119.18,08:02:18.583938163
75,119.17,14,119.18,08:02:18.584084349
75,119.17,15,119.18,08:02:18.584297853
75,119.17,16,119.18,08:02:18.584370119
75,119.17,17,119.18,08:02:18.584477799
75,119.17,16,119.18,08:02:18.586459045
75,119.17,15,119.18,08:02:18.586632064
75,119.17,14,119.18,08:02:18.586706773
75,119.17,13,119.18,08:02:18.586706773
75,119.17,12,119.18,08:02:18.587254573
76,119.17,12,119.18,08:02:18.587423238
76,119.17,15,119.18,08:02:18.588578578
76,119.17,16,119.18,08:02:18.588687702
76,119.17,13,119.18,08:02:18.599250687
76,119.17,15,119.18,08:02:18.600673358
76,119.17,16,119.18,08:02:18.600741720
76,119.17,17,119.18,08:02:18.600854574
75,119.17,17,119.18,08:02:18.601653492
75,119.17,27,119.18,08:02:18.608941952
75,119.17,30,119.18,08:02:18.609012205
75,119.17,32,119.18,08:02:18.609262546
75,119.17,33,119.18,08:02:19.232157616
75,119.17,37,119.18,08:02:19.232338112
75,119.17,33,119.18,08:02:19.656092692
75,119.17,32,119.18,08:02:19.656237324
75,119.17,34,119.18,08:02:20.013240338
75,119.17,35,119.18,08:02:20.013421682
75,119.17,34,119.18,08:02:20.031924756
75,119.17,36,119.18,08:02:20.118411289
75,119.17,35,119.18,08:02:20.118651359
75,119.17,53,119.18,08:02:20.144694657
75,119.17,54,119.18,08:02:20.144920264
81,119.17,54,119.18,08:02:20.200830622
82,119.17,54,119.18,08:02:20.200930859
82,119.17,53,119.18,08:02:20.201085067
82,119.17,54,119.18,08:02:20.479230729
83,119.17,54,119.18,08:02:20.488997566
83,119.17,53,119.18,08:02:20.490326313
84,119.17,53,119.18,08:02:20.868114054
84,119.17,54,119.18,08:02:21.343533648
84,119.17,55,119.18,08:02:21.481350358
84,119.17,54,119.18,08:02:21.569122951
84,119.17,52,119.18,08:02:21.615658300
84,119.17,56,119.18,08:02:21.976756364
84,119.17,57,119.18,08:02:22.005291201
84,119.17,58,119.18,08:02:23.311759081
84,119.17,59,119.18,08:02:23.311962909
84,119.17,58,119.18,08:02:23.326415350
84,119.17,57,119.18,08:02:23.643418356
84,119.17,58,119.18,08:02:23.653609282
84,119.17,57,119.18,08:02:24.030969854
84,119.17,56,119.18,08:02:24.031121790
84,119.17,57,119.18,08:02:24.059970880
84,119.17,61,119.18,08:02:25.552809353
84,119.17,60,119.18,08:02:28.041473142
84,119.17,59,119.18,08:02:28.041654825
84,119.17,60,119.18,08:02:28.830822520
84,119.17,61,119.18,08:02:28.831422260
84,119.17,60,119.18,08:02:28.831608839
82,119.17,60,119.18,08:02:29.082381422
82,119.17,61,119.18,08:02:29.082457742
81,119.17,61,119.18,08:02:29.082550049
81,119.17,62,119.18,08:02:29.082622282
70,119.17,62,119.18,08:02:29.083502717
63,119.17,62,119.18,08:02:29.083568483
63,119.17,61,119.18,08:02:29.084247289
63,119.17,62,119.18,08:02:29.086606999
52,119.17,62,119.18,08:02:29.090570140
50,119.17,62,119.18,08:02:29.090761859
51,119.17,62,119.18,08:02:29.917195222
51,119.17,61,119.18,08:02:29.917340917
52,119.17,61,119.18,08:02:30.886962890
52,119.17,60,119.18,08:02:32.029048784
62,119.17,60,119.18,08:02:32.029254620
63,119.17,60,119.18,08:02:32.029331446
66,119.17,60,119.18,08:02:32.029400748
67,119.17,60,119.18,08:02:32.044712411
67,119.17,59,119.18,08:02:32.643549804
68,119.17,59,119.18,08:02:32.643613531
68,119.17,60,119.18,08:02:32.643721394
67,119.17,60,119.18,08:02:32.643868572
66,119.17,60,119.18,08:02:32.839821393
67,119.17,60,119.18,08:02:33.045989075
66,119.17,60,119.18,08:02:33.062909399
65,119.17,60,119.18,08:02:33.157100946
66,119.17,60,119.18,08:02:33.197978178
56,119.17,60,119.18,08:02:33.357511001
53,119.17,60,119.18,08:02:33.357575600
53,119.17,61,119.18,08:02:33.357746748
52,119.17,61,119.18,08:02:33.370250723
53,119.17,61,119.18,08:02:33.515826183
53,119.17,60,119.18,08:02:33.515976756
52,119.17,60,119.18,08:02:33.527563263
52,119.17,61,119.18,08:02:34.384917143
52,119.17,63,119.18,08:02:35.242365446
52,119.17,62,119.18,08:02:36.025242567
52,119.17,63,119.18,08:02:36.025418490
52,119.17,62,119.18,08:02:36.025522068
52,119.17,63,119.18,08:02:36.035179265
48,119.17,63,119.18,08:02:36.039691469
46,119.17,63,119.18,08:02:36.039854563
42,119.17,63,119.18,08:02:36.045445521
40,119.17,63,119.18,08:02:36.045590106
40,119.17,67,119.18,08:02:36.045689492
40,119.17,69,119.18,08:02:36.045868615
39,119.17,69,119.18,08:02:36.046233296
37,119.17,69,119.18,08:02:36.046312989
35,119.17,69,119.18,08:02:36.046312989
33,119.17,69,119.18,08:02:36.046389415
32,119.17,69,119.18,08:02:36.047078633
31,119.17,69,119.18,08:02:36.047150262
31,119.17,81,119.18,08:02:36.048036971
26,119.17,81,119.18,08:02:36.049791952
22,119.17,81,119.18,08:02:36.049791952
19,119.17,81,119.18,08:02:36.049866202
16,119.17,81,119.18,08:02:36.049866202
15,119.17,81,119.18,08:02:36.060914550
15,119.17,91,119.18,08:02:36.063153924
14,119.17,91,119.18,08:02:36.063245661
13,119.17,91,119.18,08:02:36.063549155
12,119.17,91,119.18,08:02:36.063665775
10,119.17,91,119.18,08:02:36.063665775
6,119.17,91,119.18,08:02:36.063866258
5,119.17,91,119.18,08:02:36.063866258
4,119.17,91,119.18,08:02:36.063866258
3,119.17,91,119.18,08:02:36.063866258
2,119.17,91,119.18,08:02:36.063866258
1,119.17,91,119.18,08:02:36.063879298
100,119.16,91,119.18,08:02:36.063964959
100,119.16,1,119.17,08:02:36.064100149
100,119.16,16,119.17,08:02:36.064609868
100,119.16,20,119.17,08:02:36.064609868
100,119.16,35,119.17,08:02:36.064720306
99,119.16,35,119.17,08:02:36.064759963
96,119.16,35,119.17,08:02:36.064759963
96,119.16,37,119.17,08:02:36.064759963
96,119.16,36,119.17,08:02:36.064779970
96,119.16,39,119.17,08:02:36.064836853
96,119.16,40,119.17,08:02:36.064932626
96,119.16,43,119.17,08:02:36.065087345
96,119.16,44,119.17,08:02:36.065333972
86,119.16,44,119.17,08:02:36.065477787
86,119.16,45,119.17,08:02:36.065698913
86,119.16,30,119.17,08:02:36.065698913
102,119.16,30,119.17,08:02:36.065877319
99,119.16,30,119.17,08:02:36.066002535
99,119.16,35,119.17,08:02:36.066241258
99,119.16,31,119.17,08:02:36.073765904
99,119.16,28,119.17,08:02:36.073907558
99,119.16,27,119.17,08:02:36.073989677
99,119.16,26,119.17,08:02:36.074062502
99,119.16,23,119.17,08:02:36.075290415
99,119.16,8,119.17,08:02:36.075471391
99,119.16,9,119.17,08:02:36.075617166
99,119.16,7,119.17,08:02:36.075799655
99,119.16,6,119.17,08:02:36.075799655
99,119.16,8,119.17,08:02:36.075915819
99,119.16,3,119.17,08:02:36.076365284
99,119.16,2,119.17,08:02:36.076388177
99,119.16,99,119.18,08:02:36.076388177
102,119.16,99,119.18,08:02:36.076388177
1,119.17,99,119.18,08:02:36.076695770
10,119.17,99,119.18,08:02:36.076712301
13,119.17,99,119.18,08:02:36.076962925
15,119.17,99,119.18,08:02:36.076989965
6,119.17,99,119.18,08:02:36.077092845
5,119.17,99,119.18,08:02:36.077148947
2,119.17,99,119.18,08:02:36.077488591
4,119.17,99,119.18,08:02:36.079858247
7,119.17,99,119.18,08:02:36.085596626
4,119.17,99,119.18,08:02:36.088365567
2,119.17,99,119.18,08:02:36.088480863
3,119.17,99,119.18,08:02:36.104522509
5,119.17,99,119.18,08:02:36.104736806
6,119.17,99,119.18,08:02:36.104885289
7,119.17,99,119.18,08:02:36.106361355
6,119.17,99,119.18,08:02:36.110339969
5,119.17,99,119.18,08:02:36.110593665
4,119.17,99,119.18,08:02:36.110661614
2,119.17,99,119.18,08:02:36.128495763
112,119.16,99,119.18,08:02:36.128809164
112,119.16,4,119.17,08:02:36.129992951
112,119.16,5,119.17,08:02:36.130306574
112,119.16,8,119.17,08:02:36.130306574
102,119.16,8,119.17,08:02:36.130395364
102,119.16,10,119.17,08:02:36.130395364
102,119.16,11,119.17,08:02:36.130482718
102,119.16,12,119.17,08:02:36.130560670
102,119.16,10,119.17,08:02:36.130722052
102,119.16,11,119.17,08:02:36.132740470
102,119.16,10,119.17,08:02:36.132811030
102,119.16,12,119.17,08:02:36.132922611
102,119.16,13,119.17,08:02:36.133396076
102,119.16,12,119.17,08:02:36.133639362
102,119.16,11,119.17,08:02:36.133838030
102,119.16,13,119.17,08:02:36.134082644
102,119.16,14,119.17,08:02:36.134165784
102,119.16,15,119.17,08:02:36.134165784
102,119.16,24,119.17,08:02:36.134327069
102,119.16,22,119.17,08:02:36.134400708
102,119.16,23,119.17,08:02:36.135331776
102,119.16,22,119.17,08:02:36.135601273
102,119.16,24,119.17,08:02:36.139276768
102,119.16,37,119.17,08:02:36.139409878
102,119.16,35,119.17,08:02:36.139557243
102,119.16,22,119.17,08:02:36.140350975
102,119.16,21,119.17,08:02:36.140529237
102,119.16,20,119.17,08:02:36.140599528
102,119.16,22,119.17,08:02:36.140599528
99,119.16,22,119.17,08:02:36.140723825
99,119.16,20,119.17,08:02:36.140793109
99,119.16,25,119.17,08:02:36.140872405
99,119.16,26,119.17,08:02:36.142109059
99,119.16,25,119.17,08:02:36.142290333
99,119.16,16,119.17,08:02:36.142826787
99,119.16,15,119.17,08:02:36.143264662
99,119.16,18,119.17,08:02:36.143826722
99,119.16,23,119.17,08:02:36.143901364
99,119.16,20,119.17,08:02:36.144075749
99,119.16,22,119.17,08:02:36.144425864
99,119.16,23,119.17,08:02:36.145190388
99,119.16,22,119.17,08:02:36.146674566
99,119.16,23,119.17,08:02:36.147215020
99,119.16,25,119.17,08:02:36.147384123
99,119.16,24,119.17,08:02:36.149386877
99,119.16,19,119.17,08:02:36.149463069
99,119.16,17,119.17,08:02:36.149463069
99,119.16,13,119.17,08:02:36.149714495
99,119.16,14,119.17,08:02:36.150090822
99,119.16,13,119.17,08:02:36.150307500
99,119.16,15,119.17,08:02:36.150463023
99,119.16,20,119.17,08:02:36.150463023
99,119.16,21,119.17,08:02:36.150603320
99,119.16,25,119.17,08:02:36.152024887
99,119.16,34,119.17,08:02:36.156098205
99,119.16,35,119.17,08:02:36.156304374
99,119.16,31,119.17,08:02:36.157595167
99,119.16,26,119.17,08:02:36.158250216
99,119.16,17,119.17,08:02:36.158321895
99,119.16,18,119.17,08:02:36.158642243
99,119.16,19,119.17,08:02:36.158830599
97,119.16,19,119.17,08:02:36.159212060
97,119.16,20,119.17,08:02:36.159535522
97,119.16,21,119.17,08:02:36.159607306
97,119.16,30,119.17,08:02:36.160169279
97,119.16,21,119.17,08:02:36.161625358
97,119.16,20,119.17,08:02:36.161794068
97,119.16,29,119.17,08:02:36.161864907
97,119.16,28,119.17,08:02:36.161864907
97,119.16,19,119.17,08:02:36.162676426
97,119.16,20,119.17,08:02:36.164555592
97,119.16,29,119.17,08:02:36.164710788
97,119.16,28,119.17,08:02:36.167233727
97,119.16,19,119.17,08:02:36.167384217
97,119.16,20,119.17,08:02:36.171163864
97,119.16,21,119.17,08:02:36.171373650
97,119.16,22,119.17,08:02:36.171493211
97,119.16,21,119.17,08:02:36.174819861
97,119.16,22,119.17,08:02:36.184113631
97,119.16,23,119.17,08:02:36.193460647
97,119.16,32,119.17,08:02:36.193460647
97,119.16,31,119.17,08:02:36.194497356
97,119.16,32,119.17,08:02:36.200607450
91,119.16,32,119.17,08:02:36.201139864
91,119.16,33,119.17,08:02:36.201328934
91,119.16,32,119.17,08:02:36.205279176
91,119.16,23,119.17,08:02:36.205350511
91,119.16,22,119.17,08:02:36.205500191
91,119.16,21,119.17,08:02:36.205589211
91,119.16,20,119.17,08:02:36.205589211
91,119.16,19,119.17,08:02:36.205660632
91,119.16,20,119.17,08:02:36.205771797
91,119.16,29,119.17,08:02:36.206003131
91,119.16,30,119.17,08:02:36.206126337
91,119.16,31,119.17,08:02:36.206197281
91,119.16,32,119.17,08:02:36.206357713
91,119.16,33,119.17,08:02:36.211152464
87,119.16,33,119.17,08:02:36.216993991
87,119.16,37,119.17,08:02:36.217067569
85,119.16,37,119.17,08:02:36.217135380
81,119.16,37,119.17,08:02:36.219183703
80,119.16,37,119.17,08:02:36.219411652
78,119.16,37,119.17,08:02:36.220605936
77,119.16,37,119.17,08:02:36.220794784
76,119.16,37,119.17,08:02:36.221394988
76,119.16,33,119.17,08:02:36.236685320
76,119.16,32,119.17,08:02:36.237739687
76,119.16,31,119.17,08:02:36.237809258
76,119.16,44,119.17,08:02:36.240777594
76,119.16,64,119.17,08:02:36.245023117
76,119.16,66,119.17,08:02:36.245706169
66,119.16,66,119.17,08:02:36.245858796
62,119.16,66,119.17,08:02:36.245929862
63,119.16,66,119.17,08:02:36.254781385
65,119.16,66,119.17,08:02:36.254973456
66,119.16,66,119.17,08:02:36.261831860
65,119.16,66,119.17,08:02:36.306174368
66,119.16,66,119.17,08:02:36.317533717
65,119.16,66,119.17,08:02:36.461918398
71,119.16,66,119.17,08:02:36.513510591
71,119.16,53,119.17,08:02:36.601513884
79,119.16,53,119.17,08:02:36.603378974
83,119.16,53,119.17,08:02:36.603657550
75,119.16,53,119.17,08:02:36.670131600
71,119.16,53,119.17,08:02:36.670194019
71,119.16,54,119.17,08:02:36.684158928
71,119.16,55,119.17,08:02:36.686414753
71,119.16,66,119.17,08:02:36.875744325
69,119.16,66,119.17,08:02:36.875915341
69,119.16,70,119.17,08:02:36.877489763
62,119.16,70,119.17,08:02:37.344707911
59,119.16,70,119.17,08:02:37.344947303
57,119.16,70,119.17,08:02:37.345034195
53,119.16,70,119.17,08:02:37.345034195
43,119.16,70,119.17,08:02:37.345109802
41,119.16,70,119.17,08:02:37.345188393
43,119.16,70,119.17,08:02:37.801316815
44,119.16,70,119.17,08:02:37.801380632
46,119.16,70,119.17,08:02:37.801520591
47,119.16,70,119.17,08:02:37.801983908
46,119.16,70,119.17,08:02:38.141000338
45,119.16,70,119.17,08:02:38.141163726
44,119.16,70,119.17,08:02:38.141849841
43,119.16,70,119.17,08:02:38.143290412
43,119.16,74,119.17,08:02:38.269535180
41,119.16,74,119.17,08:02:38.269695347
41,119.16,75,119.17,08:02:38.312063805
39,119.16,75,119.17,08:02:38.348846521
28,119.16,75,119.17,08:02:38.348999036
27,119.16,75,119.17,08:02:38.349151381
26,119.16,75,119.17,08:02:38.353141157
27,119.16,75,119.17,08:02:38.415738925
