price,volume,timestamp
119.19,5,08:00:00.009194694
119.19,1,08:00:00.009322793
119.19,2,08:00:00.009322793
119.19,2,08:00:00.009336431
119.19,1,08:00:00.009336431
119.19,1,08:00:00.009663141
119.19,1,08:00:00.009679823
119.18,1,08:00:00.681528072
119.19,1,08:00:01.025014452
119.19,2,08:00:04.145006132
119.19,8,08:00:04.145107137
119.19,1,08:00:04.145107137
119.19,1,08:00:04.145260055
119.19,2,08:00:04.145260055
119.19,5,08:00:04.145260055
119.19,1,08:00:04.145273757
119.19,4,08:00:04.146253119
119.19,2,08:00:04.146253119
119.19,1,08:00:04.146253119
119.19,1,08:00:04.146629442
119.19,2,08:00:04.146629442
119.19,1,08:00:04.146798612
119.19,3,08:00:04.146798612
119.19,1,08:00:04.146816043
119.19,3,08:00:04.146816043
119.19,2,08:00:04.146816043
119.19,1,08:00:04.147462344
119.19,1,08:00:04.169548164
119.19,2,08:00:04.256043735
119.2,1,08:00:05.035045669
119.19,1,08:00:06.008221951
119.2,1,08:00:09.023826143
119.2,1,08:00:13.037218698
119.2,2,08:00:15.400624447
119.2,1,08:00:15.400752860
119.2,2,08:00:15.400752860
119.2,2,08:00:15.400770376
119.2,1,08:00:15.400770376
119.2,12,08:00:15.400770376
119.2,1,08:00:15.401205755
119.19,1,08:00:17.017538579
119.19,1,08:00:17.017613411
119.2,1,08:00:17.044451935
119.2,1,08:00:22.032926554
119.2,1,08:00:26.043841271
119.19,1,08:00:27.015210772
119.2,1,08:00:30.031903886
119.2,1,08:00:34.033322738
119.19,1,08:00:37.015598502
119.2,1,08:00:38.033342655
119.2,1,08:00:39.049436914
119.2,1,08:00:42.030526952
119.2,1,08:00:46.026942372
119.19,2,08:00:47.015312790
119.2,5,08:00:47.480181154
119.2,1,08:00:47.480181154
119.2,1,08:00:47.480413779
119.2,3,08:00:47.480427478
119.2,1,08:00:47.480427478
119.2,6,08:00:47.480442243
119.2,2,08:00:47.480442243
119.2,1,08:00:47.480456201
119.2,1,08:00:47.480471254
119.2,2,08:00:47.480613126
119.2,12,08:00:47.480613126
119.2,2,08:00:47.480626892
119.2,1,08:00:47.480640207
119.2,1,08:00:47.480671410
119.2,4,08:00:47.480684652
119.2,3,08:00:47.480698837
119.2,1,08:00:47.480714095
119.2,10,08:00:47.480905967
119.2,10,08:00:47.480919870
119.2,7,08:00:47.480937412
119.2,5,08:00:47.480951150
119.21,1,08:00:50.038105255
119.21,1,08:00:54.040928119
119.2,1,08:00:57.013878104
119.21,1,08:00:58.032336248
119.2,1,08:01:01.782068017
119.2,8,08:01:01.782266792
119.2,2,08:01:01.782302725
119.2,3,08:01:01.782302725
119.2,5,08:01:01.782302725
119.2,1,08:01:01.782302725
119.2,7,08:01:01.782316680
119.2,2,08:01:01.782316680
119.2,3,08:01:01.782661419
119.2,1,08:01:01.782675717
119.2,1,08:01:01.782761354
119.2,4,08:01:01.793138802
119.2,2,08:01:01.793153358
119.2,1,08:01:01.793509732
119.2,1,08:01:01.793665571
119.2,1,08:01:02.030201676
119.19,1,08:01:04.126267309
119.19,1,08:01:04.126281203
119.19,1,08:01:04.126356457
119.19,2,08:01:04.126356457
119.2,1,08:01:06.024852946
119.19,1,08:01:07.015606193
119.19,1,08:01:07.015621377
119.2,1,08:01:10.034847253
119.2,6,08:01:11.528489728
119.2,2,08:01:11.528647113
119.2,1,08:01:11.528663449
119.2,2,08:01:11.528663449
119.2,3,08:01:11.528663449
119.2,9,08:01:11.528663449
119.2,1,08:01:11.528891746
119.2,2,08:01:11.528908882
119.2,3,08:01:11.528908882
119.2,11,08:01:11.528908882
119.2,1,08:01:11.528908882
119.21,1,08:01:14.029690919
119.21,1,08:01:19.037105970
119.2,1,08:01:21.168292731
119.2,2,08:01:21.168306311
119.2,7,08:01:21.168402951
119.2,6,08:01:21.168422724
119.2,2,08:01:21.168422724
119.2,1,08:01:21.168422724
119.2,1,08:01:21.168438862
119.2,1,08:01:21.169048797
119.2,2,08:01:21.169064737
119.2,1,08:01:21.169064737
119.2,2,08:01:21.373990707
119.19,1,08:01:21.474450823
119.19,2,08:01:21.474517633
119.2,1,08:01:23.025183887
119.19,2,08:01:24.356282713
119.19,1,08:01:24.356366029
119.19,2,08:01:27.015601320
119.2,1,08:01:27.034793664
119.2,1,08:01:31.035794538
119.19,1,08:01:31.074655971
119.2,1,08:01:35.024567618
119.19,1,08:01:37.015098323
119.2,1,08:01:39.033888492
119.2,1,08:01:43.036356757
119.19,2,08:01:47.015553425
119.2,1,08:01:47.040633620
119.2,1,08:01:51.033616834
119.19,1,08:01:51.404607391
119.19,1,08:01:51.404678200
119.2,1,08:01:55.025969593
119.19,2,08:01:57.014881023
119.2,1,08:01:59.027238073
119.2,1,08:02:03.039882714
119.19,5,08:02:06.080805664
119.19,1,08:02:06.081031833
119.19,1,08:02:06.081046518
119.19,2,08:02:06.081046518
119.19,1,08:02:06.081263573
119.19,1,08:02:06.081281600
119.19,5,08:02:06.081281600
119.19,3,08:02:06.081281600
119.19,1,08:02:06.081446844
119.19,1,08:02:06.081481269
119.19,1,08:02:06.081803122
119.19,1,08:02:06.089320165
119.19,1,08:02:06.096079198
119.18,1,08:02:07.013925380
119.19,1,08:02:07.033602543
119.19,4,08:02:07.037032482
119.19,1,08:02:07.037032482
119.19,1,08:02:07.037155768
119.19,1,08:02:07.037175919
119.19,7,08:02:07.037175919
119.19,4,08:02:07.037175919
119.19,1,08:02:07.081916675
119.19,1,08:02:07.111214101
119.19,3,08:02:07.168873366
119.19,1,08:02:07.168886802
119.19,2,08:02:07.169075781
119.19,1,08:02:07.169089496
119.19,2,08:02:07.169104223
119.19,1,08:02:07.169104223
119.19,1,08:02:07.169119397
119.19,2,08:02:07.169133839
119.19,1,08:02:07.169148646
119.18,3,08:02:07.169148646
119.18,2,08:02:07.169163023
119.18,1,08:02:07.169163023
119.18,1,08:02:07.169177487
119.18,6,08:02:07.169177487
119.18,2,08:02:07.169191186
119.18,2,08:02:07.169206725
119.18,1,08:02:07.169220469
119.18,1,08:02:07.169233957
119.18,1,08:02:07.169247612
119.18,10,08:02:07.169319592
119.18,1,08:02:07.169335806
119.18,1,08:02:07.169353313
119.18,11,08:02:07.169373954
119.19,1,08:02:07.507923802
119.19,2,08:02:07.508128608
119.19,1,08:02:11.028695541
119.18,4,08:02:14.409159803
119.18,2,08:02:14.409465467
119.18,1,08:02:14.409592358
119.18,6,08:02:14.409624029
119.18,1,08:02:14.409624029
119.18,1,08:02:16.055458226
119.18,2,08:02:17.015271877
119.18,7,08:02:18.575810904
119.18,1,08:02:18.575908226
119.18,5,08:02:18.576215629
119.18,1,08:02:18.576215629
119.18,1,08:02:18.576230014
119.18,1,08:02:18.586459045
119.18,1,08:02:18.587254573
119.18,1,08:02:20.031924756
119.18,1,08:02:24.030969854
119.18,1,08:02:28.041473142
119.18,1,08:02:32.029048784
119.18,1,08:02:36.025242567
119.17,1,08:02:36.063245661
119.17,1,08:02:36.063549155
119.17,2,08:02:36.063665775
119.17,1,08:02:36.063665775
119.17,1,08:02:36.063866258
119.17,4,08:02:36.063866258
119.17,1,08:02:36.063879298
119.17,1,08:02:36.063964959
119.17,1,08:02:36.075799655
119.17,2,08:02:36.075799655
119.17,5,08:02:36.076365284
119.17,1,08:02:36.076388177
119.17,2,08:02:36.076388177
119.17,2,08:02:36.128809164
119.17,1,08:02:38.705077627
119.16,2,08:02:39.428208635
119.16,1,08:02:39.428322672
119.16,1,08:02:39.428337600
119.16,2,08:02:39.428337600
119.16,8,08:02:39.428337600
119.16,4,08:02:39.428354089
119.16,2,08:02:39.428693664
119.16,1,08:02:39.428710282
119.16,1,08:02:39.487618799
119.16,2,08:02:39.498635234
119.16,1,08:02:40.026378862
119.15,1,08:02:43.822016089
119.16,1,08:02:44.029103855
119.16,1,08:02:48.023185180
119.15,1,08:02:51.449118159
119.15,2,08:02:51.449251059
119.15,2,08:02:51.449269213
119.15,1,08:02:51.449269213
119.15,3,08:02:51.449269213
119.15,1,08:02:51.450606665
119.15,1,08:02:51.450992385
119.15,1,08:02:51.451140811
119.15,1,08:02:51.451591662
119.16,1,08:02:52.037229217
119.16,1,08:02:56.023155337
119.16,1,08:03:00.031300559
119.15,2,08:03:03.408894497
119.15,1,08:03:03.408955733
119.15,1,08:03:03.549009090
119.16,1,08:03:04.023587153
119.15,1,08:03:05.211605646
119.15,3,08:03:05.757414410
119.15,1,08:03:05.757776665
119.15,2,08:03:05.758134329
119.15,1,08:03:05.759113154
119.15,1,08:03:05.759211854
119.15,1,08:03:05.759666116
119.15,1,08:03:05.759941374
119.15,1,08:03:05.760597210
119.15,3,08:03:06.545863368
119.15,1,08:03:06.545967070
119.15,5,08:03:06.545967070
119.15,2,08:03:06.545981947
119.15,2,08:03:06.546172427
119.15,6,08:03:06.945486948
119.15,1,08:03:06.945554224
119.15,2,08:03:07.558564271
119.15,5,08:03:07.558634639
119.14,4,08:03:08.012141245
119.14,2,08:03:08.012154999
119.14,1,08:03:08.012154999
119.14,1,08:03:08.012330116
119.14,1,08:03:08.012346166
119.14,10,08:03:08.012360016
119.14,9,08:03:08.012360016
119.14,3,08:03:08.012360016
119.14,9,08:03:08.012379008
119.14,10,08:03:08.012379008
119.14,1,08:03:08.012392503
119.14,2,08:03:08.012407843
119.15,1,08:03:08.028052414
119.15,1,08:03:08.028681870
119.15,1,08:03:10.877927523
119.15,5,08:03:10.877927523
119.15,12,08:03:10.877927523
119.15,4,08:03:10.878516105
119.15,4,08:03:10.878703636
119.15,6,08:03:10.878703636
119.15,1,08:03:10.878744564
119.15,7,08:03:10.878744564
119.15,5,08:03:10.878744564
119.16,1,08:03:13.040646461
119.16,1,08:03:17.027573557
119.15,1,08:03:18.554126388
119.16,1,08:03:21.031608249
119.16,1,08:03:21.484667258
119.16,2,08:03:21.484834860
119.16,1,08:03:21.484853805
119.16,2,08:03:21.484853805
119.16,4,08:03:21.484853805
119.16,4,08:03:21.485059139
119.16,6,08:03:21.485097238
119.16,1,08:03:21.485097238
119.16,1,08:03:21.485487938
119.16,2,08:03:21.485604206
119.16,1,08:03:21.507018542
119.16,2,08:03:21.507125725
119.16,1,08:03:21.507143156
119.16,2,08:03:21.507143156
119.16,1,08:03:21.507351841
119.16,1,08:03:21.807386041
119.16,1,08:03:23.040094563
119.16,1,08:03:23.040478165
119.16,2,08:03:23.040478165
119.16,2,08:03:23.040705985
119.16,1,08:03:23.040705985
119.16,1,08:03:23.045552977
119.16,2,08:03:23.045668429
119.16,1,08:03:23.045684128
119.16,2,08:03:23.045684128
119.16,1,08:03:23.083970713
119.17,1,08:03:25.026789289
119.16,1,08:03:27.430922837
119.16,1,08:03:27.431072817
119.16,2,08:03:27.431072817
119.16,6,08:03:27.431072817
119.16,1,08:03:27.442114695
119.16,1,08:03:29.033215426
119.16,1,08:03:33.038015505
119.16,1,08:03:34.827934937
119.16,4,08:03:34.827934937
119.16,2,08:03:37.003625508
119.16,1,08:03:37.003642806
119.16,6,08:03:37.003642806
119.16,1,08:03:37.014388563
119.17,1,08:03:37.034722694
119.17,1,08:03:41.033927188
119.16,1,08:03:41.038266192
119.17,1,08:03:45.035888917
119.16,1,08:03:45.471000718
119.16,3,08:03:45.471342717
119.16,1,08:03:45.471470784
119.16,1,08:03:45.471496039
119.16,2,08:03:45.471496039
119.16,3,08:03:45.471496039
119.16,1,08:03:49.035705782
119.16,1,08:03:50.049476182
119.16,1,08:03:50.049582517
119.16,1,08:03:50.049602168
119.16,1,08:03:50.050279272
119.16,1,08:03:50.074136702
119.16,4,08:03:50.074395123
119.16,2,08:03:50.074395123
119.16,1,08:03:50.101821933
119.15,1,08:03:51.469751756
119.16,1,08:03:53.031870439
119.15,1,08:03:53.470053943
119.16,1,08:03:56.569762857
119.16,18,08:03:56.570074968
119.16,13,08:03:56.570438317
119.16,1,08:03:56.570438317
119.16,1,08:03:56.594956199
119.17,1,08:03:57.040744136
119.17,1,08:03:58.769130508
119.17,1,08:03:58.769254074
119.17,3,08:03:58.769271075
119.17,1,08:03:58.769271075
119.17,1,08:04:00.745494456
119.17,4,08:04:00.746879350
119.17,1,08:04:00.746879350
119.17,1,08:04:00.746986230
119.17,5,08:04:00.747001850
119.17,1,08:04:00.747001850
119.17,1,08:04:01.052766510
119.17,1,08:04:01.324560511
119.17,1,08:04:01.386161922
119.17,1,08:04:01.386287042
119.17,1,08:04:05.890340693
119.17,1,08:04:05.890356862
119.17,2,08:04:05.890429518
119.17,1,08:04:05.890444058
119.17,5,08:04:05.890444058
119.17,1,08:04:05.890459159
119.17,1,08:04:05.901220320
119.17,1,08:04:06.024673796
119.17,4,08:04:07.818690956
119.17,1,08:04:07.818704956
119.17,2,08:04:07.818786025
119.17,1,08:04:07.818810597
119.17,2,08:04:07.818810597
119.17,1,08:04:10.034097402
119.16,3,08:04:13.460914687
119.17,1,08:04:14.034137115
119.17,1,08:04:18.034446272
119.17,12,08:04:19.120423036
119.17,1,08:04:19.120510815
119.17,1,08:04:19.120637749
119.17,1,08:04:19.120747832
119.17,27,08:04:19.121217954
119.17,1,08:04:19.121252176
119.17,2,08:04:19.121252176
119.17,3,08:04:19.121252176
119.17,1,08:04:19.168854048
119.17,1,08:04:19.168929744
119.18,1,08:04:22.028944836
119.18,1,08:04:23.076496805
119.18,1,08:04:26.039770516
119.18,1,08:04:30.040358171
119.18,1,08:04:34.034160427
119.17,3,08:04:35.460994066
119.18,1,08:04:38.032798946
119.17,2,08:04:39.641673439
119.17,1,08:04:39.641783256
119.17,1,08:04:39.641798824
119.17,2,08:04:39.641798824
119.17,1,08:04:39.642283602
119.17,1,08:04:39.642412202
119.17,1,08:04:39.642437159
119.17,3,08:04:39.642437159
119.17,2,08:04:39.642437159
119.17,1,08:04:39.643284583
119.17,1,08:04:39.643722771
119.17,1,08:04:39.648096351
119.17,1,08:04:39.837633217
119.17,2,08:04:40.092585048
119.17,2,08:04:40.092681704
119.17,1,08:04:40.092681704
119.17,2,08:04:40.185091821
119.17,2,08:04:40.190949882
119.17,2,08:04:40.190968634
119.17,1,08:04:40.190968634
119.17,1,08:04:42.039172988
119.17,3,08:04:42.039422166
119.17,2,08:04:42.039521084
119.17,1,08:04:42.039521084
119.17,8,08:04:42.077181714
119.18,1,08:04:46.040256406
119.18,1,08:04:50.024349986
119.18,1,08:04:54.035117489
119.17,3,08:04:57.460809758
119.18,1,08:04:58.031985209
119.18,1,08:04:59.251811469
119.18,1,08:04:59.251825241
119.18,7,08:04:59.251894274
119.18,1,08:04:59.252253142
119.18,3,08:04:59.252414892
119.18,4,08:04:59.252437982
119.18,1,08:04:59.252437982
119.18,2,08:04:59.982843646
119.18,6,08:04:59.983100672
119.18,1,08:04:59.983100672
119.18,3,08:04:59.983319984
119.18,1,08:04:59.983319984
119.18,1,08:05:01.046910947
119.18,4,08:05:01.046910947
119.18,2,08:05:01.047026119
119.18,7,08:05:01.047046087
119.18,2,08:05:01.047046087
119.18,4,08:05:01.047046087
119.18,3,08:05:01.047046087
119.18,2,08:05:01.047352073
119.18,1,08:05:01.047765405
119.18,1,08:05:01.048127228
119.18,3,08:05:01.048127228
119.18,4,08:05:01.136834965
119.18,1,08:05:01.136850469
119.18,1,08:05:05.760203749
119.18,1,08:05:06.037157363
119.18,1,08:05:06.151930422
119.18,2,08:05:06.152213487
119.18,3,08:05:06.152213487
119.18,1,08:05:06.152301477
119.18,2,08:05:06.290783676
119.17,1,08:05:09.160655158
119.17,3,08:05:09.160655158
119.17,1,08:05:09.160833152
119.17,8,08:05:09.160833152
119.17,1,08:05:09.160847641
119.17,2,08:05:09.160847641
119.17,5,08:05:09.160847641
119.17,1,08:05:09.161053439
119.17,1,08:05:09.161067369
119.17,4,08:05:09.161083113
119.17,10,08:05:09.161083113
119.17,10,08:05:09.161096809
119.17,5,08:05:09.161216034
119.17,1,08:05:09.276034816
119.17,1,08:05:09.276175410
119.17,3,08:05:09.276175410
119.17,1,08:05:09.276200402
119.17,3,08:05:09.276200402
119.17,1,08:05:09.276374361
119.17,4,08:05:09.276374361
119.17,1,08:05:09.276396352
119.17,1,08:05:09.279684361
119.18,1,08:05:10.040991267
119.17,10,08:05:12.100712650
119.17,1,08:05:17.014085020
119.17,2,08:05:17.014085020
119.17,1,08:05:17.014159394
119.18,1,08:05:17.038981675
119.18,1,08:05:18.513977290
119.18,3,08:05:18.514447757
119.18,1,08:05:18.514447757
119.18,1,08:05:18.514762272
119.18,1,08:05:18.516038937
119.18,1,08:05:18.555236494
119.18,1,08:05:18.592651765
119.18,1,08:05:18.749005753
119.18,2,08:05:18.749005753
119.18,4,08:05:18.749005753
119.18,1,08:05:23.039727038
119.17,2,08:05:27.015860883
119.17,1,08:05:27.015922883
119.18,1,08:05:29.828892309
119.18,10,08:05:29.828892309
119.18,4,08:05:29.829201986
119.18,6,08:05:29.829333048
119.18,1,08:05:29.830279038
119.18,1,08:05:29.830673069
119.18,2,08:05:29.830673069
119.18,1,08:05:29.831104624
119.18,3,08:05:29.851330407
119.18,1,08:05:29.851345623
119.18,1,08:05:30.041121737
119.18,2,08:05:33.294250778
119.17,1,08:05:33.801618349
119.17,2,08:05:33.801618349
119.17,1,08:05:33.801740662
119.17,1,08:05:33.801759222
119.17,2,08:05:33.801759222
119.17,2,08:05:33.801776026
119.17,1,08:05:33.801776026
119.17,1,08:05:33.802186294
119.17,4,08:05:33.802186294
119.17,1,08:05:33.803739368
119.17,2,08:05:33.803838510
119.17,1,08:05:33.803838510
119.17,1,08:05:33.844240514
119.17,2,08:05:33.844316539
119.17,1,08:05:33.854095123
119.17,3,08:05:35.039661367
119.17,2,08:05:35.039760986
119.17,3,08:05:35.039775870
119.17,1,08:05:35.039775870
119.18,1,08:05:36.063984906
119.18,1,08:05:42.035735055
119.17,3,08:05:47.024635042
119.18,1,08:05:49.025331406
119.17,2,08:05:51.036487201
119.17,3,08:05:51.036511329
119.17,1,08:05:51.036511329
119.17,1,08:05:51.037101360
119.17,1,08:05:51.037401105
119.17,1,08:05:51.037416445
119.17,2,08:05:51.081247006
119.17,1,08:05:51.081324356
119.17,1,08:05:51.112243976
119.17,1,08:05:51.136312746
119.17,1,08:05:51.136703090
119.17,1,08:05:51.136954958
119.17,1,08:05:51.137298100
119.17,1,08:05:54.558323534
119.17,2,08:05:54.558750106
119.17,1,08:05:54.558846940
119.17,1,08:05:54.558862226
119.17,1,08:05:57.015829533
119.17,1,08:05:57.015915968
119.17,1,08:05:57.038506066
119.18,1,08:06:02.036205085
119.17,1,08:06:05.337504879
119.17,1,08:06:05.337600860
119.17,1,08:06:05.337614911
119.17,1,08:06:05.337630649
119.17,3,08:06:05.338067138
119.17,1,08:06:05.338067138
119.17,2,08:06:05.342783204
119.17,1,08:06:05.342783204
119.17,1,08:06:05.409838072
119.17,1,08:06:05.409911077
119.17,1,08:06:07.015605002
119.17,1,08:06:07.015687149
119.17,1,08:06:07.082647714
119.17,3,08:06:07.082740883
119.17,1,08:06:07.082755657
119.17,3,08:06:07.082755657
119.17,2,08:06:07.082781002
119.17,1,08:06:08.066736000
119.17,1,08:06:08.066915273
119.16,1,08:06:12.752094163
119.16,2,08:06:12.752094163
119.16,2,08:06:12.752186238
119.16,1,08:06:12.752186238
119.17,1,08:06:15.041687308
119.16,1,08:06:17.015730462
119.16,1,08:06:17.015789642
119.17,1,08:06:21.048152022
119.17,1,08:06:22.806818331
119.17,1,08:06:23.089965781
119.17,2,08:06:23.090110213
119.17,1,08:06:23.090213925
119.17,1,08:06:23.090625832
119.17,1,08:06:23.090821604
119.17,3,08:06:23.090821604
119.17,1,08:06:23.090861326
119.17,4,08:06:23.090861326
119.17,2,08:06:23.090861326
119.17,6,08:06:23.090861326
119.17,4,08:06:26.002438598
119.17,1,08:06:26.002438598
119.17,1,08:06:26.002536659
119.17,3,08:06:26.002549946
119.17,1,08:06:26.002566301
119.17,2,08:06:26.016694816
119.17,4,08:06:27.454016333
119.17,1,08:06:27.636039476
119.18,1,08:06:28.050499962
119.17,1,08:06:30.909347806
119.17,2,08:06:30.909758599
119.17,1,08:06:30.909891661
119.17,1,08:06:30.947927288
119.17,1,08:06:32.765497145
119.17,2,08:06:32.765728630
119.17,1,08:06:32.765814306
119.17,1,08:06:32.766065154
119.17,1,08:06:34.041990298
119.17,3,08:06:34.276591786
119.17,1,08:06:34.276591786
119.18,1,08:06:41.040982332
119.17,2,08:06:47.015722485
119.17,1,08:06:47.015736834
119.18,1,08:06:47.047400908
119.18,1,08:06:54.043246312
119.17,3,08:06:57.015285055
119.18,1,08:07:00.052174769
119.17,1,08:07:00.067001037
119.17,1,08:07:00.081097297
119.17,1,08:07:00.081192615
119.17,1,08:07:00.081207969
119.17,2,08:07:00.081207969
119.17,1,08:07:00.125304421
119.17,1,08:07:01.259816651
119.17,1,08:07:01.259939143
119.17,1,08:07:01.259956039
119.17,3,08:07:01.259972705
119.17,1,08:07:01.270459364
119.17,1,08:07:01.270811375
119.17,1,08:07:05.823977035
119.17,1,08:07:05.824077774
119.17,1,08:07:05.824172043
119.17,2,08:07:05.824342231
119.17,3,08:07:05.824373313
119.17,5,08:07:05.824373313
119.17,1,08:07:05.824468801
119.17,1,08:07:05.824619142
119.17,2,08:07:05.824817950
119.17,1,08:07:05.824817950
119.17,1,08:07:05.824894657
119.17,13,08:07:05.824894657
119.17,3,08:07:05.824894657
119.17,1,08:07:05.834690578
119.17,1,08:07:05.851228773
119.18,1,08:07:06.037664008
119.18,1,08:07:13.040151290
119.17,2,08:07:17.015819130
119.17,1,08:07:17.015896598
119.18,1,08:07:18.387418955
119.18,1,08:07:18.387445457
119.18,1,08:07:18.387998972
119.18,1,08:07:18.388015330
119.18,1,08:07:18.388028953
119.18,5,08:07:18.388042624
119.18,2,08:07:18.388088083
119.18,2,08:07:18.388103395
119.18,1,08:07:18.388116960
119.18,2,08:07:18.388137219
119.18,1,08:07:18.388153114
119.18,1,08:07:18.388174490
119.18,1,08:07:18.388204391
119.18,13,08:07:18.388229555
119.18,10,08:07:18.388243072
119.18,2,08:07:18.388256717
119.18,12,08:07:18.388271770
119.18,2,08:07:18.388291412
119.18,2,08:07:18.388733654
119.18,1,08:07:18.388783395
119.18,15,08:07:18.388895109
119.18,10,08:07:18.388916402
119.18,5,08:07:18.431023961
119.18,3,08:07:18.431131814
119.18,1,08:07:18.431146838
119.18,2,08:07:18.431146838
119.18,1,08:07:18.432204271
119.18,1,08:07:18.432219672
119.18,1,08:07:18.500668829
119.19,1,08:07:19.052323406
119.18,2,08:07:20.150075281
119.18,3,08:07:20.150203691
119.18,1,08:07:20.150203691
119.18,1,08:07:20.150224884
119.18,3,08:07:21.903286041
119.18,1,08:07:21.903299551
119.18,10,08:07:21.903446850
119.18,2,08:07:21.903461756
119.18,1,08:07:21.903461756
119.18,3,08:07:21.903461756
119.18,1,08:07:21.903732655
119.18,1,08:07:21.903747096
119.18,4,08:07:21.903747096
119.18,3,08:07:21.903842497
119.18,19,08:07:21.903874340
119.18,3,08:07:21.903874340
119.18,1,08:07:21.913900361
119.19,1,08:07:26.048748658
119.18,17,08:07:31.721441530
119.18,1,08:07:31.721849251
119.18,2,08:07:31.721978686
119.18,1,08:07:31.721978686
119.18,25,08:07:31.721978686
119.18,1,08:07:31.721993963
119.18,1,08:07:31.732680655
119.18,1,08:07:31.732855577
119.18,2,08:07:31.755399688
119.18,1,08:07:31.767469498
119.18,1,08:07:31.767549522
119.18,1,08:07:31.767648539
119.18,1,08:07:32.050676534
119.18,7,08:07:34.908599042
119.18,1,08:07:34.908599042
119.18,4,08:07:34.908893669
119.18,2,08:07:34.908984232
119.18,2,08:07:34.909002945
119.18,2,08:07:35.042538541
119.19,1,08:07:39.051214379
119.19,1,08:07:45.051183502
119.18,2,08:07:47.015503433
119.18,1,08:07:47.015570553
119.19,1,08:07:52.026697444
119.19,1,08:07:56.859329371
119.19,1,08:07:56.859459741
119.19,1,08:07:56.859478103
119.19,1,08:07:56.859504660
119.19,3,08:07:56.859504660
119.19,1,08:07:56.868071947
119.19,1,08:07:56.873478199
119.2,1,08:07:57.299199887
119.2,1,08:07:57.299279851
119.2,1,08:07:57.299297282
119.2,1,08:07:57.299442495
119.2,5,08:07:57.299442495
119.2,2,08:07:57.299459432
119.2,1,08:07:58.046179662
119.19,2,08:08:04.269751744
119.19,1,08:08:04.269769030
119.19,1,08:08:04.270158243
119.19,1,08:08:04.270348156
119.19,1,08:08:04.270365680
119.19,1,08:08:04.270383075
119.19,1,08:08:04.270400342
119.19,2,08:08:04.270421647
119.19,1,08:08:04.287626419
119.19,4,08:08:04.341070905
119.19,1,08:08:04.341164860
119.19,1,08:08:04.434145393
119.19,1,08:08:04.738255627
119.19,2,08:08:04.738328513
119.19,1,08:08:04.738497979
119.19,8,08:08:04.739020941
119.19,1,08:08:11.720099609
119.19,2,08:08:19.644201964
119.19,1,08:08:19.644301717
119.19,1,08:08:19.644317442
119.19,1,08:08:19.644511471
119.19,2,08:08:19.656072059
119.19,1,08:08:19.656090157
119.18,1,08:08:21.062124037
119.18,1,08:08:21.062260481
119.18,1,08:08:21.062285640
119.18,2,08:08:21.062285640
119.18,12,08:08:21.062919495
119.18,2,08:08:21.065202262
119.18,1,08:08:21.108756910
119.18,1,08:08:21.139587240
119.18,1,08:08:21.140052216
119.18,1,08:08:21.140141162
119.18,2,08:08:21.576928481
119.18,1,08:08:21.577023963
119.18,1,08:08:21.577039195
119.18,2,08:08:21.577039195
119.18,1,08:08:22.729546181
119.18,2,08:08:22.729628349
119.18,2,08:08:22.741917956
119.18,1,08:08:22.741993661
119.18,1,08:08:24.053343736
119.18,2,08:08:24.416836211
119.18,1,08:08:24.416933411
119.18,1,08:08:24.416953398
119.18,1,08:08:25.836025393
119.18,1,08:08:26.153522649
119.18,2,08:08:26.153603773
119.18,1,08:08:26.153603773
119.18,1,08:08:26.153791404
119.19,1,08:08:30.056809921
119.18,1,08:08:31.107647479
119.18,2,08:08:31.107662218
119.18,1,08:08:31.107947325
119.18,1,08:08:31.108045820
119.18,1,08:08:31.108063497
119.18,2,08:08:31.125561225
119.18,1,08:08:31.125561225
119.18,2,08:08:31.125642012
119.18,1,08:08:31.125880995
119.18,1,08:08:31.125985888
119.18,1,08:08:34.847693739
119.18,2,08:08:34.847693739
119.19,1,08:08:37.053513497
119.19,1,08:08:39.304667391
119.19,1,08:08:39.304681487
119.19,4,08:08:39.304814975
119.19,1,08:08:39.304841993
119.19,2,08:08:39.304841993
119.19,15,08:08:39.304841993
119.19,1,08:08:39.769975789
119.19,1,08:08:40.114980953
119.19,1,08:08:42.246202346
119.19,7,08:08:42.246536221
119.19,1,08:08:42.246793680
119.19,1,08:08:42.246903357
119.19,1,08:08:46.038663084
119.2,1,08:08:50.055003530
119.2,1,08:08:50.697114934
119.2,1,08:08:50.697206062
119.2,1,08:08:50.697549863
119.2,3,08:08:50.697565671
119.2,6,08:08:50.697565671
119.2,1,08:08:50.697565671
119.2,4,08:08:50.697723585
119.2,1,08:08:50.697738983
119.2,1,08:08:50.697847882
119.2,15,08:08:50.698357062
119.2,2,08:08:50.698902101
119.2,1,08:08:50.698926432
119.2,1,08:08:50.711189108
119.2,1,08:08:50.711289716
119.2,7,08:08:50.711305428
119.2,2,08:08:50.711305428
119.2,3,08:08:50.711305428
119.2,2,08:08:50.711720023
119.2,1,08:08:50.713043837
119.2,1,08:08:50.713140422
119.2,2,08:08:50.792257603
119.2,1,08:08:50.792339104
119.2,1,08:08:50.824198870
119.2,2,08:08:50.844307565
119.2,2,08:08:50.844402233
119.2,1,08:08:50.844587468
119.2,1,08:09:05.521723636
119.2,1,08:09:05.548146099
119.2,1,08:09:05.562095453
119.2,1,08:09:05.562286364
119.2,1,08:09:05.562299372
119.2,1,08:09:05.562314560
119.2,2,08:09:05.562314560
119.2,1,08:09:05.562331024
119.2,1,08:09:05.562739497
119.2,2,08:09:05.562769702
119.2,2,08:09:05.563042953
119.2,1,08:09:05.629403539
119.2,1,08:09:07.737304548
119.2,2,08:09:07.737389702
119.2,1,08:09:07.737405271
119.2,1,08:09:11.116229215
119.2,1,08:09:11.116340310
119.2,1,08:09:11.116355417
119.2,1,08:09:11.164363190
119.2,2,08:09:13.300985092
119.2,1,08:09:13.301095185
119.2,1,08:09:13.301349501
119.2,2,08:09:13.313953070
119.2,1,08:09:13.314035502
119.2,1,08:09:13.315706995
119.2,1,08:09:13.315798150
119.2,1,08:09:13.315816784
119.2,2,08:09:13.316250697
119.2,1,08:09:16.024758226
119.2,1,08:09:16.055175827
119.2,16,08:09:16.055364931
119.2,9,08:09:16.055688604
119.2,2,08:09:18.076625945
119.2,4,08:09:18.076625945
119.2,3,08:09:18.076899648
119.2,2,08:09:18.076986777
119.2,1,08:09:19.047753607
119.2,1,08:09:19.047856621
119.2,2,08:09:19.047856621
119.2,3,08:09:19.047876116
119.2,1,08:09:19.066645372
119.2,2,08:09:19.066744303
119.2,1,08:09:19.066744303
119.2,1,08:09:19.066759842
119.2,2,08:09:19.077840159
119.2,1,08:09:19.078207317
119.19,2,08:09:19.217088124
119.2,1,08:09:19.218828260
119.2,1,08:09:20.124046647
119.2,1,08:09:20.674827312
119.2,1,08:09:21.676455344
119.2,5,08:09:21.676604394
119.2,2,08:09:21.676623226
119.19,2,08:09:21.676623226
119.2,1,08:09:21.676623226
119.19,1,08:09:21.676645050
119.19,11,08:09:21.676871077
119.19,1,08:09:21.676871077
119.19,5,08:09:21.676884639
119.19,1,08:09:21.676898440
119.19,4,08:09:21.677017686
119.19,9,08:09:21.677031696
119.19,1,08:09:21.677031696
119.19,1,08:09:21.677053373
119.2,1,08:09:22.025804560
119.2,1,08:09:22.026051872
119.2,1,08:09:22.026290412
119.2,2,08:09:22.026309145
119.2,4,08:09:22.554707320
119.2,9,08:09:22.554707320
119.2,2,08:09:22.554813452
119.2,1,08:09:22.554813452
119.2,1,08:09:22.554829070
119.2,2,08:09:22.554829070
119.19,4,08:09:27.246714318
119.19,11,08:09:27.246863780
119.19,2,08:09:27.246878644
119.19,4,08:09:27.246878644
119.19,7,08:09:27.246878644
119.19,2,08:09:27.247078627
119.19,7,08:09:27.247093710
119.19,1,08:09:27.247093710
119.19,3,08:09:27.247093710
119.19,2,08:09:27.247093710
119.19,4,08:09:27.247093710
119.19,1,08:09:27.247290816
119.2,1,08:09:29.026653873
119.2,1,08:09:29.027820161
119.2,1,08:09:29.428540281
119.2,2,08:09:29.428540281
119.2,4,08:09:29.428970830
119.2,1,08:09:29.488199702
119.2,1,08:09:29.488428175
119.2,1,08:09:29.488512502
119.2,3,08:09:29.629774869
119.2,2,08:09:29.630307854
119.2,1,08:09:31.925392881
119.2,2,08:09:32.826528551
119.2,1,08:09:32.826607997
119.2,1,08:09:32.965953814
119.2,2,08:09:32.965953814
119.2,1,08:09:35.030650369
119.2,1,08:09:40.758012867
119.2,1,08:09:40.758031503
119.2,1,08:09:40.758129913
119.2,1,08:09:40.758147980
119.2,1,08:09:40.759571077
119.2,2,08:09:40.777784314
119.2,1,08:09:40.800252108
119.2,2,08:09:41.345874248
119.2,1,08:09:42.029926311
119.2,1,08:09:48.026328877
119.19,1,08:09:51.522422437
119.19,1,08:09:51.522518942
119.19,4,08:09:51.522533108
119.19,2,08:09:51.523801092
119.19,1,08:09:51.524181212
119.19,3,08:09:51.524196512
119.19,1,08:09:51.524324307
119.19,1,08:09:51.524341926
119.19,1,08:09:51.524465788
119.19,1,08:09:51.524639830
119.19,1,08:09:51.524944638
119.19,1,08:09:51.593089847
119.2,1,08:09:54.028927290
119.19,4,08:09:56.540288182
119.19,2,08:09:56.540305695
119.19,1,08:09:59.623631885
119.19,1,08:09:59.623716692
119.19,1,08:09:59.658953049
119.19,1,08:10:00.314093815
119.19,4,08:10:00.314163945
119.18,1,08:10:00.391595469
119.18,1,08:10:00.397948493
119.18,2,08:10:00.398094896
119.18,1,08:10:00.398116202
119.18,1,08:10:00.398136141
119.18,1,08:10:00.524583936
119.18,2,08:10:00.525217590
119.19,1,08:10:01.024030545
119.18,4,08:10:01.164085561
119.18,2,08:10:01.164174338
119.18,1,08:10:01.164194645
119.18,1,08:10:01.202247277
119.19,1,08:10:07.024628466
119.18,1,08:10:09.329738768
119.19,1,08:10:14.028196281
119.19,1,08:10:20.027381308
119.18,1,08:10:21.036906983
119.19,1,08:10:26.032596550
119.18,1,08:10:26.333541530
119.18,2,08:10:30.287498077
119.18,1,08:10:31.563503205
119.19,1,08:10:32.034470796
119.19,1,08:10:39.035675724
119.18,1,08:10:43.037976989
119.18,1,08:10:44.925433971
119.19,1,08:10:45.035971660
119.19,1,08:10:51.028395991
119.19,2,08:10:53.905963208
119.19,1,08:10:53.906465390
119.19,2,08:10:53.906465390
119.19,3,08:10:53.906480081
119.19,3,08:10:53.906726061
119.19,5,08:10:53.906758260
119.19,10,08:10:53.906758260
119.19,1,08:10:53.906758260
119.19,1,08:10:53.906771533
119.19,1,08:10:53.906909952
119.19,8,08:10:53.906923597
119.19,2,08:10:53.906938010
119.19,1,08:10:53.907219228
119.19,2,08:10:53.907439728
119.19,9,08:10:53.907473562
119.19,1,08:10:53.907473562
119.19,1,08:10:53.907490407
119.19,9,08:10:53.907541840
119.19,3,08:10:53.928106753
119.19,1,08:10:53.928280266
119.19,2,08:10:53.928294727
119.19,1,08:10:53.947920206
119.18,1,08:10:54.016231924
119.19,1,08:10:55.881152907
119.19,1,08:10:58.032667143
119.19,1,08:11:04.031009588
119.18,1,08:11:06.015678011
119.18,1,08:11:07.521346006
119.18,1,08:11:07.521433605
119.18,2,08:11:07.521450578
119.18,2,08:11:07.535812600
119.18,1,08:11:07.535829026
119.18,2,08:11:07.554296450
119.18,1,08:11:07.554310059
119.18,1,08:11:07.554406952
119.18,1,08:11:07.554430968
119.18,1,08:11:10.035406817
119.17,4,08:11:11.877093686
119.18,1,08:11:16.026302190
119.17,1,08:11:19.016093919
119.18,1,08:11:23.032843613
119.18,1,08:11:29.020485320
119.17,1,08:11:32.016589551
119.18,1,08:11:35.026141798
119.18,1,08:11:42.026461616
119.17,1,08:11:45.015337486
119.18,1,08:11:48.038792628
119.17,1,08:11:49.802257210
119.18,1,08:11:52.511510575
119.18,1,08:11:54.030010113
119.17,2,08:11:56.342157895
119.17,1,08:11:58.016282598
119.18,1,08:12:01.042375754
119.18,1,08:12:07.040561446
119.18,1,08:12:08.402163490
119.18,1,08:12:08.402178128
119.18,1,08:12:08.402295890
119.18,1,08:12:08.402515268
119.18,2,08:12:08.402515268
119.18,11,08:12:08.402515268
119.18,3,08:12:08.402531285
119.18,1,08:12:08.402531285
119.18,3,08:12:08.402611108
119.18,2,08:12:08.402636996
119.18,1,08:12:08.402636996
119.18,1,08:12:08.403052519
119.18,1,08:12:08.403166971
119.18,4,08:12:08.403288413
119.18,1,08:12:08.403288413
119.18,2,08:12:08.403302039
119.18,1,08:12:08.403302039
119.18,3,08:12:08.403319056
119.18,1,08:12:08.403520187
119.18,1,08:12:08.422027786
119.18,1,08:12:08.422117190
119.18,1,08:12:08.422502790
119.18,3,08:12:08.431667067
119.18,1,08:12:08.431784206
119.18,1,08:12:08.431805057
119.18,1,08:12:08.454963837
119.18,3,08:12:08.468617851
119.18,2,08:12:08.469172055
119.18,1,08:12:08.469300839
119.18,2,08:12:08.496086790
119.19,1,08:12:13.027396943
119.19,1,08:12:19.032011238
119.18,1,08:12:23.015872065
119.19,1,08:12:26.022476891
119.18,1,08:12:31.856441609
119.18,1,08:12:31.856531051
119.18,3,08:12:31.856531051
119.18,1,08:12:31.856719237
119.18,1,08:12:31.891328204
119.18,1,08:12:31.891426442
119.18,1,08:12:31.891444970
119.18,2,08:12:32.023099857
119.18,1,08:12:32.023319760
119.18,1,08:12:32.025511221
119.18,1,08:12:32.060598013
119.18,1,08:12:32.060698483
119.18,3,08:12:32.060718048
119.18,1,08:12:32.060718048
119.18,7,08:12:32.060962291
119.18,1,08:12:32.062821816
119.19,1,08:12:32.176410862
119.18,1,08:12:35.016354934
119.19,1,08:12:38.033214783
119.19,1,08:12:45.033064933
119.18,1,08:12:47.016058340
119.18,2,08:12:49.447047501
119.18,3,08:12:49.447061468
119.18,1,08:12:49.447206502
119.18,1,08:12:49.447221296
119.18,2,08:12:49.447221296
119.18,1,08:12:49.447468079
119.18,1,08:12:49.447501312
119.18,7,08:12:49.447501312
119.18,2,08:12:49.447651153
119.19,1,08:12:51.026970260
119.19,1,08:12:55.212683681
119.19,1,08:12:57.030929589
119.18,1,08:12:59.016080189
119.19,1,08:13:00.050648017
119.19,1,08:13:00.050752449
119.19,1,08:13:00.051006138
119.19,1,08:13:00.051161508
119.19,7,08:13:00.051186347
119.19,1,08:13:00.051186347
119.19,7,08:13:00.051205194
119.19,3,08:13:00.084495969
119.19,1,08:13:00.211266563
119.19,2,08:13:00.211499776
119.19,1,08:13:00.211636982
119.19,1,08:13:00.269390750
119.19,4,08:13:00.269704887
119.19,1,08:13:00.269841507
119.19,1,08:13:00.269860271
119.19,2,08:13:00.269860271
119.19,2,08:13:00.270278137
119.2,1,08:13:04.014115161
119.19,1,08:13:11.016422978
119.2,1,08:13:12.013974485
119.19,5,08:13:12.698094779
119.19,1,08:13:12.698094779
119.19,3,08:13:12.698269397
119.19,2,08:13:12.698284191
119.19,1,08:13:12.698284191
119.19,2,08:13:12.698501538
119.19,5,08:13:12.698517752
119.19,4,08:13:12.698517752
119.19,8,08:13:12.698517752
119.19,1,08:13:12.698517752
119.19,1,08:13:12.698632321
119.19,8,08:13:12.698658349
119.19,2,08:13:12.698658349
119.19,5,08:13:12.698658349
119.19,10,08:13:12.698933576
119.19,7,08:13:12.698947746
119.19,2,08:13:12.698947746
119.19,1,08:13:12.698961374
119.19,1,08:13:12.698979390
119.19,1,08:13:12.700109530
119.19,2,08:13:12.700218301
119.19,5,08:13:12.700235073
119.19,1,08:13:12.700235073
119.19,9,08:13:12.702607742
119.19,3,08:13:12.702719911
119.19,1,08:13:12.702741169
119.19,1,08:13:12.733982789
119.19,1,08:13:12.879943208
119.19,1,08:13:16.025225092
119.19,1,08:13:22.031840356
119.18,1,08:13:23.016153950
119.19,1,08:13:29.038217098
119.19,3,08:13:34.815411858
119.19,2,08:13:34.815659735
119.19,1,08:13:34.815659735
119.19,6,08:13:34.815659735
119.19,2,08:13:34.815798999
119.19,4,08:13:34.815798999
119.19,1,08:13:34.816109214
119.19,17,08:13:34.816109214
119.19,1,08:13:34.816136750
119.19,1,08:13:34.860128369
119.2,1,08:13:35.032997242
119.2,1,08:13:40.964727663
119.2,1,08:13:41.032115207
119.19,1,08:13:47.016070454
119.2,1,08:13:48.036309510
119.2,1,08:13:48.563481638
119.2,1,08:13:48.563615225
119.2,3,08:13:48.563633001
119.2,1,08:13:48.563633001
119.2,3,08:13:48.563649564
119.2,1,08:13:48.564244412
119.2,1,08:13:48.691729949
119.21,1,08:13:54.032617730
119.2,1,08:13:59.016220053
119.21,1,08:14:00.036503331
119.2,3,08:14:00.084127285
119.2,1,08:14:00.084198968
119.2,1,08:14:00.134718347
119.21,1,08:14:07.034085264
119.2,1,08:14:07.391557760
119.2,1,08:14:07.391576471
119.2,3,08:14:07.391576471
119.2,1,08:14:07.391819903
119.2,2,08:14:07.391819903
119.2,1,08:14:07.391949068
119.2,1,08:14:07.402415907
119.2,1,08:14:07.402600099
119.2,1,08:14:07.402681686
119.2,1,08:14:07.533681291
119.2,1,08:14:10.302766992
119.2,1,08:14:10.302845936
119.2,1,08:14:10.303108077
119.19,1,08:14:10.904398227
119.19,1,08:14:11.015380663
119.2,1,08:14:13.033632033
119.2,13,08:14:13.033989828
119.2,1,08:14:13.034134768
119.2,1,08:14:13.034155920
119.2,2,08:14:13.034155920
119.2,1,08:14:13.221035148
119.2,1,08:14:19.022943180
119.2,1,08:14:19.023150642
119.2,1,08:14:23.436510917
119.2,1,08:14:25.036551530
119.2,1,08:14:25.947363380
119.2,2,08:14:25.947525910
119.2,1,08:14:25.947539120
119.2,1,08:14:25.947553120
119.2,1,08:14:25.947567020
119.2,3,08:14:25.947587363
119.2,1,08:14:25.947616042
119.2,2,08:14:25.957661357
119.21,8,08:14:26.023157717
119.2,1,08:14:26.115315028
119.21,1,08:14:32.038912227
119.21,1,08:14:38.035543027
119.2,1,08:14:41.905202188
119.2,1,08:14:41.905292764
119.2,1,08:14:41.905375772
119.2,5,08:14:41.905675435
119.2,1,08:14:41.905675435
119.2,1,08:14:41.905773467
119.2,1,08:14:41.905934154
119.2,1,08:14:41.905959182
119.2,2,08:14:41.905959182
119.2,1,08:14:41.915872322
119.2,1,08:14:41.916098171
119.2,1,08:14:41.916194631
119.2,1,08:14:41.922969608
119.2,1,08:14:41.923078638
119.2,1,08:14:41.943875215
119.2,1,08:14:42.071488478
119.2,1,08:14:43.044619966
119.21,1,08:14:44.027323996
119.2,1,08:14:47.391981272
119.2,1,08:14:47.392079105
119.2,1,08:14:47.392094120
119.2,1,08:14:47.426929368
119.2,1,08:14:47.521433109
119.2,1,08:14:47.521517175
119.2,1,08:14:51.031906110
119.2,3,08:14:51.941166826
119.2,2,08:14:51.941278310
119.2,3,08:14:51.941297155
119.2,1,08:14:51.941505797
119.2,1,08:14:51.941630342
119.2,2,08:14:51.961838532
119.2,1,08:14:51.962371673
119.2,4,08:14:52.254727398
119.2,1,08:14:57.029343705
119.2,1,08:15:00.114332644
119.2,1,08:15:00.114427459
119.2,1,08:15:00.114442314
119.2,1,08:15:00.115406348
119.2,1,08:15:00.115422111
119.2,1,08:15:00.115526764
119.2,3,08:15:00.115543734
119.2,1,08:15:00.115543734
119.19,3,08:15:02.874595870
119.19,4,08:15:02.875026941
119.19,1,08:15:02.875907510
119.19,1,08:15:02.875929215
119.19,10,08:15:02.875929215
119.19,2,08:15:02.875929215
119.19,4,08:15:02.875929215
119.19,1,08:15:02.875947197
119.19,7,08:15:02.875947197
119.19,3,08:15:02.875947197
119.19,2,08:15:02.875947197
119.19,1,08:15:02.875960262
119.19,1,08:15:02.876309014
119.18,2,08:15:02.881164391
119.18,1,08:15:02.881164391
119.18,2,08:15:02.881178673
119.18,7,08:15:02.882057235
119.18,3,08:15:02.882057235
119.18,2,08:15:02.882057235
119.18,1,08:15:02.882175705
119.18,2,08:15:02.882175705
119.18,2,08:15:02.882577926
119.18,3,08:15:02.882577926
119.18,1,08:15:02.882925289
119.18,1,08:15:02.882942783
119.19,1,08:15:02.886554984
119.19,1,08:15:02.886902905
119.18,1,08:15:02.902603102
119.18,3,08:15:02.902713872
119.18,1,08:15:02.902713872
119.18,1,08:15:02.902820726
119.18,1,08:15:03.026298021
119.18,1,08:15:03.052880947
119.18,1,08:15:03.116884974
119.18,1,08:15:04.321976628
119.18,2,08:15:04.322054007
119.18,1,08:15:05.031794437
119.18,1,08:15:05.536407571
119.18,3,08:15:08.389377731
119.18,2,08:15:08.389377731
119.18,2,08:15:08.389448320
119.18,1,08:15:08.389448320
119.18,1,08:15:10.572091466
119.18,1,08:15:10.695723421
119.18,1,08:15:11.119436452
119.18,2,08:15:11.292807518
119.18,1,08:15:11.292894527
119.18,2,08:15:17.645098683
119.18,1,08:15:17.645098683
119.18,1,08:15:17.645191064
119.18,2,08:15:17.961667956
119.18,1,08:15:17.961744378
119.18,1,08:15:20.036919277
119.17,1,08:15:20.220828297
119.18,1,08:15:24.317926163
119.18,1,08:15:24.318184471
119.18,1,08:15:24.318302160
119.18,1,08:15:24.318325002
119.19,1,08:15:25.029576401
119.18,1,08:15:30.234234838
119.18,1,08:15:30.283189393
119.19,1,08:15:31.026305124
119.18,3,08:15:35.291285965
119.18,1,08:15:35.291285965
119.18,1,08:15:35.291381934
119.18,1,08:15:36.398041819
119.18,1,08:15:36.398144915
119.18,1,08:15:36.398170083
119.17,1,08:15:39.571001436
119.17,1,08:15:39.571024956
119.17,2,08:15:39.571024956
119.17,7,08:15:39.571024956
119.17,1,08:15:39.571042070
119.17,1,08:15:39.571403598
119.17,7,08:15:39.572082564
119.17,2,08:15:39.572111357
119.17,1,08:15:39.572125507
119.17,2,08:15:39.572140721
119.17,3,08:15:39.572158901
119.17,1,08:15:39.572947868
119.17,1,08:15:39.745595855
119.17,1,08:15:40.224666623
119.17,2,08:15:40.224666623
119.16,1,08:15:41.230659231
119.17,1,08:15:42.026059831
119.17,3,08:15:44.220240131
119.17,2,08:15:44.220254986
119.17,1,08:15:44.220268189
119.17,1,08:15:44.220389430
119.17,1,08:15:44.220407069
119.17,1,08:15:44.220573596
119.17,6,08:15:44.220573596
119.17,1,08:15:44.220807334
119.17,1,08:15:44.220833567
119.17,2,08:15:44.220848556
119.17,8,08:15:44.220958233
119.17,1,08:15:44.381700789
119.17,3,08:15:46.120399509
119.17,1,08:15:46.120413429
119.17,1,08:15:46.120501054
119.17,1,08:15:46.120518632
119.18,1,08:15:48.031792069
119.18,1,08:15:53.026239451
119.18,1,08:15:59.028503211
119.17,1,08:16:00.224438336
119.18,1,08:16:03.109273018
119.18,1,08:16:03.109419642
119.18,1,08:16:03.109434679
119.18,4,08:16:03.109664237
119.18,15,08:16:03.109786291
119.18,1,08:16:03.109786291
119.18,1,08:16:03.110110400
119.18,2,08:16:03.110247055
119.18,1,08:16:03.110247055
119.18,1,08:16:03.110637900
119.18,1,08:16:03.110855416
119.18,1,08:16:03.111264993
119.18,1,08:16:03.111578427
119.18,1,08:16:03.113546028
119.18,1,08:16:03.113879272
119.18,2,08:16:03.113879272
119.18,1,08:16:03.114281227
119.18,7,08:16:03.114573224
119.18,1,08:16:03.114573224
119.18,1,08:16:03.114765889
119.18,2,08:16:03.135710714
119.18,1,08:16:03.156894422
119.18,1,08:16:03.164827333
119.19,1,08:16:04.031033099
119.19,1,08:16:10.029024147
119.19,12,08:16:10.298604823
119.19,2,08:16:10.298604823
119.19,2,08:16:10.298685739
119.19,5,08:16:10.298700229
119.19,4,08:16:10.298700229
119.19,2,08:16:10.801704880
119.19,1,08:16:10.801724841
119.19,4,08:16:10.801724841
119.19,1,08:16:10.801739843
119.19,2,08:16:10.802073515
119.19,1,08:16:10.802096898
119.19,4,08:16:10.802096898
119.19,2,08:16:10.802222211
119.19,2,08:16:10.802365154
119.19,1,08:16:10.821717081
119.19,1,08:16:10.821976109
119.19,1,08:16:10.849654419
119.19,2,08:16:11.239598726
119.19,3,08:16:11.239698127
119.19,4,08:16:11.239716287
119.19,1,08:16:11.239716287
119.2,2,08:16:11.618053342
119.2,1,08:16:11.618066666
119.2,11,08:16:11.618153088
119.2,1,08:16:11.618167034
119.2,10,08:16:11.618167034
119.2,1,08:16:16.034464174
119.19,2,08:16:20.150781226
119.19,13,08:16:20.151208375
119.19,2,08:16:20.151222275
119.19,1,08:16:20.151367334
119.19,1,08:16:20.151382627
119.19,2,08:16:20.151382627
119.19,1,08:16:20.151443820
119.19,1,08:16:20.162220409
119.19,1,08:16:21.035040078
119.19,2,08:16:21.146911639
119.19,1,08:16:21.147009143
119.19,1,08:16:21.147024887
119.19,4,08:16:21.147024887
119.19,1,08:16:21.164399165
119.19,1,08:16:21.164495719
119.19,2,08:16:21.164514259
119.19,1,08:16:21.164514259
119.19,2,08:16:21.164765347
119.18,1,08:16:23.897570615
119.18,2,08:16:25.844505323
119.18,1,08:16:25.844518724
119.18,2,08:16:25.844630347
119.18,1,08:16:25.844630347
119.18,1,08:16:25.844646576
119.18,1,08:16:25.845280323
119.18,1,08:16:25.855403668
119.18,1,08:16:25.855645159
119.18,1,08:16:25.858410205
119.18,1,08:16:25.876967611
119.18,3,08:16:25.883087517
119.18,1,08:16:26.046229893
119.18,1,08:16:26.046335589
119.18,2,08:16:26.046335589
119.18,1,08:16:26.046358943
119.18,2,08:16:26.046524226
119.18,4,08:16:26.046909243
119.18,1,08:16:26.047943383
119.18,1,08:16:30.056743888
119.18,2,08:16:30.056743888
119.18,2,08:16:30.129634653
119.18,1,08:16:30.129634653
119.18,9,08:16:30.130004295
119.18,1,08:16:30.130004295
119.18,1,08:16:30.130381062
119.18,2,08:16:30.363531462
119.18,2,08:16:30.363546912
119.18,1,08:16:30.363546912
119.19,1,08:16:32.031078232
119.18,1,08:16:37.103290464
119.18,3,08:16:37.103304031
119.18,1,08:16:37.103408685
119.18,2,08:16:37.103408685
119.18,1,08:16:37.103427577
119.18,2,08:16:37.103427577
119.18,1,08:16:38.032651263
119.18,1,08:16:44.033759074
119.18,1,08:16:46.397138557
119.18,1,08:16:46.397247481
119.18,9,08:16:46.397536643
119.18,1,08:16:46.397536643
119.18,2,08:16:46.397729543
119.18,1,08:16:46.397845910
119.18,3,08:16:46.404374084
119.18,1,08:16:46.432662496
119.18,1,08:16:46.433118296
119.18,1,08:16:46.497101562
119.18,1,08:16:48.311534795
119.18,2,08:16:48.311651429
119.18,1,08:16:48.311668680
119.18,2,08:16:48.311668680
119.18,1,08:16:48.311684610
119.18,1,08:16:48.322244920
119.18,1,08:16:48.322453832
119.18,1,08:16:49.025728274
119.18,1,08:16:55.036901979
119.18,1,08:17:00.027502298
119.18,1,08:17:01.005149412
119.18,1,08:17:01.005326274
119.18,2,08:17:01.005326274
119.18,2,08:17:01.005340437
119.18,1,08:17:01.005340437
119.18,1,08:17:01.005513592
119.18,1,08:17:01.005528472
119.18,8,08:17:01.005713198
119.18,3,08:17:01.005742492
119.18,2,08:17:03.386338778
119.19,1,08:17:06.037583699
119.19,1,08:17:12.032062809
119.18,10,08:17:16.452636723
119.18,1,08:17:16.452780506
119.18,1,08:17:16.452795472
119.18,1,08:17:16.453048928
119.18,2,08:17:16.453062672
119.18,1,08:17:16.453077021
119.18,2,08:17:16.453077021
119.18,1,08:17:16.453091552
119.18,1,08:17:16.453184896
119.18,4,08:17:16.453199917
119.18,1,08:17:16.453199917
119.18,9,08:17:16.453199917
119.18,2,08:17:16.453199917
119.18,1,08:17:16.453228070
119.18,5,08:17:16.453228070
119.18,10,08:17:16.453228070
119.18,1,08:17:16.507344753
119.19,1,08:17:17.032996254
119.18,1,08:17:18.319984235
119.18,1,08:17:18.320079095
119.18,1,08:17:18.330668967
119.18,1,08:17:18.330824644
119.18,1,08:17:18.367685692
119.18,1,08:17:18.459146536
119.18,1,08:17:18.459221768
119.18,2,08:17:18.940816188
119.18,1,08:17:18.940831109
119.18,1,08:17:18.940904197
119.18,1,08:17:22.337998435
119.18,1,08:17:22.338013798
119.18,1,08:17:22.338269906
119.18,1,08:17:22.393713266
119.18,1,08:17:22.393814904
119.18,1,08:17:23.039036470
119.18,1,08:17:23.923511520
119.18,1,08:17:25.206928373
119.18,1,08:17:28.039489807
119.17,1,08:17:30.283854325
119.17,1,08:17:30.283951507
119.17,1,08:17:30.284188460
119.17,1,08:17:30.284203033
119.17,1,08:17:30.284468563
119.17,1,08:17:30.284603957
119.17,1,08:17:30.284629945
119.17,5,08:17:30.284629945
119.17,19,08:17:30.284629945
119.17,1,08:17:30.284660870
119.17,1,08:17:30.302232909
119.17,1,08:17:30.302327273
119.17,1,08:17:30.305095485
119.17,1,08:17:30.305110959
119.17,1,08:17:30.305498524
119.18,1,08:17:34.025905818
119.18,1,08:17:40.039706144
119.17,1,08:17:44.949234644
119.18,1,08:17:45.032822633
119.17,1,08:17:45.231882996
119.17,2,08:17:45.231974183
119.17,1,08:17:45.231974183
119.17,2,08:17:47.132949128
119.17,1,08:17:47.133039883
119.17,1,08:17:47.720787839
119.17,2,08:17:47.720892703
119.17,1,08:17:47.720913747
119.17,1,08:17:47.720931638
119.17,2,08:17:47.720931638
119.17,1,08:17:47.731550829
119.17,1,08:17:47.731701971
119.17,1,08:17:50.527571503
119.17,1,08:17:50.579041970
119.18,1,08:17:51.024961076
119.17,1,08:17:55.613948858
119.18,1,08:17:56.030303142
119.17,1,08:17:56.977520548
119.17,1,08:17:56.977616008
119.17,1,08:17:56.977630933
119.17,1,08:18:00.079196757
119.17,1,08:18:00.079274296
119.18,1,08:18:02.042437538
119.18,1,08:18:07.031664409
119.17,1,08:18:08.558339027
119.17,1,08:18:08.558423541
119.17,1,08:18:08.558439827
119.17,2,08:18:08.558439827
119.17,1,08:18:10.214340387
119.17,1,08:18:10.859604366
119.17,1,08:18:10.859670609
119.18,1,08:18:13.040361246
119.18,1,08:18:19.035466649
119.18,1,08:18:19.035795823
119.18,1,08:18:19.035937103
119.18,1,08:18:19.035960939
119.18,4,08:18:19.036192539
119.18,5,08:18:19.036283090
119.18,8,08:18:19.036424018
119.18,1,08:18:19.036450514
119.18,2,08:18:19.036450514
119.18,3,08:18:19.036450514
119.18,1,08:18:19.161340442
119.18,1,08:18:19.317641623
119.19,1,08:18:24.031221772
119.18,1,08:18:24.488198722
119.18,1,08:18:24.488446734
119.18,2,08:18:24.488463141
119.18,1,08:18:24.488463141
119.18,9,08:18:24.488477633
119.18,1,08:18:24.488477633
119.18,1,08:18:24.488651582
119.18,4,08:18:24.488665608
119.18,8,08:18:24.488665608
119.18,5,08:18:24.488679140
119.18,1,08:18:24.488867409
119.18,3,08:18:24.488892315
119.18,1,08:18:24.488892315
119.18,7,08:18:24.488892315
119.19,1,08:18:30.029185894
119.19,1,08:18:35.024134831
119.19,1,08:18:41.023311327
119.18,2,08:18:42.626007609
119.18,1,08:18:42.626007609
119.18,1,08:18:42.626206214
119.18,2,08:18:42.632282567
119.18,4,08:18:42.632512516
119.18,3,08:18:42.633457878
119.18,1,08:18:42.633602300
119.18,1,08:18:42.633701083
119.18,3,08:18:42.633726168
119.18,1,08:18:42.633726168
119.18,1,08:18:42.634149632
119.18,8,08:18:42.634149632
119.18,1,08:18:42.634264108
119.18,1,08:18:42.634588446
119.18,1,08:18:42.634617089
119.18,2,08:18:42.634617089
119.18,1,08:18:42.673420069
119.18,1,08:18:47.022115333
119.18,1,08:18:52.024028473
119.18,1,08:18:58.035630366
119.18,1,08:19:03.028565555
119.18,10,08:19:03.743617131
119.18,3,08:19:03.743869176
119.18,1,08:19:03.744047954
119.18,2,08:19:03.744047954
119.18,3,08:19:03.744047954
119.18,1,08:19:03.744067093
119.18,1,08:19:03.744273598
119.18,1,08:19:03.744289029
119.18,3,08:19:03.744289029
119.18,1,08:19:03.745316587
119.18,1,08:19:03.745842394
119.18,1,08:19:03.746440220
119.18,1,08:19:03.746709855
119.18,1,08:19:03.747630194
119.18,1,08:19:03.792022753
119.18,1,08:19:05.590635130
119.18,2,08:19:05.590648944
119.18,1,08:19:05.590726259
119.18,1,08:19:05.590741905
119.18,1,08:19:05.601335274
119.18,1,08:19:05.601483888
119.18,10,08:19:05.877735762
119.18,1,08:19:05.877749454
119.18,3,08:19:05.877844276
119.18,1,08:19:05.877860500
119.18,2,08:19:05.877860500
119.18,2,08:19:05.902073456
119.19,1,08:19:09.036515450
119.19,1,08:19:09.149534183
119.19,1,08:19:09.149621863
119.19,2,08:19:09.149621863
119.19,1,08:19:12.744450051
119.19,1,08:19:12.744564045
119.19,1,08:19:12.744583751
119.2,1,08:19:15.026455139
119.2,3,08:19:15.651901265
119.2,11,08:19:15.652066730
119.2,2,08:19:15.652080170
119.2,3,08:19:15.652094743
119.2,1,08:19:15.652094743
119.2,1,08:19:15.652109306
119.2,2,08:19:15.652109306
119.2,1,08:19:15.652124433
119.2,1,08:19:15.836124166
119.2,9,08:19:15.836225895
119.2,8,08:19:15.836241489
119.2,2,08:19:15.836413469
119.2,1,08:19:15.836525082
119.2,2,08:19:15.836551505
119.2,1,08:19:15.836925689
119.2,1,08:19:20.025625548
119.2,1,08:19:26.029427883
119.19,1,08:19:28.942044832
119.19,2,08:19:28.942320265
119.19,1,08:19:28.942604299
119.19,1,08:19:28.981401703
119.19,2,08:19:28.981530215
119.19,1,08:19:28.981530215
119.19,1,08:19:28.981548906
119.19,3,08:19:28.981548906
119.19,1,08:19:29.051291527
119.19,3,08:19:29.132461133
119.19,1,08:19:31.034975364
119.19,1,08:19:37.034210296
119.19,7,08:19:40.724969575
119.19,1,08:19:40.725183501
119.19,1,08:19:43.027981947
119.19,11,08:19:44.054486598
119.19,7,08:19:44.054617075
119.19,1,08:19:44.054617075
119.19,3,08:19:44.054637276
119.19,1,08:19:44.054637276
119.19,4,08:19:44.055000930
119.19,1,08:19:44.055016108
119.19,1,08:19:44.055221314
119.19,1,08:19:44.075800513
119.19,1,08:19:44.075893478
119.19,1,08:19:44.075910522
119.19,1,08:19:44.112853454
119.19,1,08:19:44.118785193
119.19,1,08:19:44.118880082
119.19,1,08:19:48.066681634
119.19,1,08:19:48.498061476
119.19,1,08:19:48.498145926
119.18,1,08:19:51.891494511
119.18,1,08:19:51.891623942
119.18,1,08:19:51.891648524
119.18,4,08:19:51.891648524
119.18,2,08:19:51.891648524
119.18,3,08:19:51.891648524
119.18,1,08:19:51.891826687
119.18,2,08:19:51.891826687
119.18,1,08:19:51.892574023
119.18,2,08:19:51.955015502
119.18,1,08:19:51.955123342
119.18,1,08:19:51.955141253
119.18,1,08:19:52.054850929
119.18,8,08:19:52.147730279
119.18,2,08:19:52.147823532
119.18,1,08:19:52.147841573
119.18,2,08:19:52.147841573
119.18,2,08:19:52.148355966
119.18,1,08:19:52.148355966
119.18,17,08:19:53.439420650
119.18,1,08:19:56.671294832
119.18,1,08:19:56.671394899
119.18,1,08:19:56.671414662
119.18,4,08:19:56.685052682
119.18,2,08:19:56.685145399
119.19,4,08:19:57.165158510
119.19,2,08:19:57.165172273
119.19,1,08:19:57.165249512
119.19,9,08:19:58.188803740
119.19,1,08:19:59.040131782
119.18,1,08:19:59.301533163
119.18,2,08:19:59.301708690
119.18,1,08:19:59.301723240
119.18,2,08:19:59.301723240
119.18,4,08:19:59.301898197
119.18,1,08:19:59.301898197
119.18,1,08:19:59.302167192
119.17,1,08:19:59.395412428
119.19,1,08:19:59.407770740
119.19,6,08:19:59.407861639
119.18,1,08:20:00.047333702
119.18,2,08:20:00.047348057
119.19,4,08:20:00.138369849
119.19,3,08:20:00.138465830
119.19,4,08:20:00.138465830
119.19,5,08:20:00.138919670
119.19,5,08:20:00.139115096
119.19,1,08:20:00.139115096
119.19,2,08:20:00.139352610
119.19,1,08:20:00.305501580
119.19,1,08:20:00.305654588
119.19,1,08:20:00.305674668
119.19,1,08:20:00.317044133
119.19,1,08:20:00.317157784
119.19,1,08:20:00.317324321
119.19,9,08:20:00.317404350
119.19,1,08:20:00.328764293
119.19,1,08:20:00.372843595
119.19,1,08:20:00.373136192
119.19,1,08:20:00.373151546
119.19,2,08:20:00.373151546
119.19,1,08:20:00.653132637
119.2,1,08:20:01.367139915
119.2,1,08:20:01.367153985
119.2,2,08:20:01.367248759
119.2,1,08:20:01.367263022
119.2,1,08:20:01.719061323
119.2,1,08:20:01.719139825
119.19,1,08:20:03.346015425
119.2,1,08:20:04.033652871
119.19,1,08:20:04.311402408
119.2,2,08:20:04.438809190
119.2,7,08:20:05.068292441
119.2,9,08:20:05.068549548
119.2,1,08:20:05.069003554
119.2,1,08:20:05.069027749
119.2,6,08:20:05.069027749
119.2,3,08:20:05.069027749
119.2,1,08:20:05.069536177
119.2,1,08:20:05.069552753
119.2,3,08:20:05.069552753
119.2,1,08:20:05.069568277
119.2,1,08:20:05.070066785
119.2,2,08:20:05.070286186
119.2,2,08:20:05.079537294
119.2,1,08:20:05.079635234
119.2,1,08:20:05.079652511
119.2,2,08:20:05.079801135
119.2,10,08:20:05.080111854
119.2,1,08:20:05.090721186
119.2,1,08:20:05.090806507
119.2,7,08:20:05.090824561
119.2,6,08:20:05.091714033
119.2,2,08:20:05.092043667
119.2,1,08:20:05.092043667
119.2,1,08:20:05.096906262
119.2,1,08:20:05.123842661
119.2,1,08:20:05.154772867
119.2,3,08:20:05.175983521
119.2,1,08:20:05.175998122
119.2,1,08:20:05.176074919
119.21,2,08:20:05.176414378
119.21,1,08:20:05.176561699
119.21,1,08:20:05.176584647
119.21,9,08:20:05.176584647
119.21,1,08:20:05.176605457
119.21,1,08:20:05.234811377
119.21,2,08:20:05.235128601
119.21,1,08:20:05.235249683
119.21,1,08:20:05.242429031
119.21,2,08:20:05.242699498
119.21,1,08:20:05.242808803
119.21,1,08:20:05.243472380
119.21,1,08:20:05.243641654
119.21,1,08:20:05.379741682
119.21,1,08:20:05.462421803
119.21,1,08:20:05.551049948
119.21,2,08:20:05.551171925
119.21,1,08:20:05.551193145
119.21,4,08:20:05.551427318
119.21,1,08:20:05.551442767
119.21,1,08:20:05.625351852
119.21,1,08:20:05.745284085
119.21,1,08:20:05.808414283
119.21,2,08:20:05.808414283
119.21,1,08:20:05.808951947
119.21,1,08:20:05.814214448
119.21,1,08:20:06.074132808
119.21,1,08:20:06.218504906
119.21,1,08:20:06.220192961
119.21,1,08:20:06.220287727
119.21,2,08:20:06.220302917
119.21,1,08:20:06.220302917
119.21,1,08:20:06.244076977
119.21,1,08:20:06.264266559
119.21,1,08:20:06.476300847
119.21,2,08:20:06.476300847
119.21,1,08:20:06.476554811
119.21,1,08:20:06.476753942
119.22,6,08:20:08.814481981
119.22,1,08:20:08.814481981
119.21,1,08:20:10.718825054
119.21,2,08:20:10.718928491
119.21,1,08:20:10.718946011
119.21,1,08:20:10.719188414
119.21,1,08:20:10.719333697
119.21,1,08:20:10.719362897
119.21,2,08:20:10.789712035
119.21,1,08:20:10.789809306
119.21,1,08:20:10.945411315
119.21,1,08:20:10.945490893
119.21,1,08:20:10.967904710
119.22,1,08:20:13.206366922
119.22,5,08:20:13.206476944
119.22,1,08:20:13.206494668
119.22,1,08:20:13.206860690
119.22,8,08:20:13.206979126
119.22,1,08:20:13.206979126
119.22,1,08:20:13.206996134
119.23,1,08:20:13.458437168
119.23,1,08:20:15.038435083
119.22,1,08:20:15.080573333
119.22,2,08:20:15.080672965
119.22,1,08:20:15.080689174
119.22,1,08:20:15.100302133
119.22,3,08:20:15.803891323
119.22,1,08:20:17.554900231
119.22,3,08:20:18.871878248
119.22,1,08:20:18.871891742
119.22,2,08:20:18.871905409
119.22,1,08:20:18.871919131
119.22,1,08:20:18.871932497
119.22,1,08:20:18.871946190
119.22,1,08:20:18.871959687
119.22,1,08:20:18.871973073
119.22,1,08:20:18.872158155
119.21,1,08:20:18.872192856
119.21,1,08:20:18.872219173
119.21,1,08:20:18.872237938
119.21,1,08:20:18.872259186
119.21,2,08:20:18.872282274
119.21,5,08:20:18.872302440
119.21,3,08:20:18.872345870
119.21,4,08:20:18.872550033
119.21,6,08:20:18.872573761
119.21,1,08:20:18.872594273
119.21,7,08:20:18.872617435
119.21,4,08:20:18.872642836
119.21,1,08:20:18.872685556
119.21,2,08:20:18.872705604
119.21,7,08:20:18.872726397
119.21,4,08:20:18.872749408
119.21,3,08:20:18.872763559
119.21,2,08:20:18.872778919
119.21,3,08:20:18.872802259
119.21,1,08:20:18.873292042
119.21,1,08:20:18.873350302
119.21,5,08:20:18.874088455
119.21,1,08:20:18.893212390
119.21,1,08:20:18.914359877
119.21,2,08:20:18.914359877
119.21,1,08:20:18.914446876
119.21,1,08:20:18.919048432
119.21,3,08:20:18.926523222
119.21,1,08:20:18.926615315
119.22,2,08:20:18.986189660
119.22,1,08:20:19.035113860
119.21,1,08:20:19.038214370
119.21,1,08:20:20.642348543
119.21,1,08:20:20.642763765
119.21,2,08:20:20.642763765
119.21,6,08:20:20.642981176
119.21,3,08:20:20.653860571
119.21,1,08:20:20.664293193
119.21,1,08:20:20.664312546
119.21,2,08:20:20.664312546
119.21,13,08:20:20.667241453
119.21,4,08:20:20.695498724
119.21,4,08:20:20.709229832
119.21,1,08:20:21.297917996
119.21,1,08:20:21.312805282
119.21,1,08:20:21.334155691
119.21,3,08:20:21.334488991
119.21,3,08:20:21.334612328
119.21,5,08:20:21.334612328
119.21,1,08:20:21.354355268
119.21,1,08:20:21.354431345
119.21,10,08:20:21.355151704
119.21,2,08:20:21.355339388
119.21,1,08:20:21.410317238
119.21,1,08:20:21.473705192
119.21,4,08:20:21.572159094
119.21,4,08:20:22.245440821
119.21,1,08:20:22.245897204
119.21,4,08:20:22.245897204
119.21,15,08:20:22.245897204
119.21,2,08:20:22.267330549
119.21,1,08:20:22.267417678
119.21,2,08:20:22.267436439
119.21,3,08:20:22.267879566
119.21,10,08:20:22.268168586
119.21,1,08:20:22.268168586
119.21,2,08:20:22.624670652
119.21,5,08:20:22.624670652
119.21,12,08:20:22.624746431
119.21,3,08:20:23.163627332
119.21,1,08:20:23.163627332
119.21,1,08:20:23.163718091
119.21,2,08:20:23.163718091
119.22,3,08:20:23.948729399
119.22,1,08:20:23.949033044
119.22,1,08:20:23.949148410
119.22,1,08:20:23.949398209
119.22,9,08:20:23.949975274
119.22,1,08:20:23.950124150
119.22,1,08:20:23.950137705
119.22,1,08:20:23.950156592
119.22,1,08:20:23.950409263
119.22,7,08:20:23.951266034
119.23,1,08:20:23.984582638
119.23,7,08:20:23.984596693
119.23,4,08:20:23.984610254
119.23,1,08:20:23.984722114
119.23,5,08:20:23.985385560
119.23,1,08:20:23.985385560
119.23,3,08:20:23.985398395
119.23,1,08:20:23.985415992
119.23,1,08:20:23.985552491
119.23,3,08:20:23.986230113
119.23,5,08:20:23.986251898
119.23,1,08:20:24.052181400
119.23,1,08:20:24.734790048
119.23,1,08:20:24.734888323
119.23,1,08:20:25.892920509
119.23,1,08:20:25.948209197
119.24,1,08:20:26.039736975
119.24,1,08:20:26.151134422
119.24,1,08:20:30.037033826
119.24,5,08:20:31.680721599
119.24,3,08:20:31.680721599
119.24,1,08:20:31.680868592
119.24,1,08:20:31.680884924
119.24,2,08:20:31.680884924
119.24,2,08:20:31.695255427
119.24,1,08:20:31.695255427
119.24,2,08:20:31.719073462
119.24,1,08:20:31.740364627
119.24,1,08:20:31.740438234
119.24,1,08:20:31.765944308
119.24,7,08:20:31.766077568
119.24,2,08:20:31.766098627
119.24,3,08:20:31.766098627
119.24,4,08:20:31.766098627
119.24,1,08:20:31.766098627
119.24,2,08:20:31.766112653
119.24,1,08:20:31.782836310
119.24,1,08:20:31.782920908
119.24,2,08:20:31.782920908
119.25,1,08:20:31.910568075
119.24,1,08:20:31.911203621
119.24,2,08:20:33.321955820
119.24,1,08:20:33.322233663
119.24,1,08:20:34.706587227
119.24,1,08:20:35.033003867
119.24,1,08:20:35.706280338
119.24,1,08:20:35.706388126
119.24,1,08:20:35.706403537
119.24,2,08:20:35.706403537
119.24,2,08:20:35.716987350
119.24,1,08:20:35.717163568
119.25,3,08:20:37.475491615
119.25,1,08:20:38.040458847
119.25,2,08:20:38.154826968
119.25,2,08:20:38.154919451
119.25,1,08:20:38.154934203
119.25,7,08:20:38.154950168
119.25,1,08:20:38.155183582
119.25,2,08:20:38.156417229
119.25,1,08:20:38.156417229
119.25,2,08:20:38.174384785
119.25,1,08:20:38.174576894
119.25,4,08:20:38.177487595
119.25,1,08:20:38.309326236
119.25,1,08:20:38.656008536
119.25,1,08:20:38.656093579
119.25,1,08:20:38.656108629
119.25,1,08:20:40.428297327
119.25,1,08:20:40.428362251
119.25,1,08:20:42.036250292
119.25,1,08:20:46.037085781
119.25,1,08:20:49.020437858
119.25,1,08:20:51.098249475
119.25,1,08:20:51.098393686
119.25,1,08:20:51.098407964
119.25,3,08:20:51.098407964
119.25,3,08:20:51.098677074
119.25,1,08:20:51.098704700
119.25,3,08:20:51.098704700
119.25,1,08:20:51.194381398
119.25,1,08:20:51.218368070
119.25,1,08:20:51.225663785
119.25,2,08:20:51.643691539
119.25,1,08:20:51.643862300
119.25,1,08:20:51.643885205
119.24,3,08:20:51.643885205
119.24,1,08:20:51.643885205
119.24,8,08:20:51.643885205
119.24,1,08:20:51.643900175
119.24,2,08:20:51.643900175
119.24,2,08:20:51.644072251
119.24,3,08:20:51.644086049
119.24,4,08:20:51.644103409
119.24,1,08:20:51.644117367
119.24,12,08:20:51.644132670
119.24,2,08:20:51.644149950
119.24,1,08:20:51.644171458
119.25,1,08:20:52.313025710
119.25,1,08:20:53.022445239
119.25,1,08:20:57.024502939
119.25,1,08:21:01.028706690
119.25,1,08:21:02.151337459
119.25,2,08:21:03.337295950
119.24,1,08:21:04.758982229
119.25,1,08:21:05.037049106
119.25,2,08:21:05.372943720
119.25,1,08:21:05.373027682
119.25,2,08:21:05.373027682
119.25,1,08:21:05.373384894
119.25,2,08:21:05.373384894
119.25,5,08:21:05.373399278
119.25,4,08:21:05.373467739
119.25,1,08:21:05.373657051
119.25,1,08:21:05.373673892
119.25,3,08:21:05.373673892
119.25,1,08:21:05.373795342
119.25,6,08:21:05.373820961
119.25,4,08:21:05.373840110
119.25,3,08:21:05.373853575
119.25,1,08:21:05.373869041
119.25,1,08:21:05.373882478
119.25,3,08:21:05.373899751
119.25,8,08:21:05.373916065
119.25,2,08:21:05.373929946
119.25,1,08:21:05.459421268
119.25,1,08:21:05.500674636
119.25,1,08:21:06.002167404
119.25,2,08:21:06.002167404
119.25,1,08:21:06.002268220
119.25,2,08:21:06.002268220
119.25,5,08:21:06.002283784
119.25,1,08:21:06.002283784
119.25,1,08:21:06.002632504
119.25,1,08:21:06.103195570
119.25,1,08:21:06.103264606
119.26,3,08:21:08.475980014
119.26,1,08:21:09.020964708
119.26,2,08:21:11.756950781
119.26,1,08:21:11.756968828
119.26,3,08:21:11.756968828
119.26,1,08:21:11.756994668
119.26,2,08:21:11.756994668
119.26,5,08:21:11.756994668
119.26,1,08:21:11.757398042
119.26,1,08:21:11.757892786
119.26,2,08:21:11.759193176
119.26,1,08:21:11.759193176
119.26,1,08:21:11.785873260
119.26,1,08:21:11.785961278
119.26,1,08:21:11.786629499
119.26,1,08:21:12.020667932
119.26,3,08:21:13.143306276
119.26,1,08:21:13.172451983
119.26,1,08:21:13.172468921
119.26,1,08:21:13.225613578
119.26,1,08:21:13.225967175
119.26,5,08:21:13.252624171
119.26,1,08:21:13.262111235
119.26,1,08:21:16.022594495
119.25,1,08:21:17.669397393
119.25,1,08:21:17.669414136
119.25,1,08:21:17.669430827
119.25,2,08:21:17.669430827
119.25,1,08:21:17.669452875
119.25,2,08:21:17.669452875
119.25,1,08:21:17.722031278
119.25,4,08:21:17.722322578
119.25,1,08:21:17.722337852
119.25,3,08:21:17.722337852
119.24,1,08:21:17.829020356
119.24,2,08:21:17.829121645
119.24,1,08:21:17.829136775
119.24,2,08:21:17.829136775
119.24,1,08:21:17.829698954
119.24,1,08:21:17.829718499
119.24,4,08:21:17.829746052
119.24,1,08:21:17.829746052
119.24,1,08:21:17.839173327
119.24,1,08:21:17.869705174
119.24,3,08:21:17.870353902
119.24,1,08:21:18.268529869
119.24,1,08:21:18.268642332
119.24,1,08:21:18.411111319
119.24,1,08:21:18.438195873
119.24,1,08:21:18.438312449
119.24,1,08:21:18.438329233
119.24,9,08:21:18.438329233
119.24,1,08:21:18.438343976
119.24,4,08:21:18.438343976
119.25,1,08:21:20.023935318
119.24,1,08:21:20.033174391
119.24,1,08:21:20.033188440
119.24,1,08:21:20.033297143
119.24,2,08:21:20.033297143
119.24,1,08:21:20.033313076
119.24,2,08:21:20.033313076
119.25,1,08:21:20.058738700
119.24,1,08:21:20.072068983
119.24,1,08:21:20.217756366
119.24,1,08:21:22.994462892
119.24,1,08:21:22.994477660
119.25,2,08:21:23.022404790
119.25,1,08:21:24.024242704
119.24,1,08:21:26.398076401
119.25,1,08:21:28.043224993
119.24,1,08:21:30.146965841
119.24,1,08:21:30.147114055
119.24,1,08:21:30.147128858
119.24,1,08:21:30.147188992
119.24,1,08:21:30.147205297
119.24,1,08:21:31.127713730
119.24,2,08:21:31.127791155
119.24,2,08:21:31.128024085
119.24,1,08:21:31.128024085
119.24,1,08:21:31.128394668
119.24,1,08:21:31.128467843
119.24,2,08:21:31.128561999
119.24,4,08:21:31.749326387
119.24,1,08:21:31.749342553
119.25,2,08:21:31.783049468
119.24,1,08:21:32.540339758
119.24,1,08:21:32.540410674
119.24,1,08:21:34.188628194
119.24,1,08:21:34.188725685
119.24,1,08:21:34.188745909
119.24,2,08:21:34.189006718
119.24,1,08:21:34.199497306
119.24,1,08:21:34.199578167
119.24,1,08:21:34.199778198
119.24,1,08:21:34.218516958
119.24,2,08:21:34.218600068
119.25,1,08:21:34.259815828
119.24,1,08:21:37.033373689
119.24,1,08:21:37.033614735
119.24,1,08:21:37.033717506
119.24,1,08:21:37.072167349
119.24,1,08:21:37.072238044
119.25,1,08:21:39.025038268
119.25,1,08:21:39.497922737
119.25,2,08:21:39.497990470
119.25,1,08:21:39.544136939
119.25,1,08:21:43.029704870
119.25,1,08:21:43.925628921
119.25,1,08:21:43.925723538
119.25,1,08:21:43.925737935
119.25,3,08:21:43.926023755
119.25,2,08:21:43.926023755
119.25,1,08:21:43.926023755
119.25,6,08:21:43.926023755
119.25,12,08:21:43.926195101
119.25,1,08:21:43.926195101
119.25,1,08:21:43.926210014
119.25,3,08:21:43.926210014
119.25,8,08:21:43.926487166
119.25,1,08:21:43.926653893
119.25,1,08:21:43.926765019
119.25,3,08:21:43.926765019
119.25,1,08:21:43.937504779
119.26,1,08:21:43.944614646
119.26,2,08:21:43.944614646
119.25,1,08:21:43.948316352
119.25,2,08:21:43.948316352
119.26,1,08:21:45.744229961
119.26,1,08:21:45.744309288
119.26,1,08:21:47.028637901
119.26,5,08:21:49.570550624
119.26,1,08:21:50.199336914
119.26,1,08:21:50.199798818
119.26,1,08:21:50.595177943
119.26,1,08:21:50.595366054
119.26,1,08:21:50.595386726
119.26,13,08:21:50.595386726
119.26,2,08:21:50.595386726
119.26,4,08:21:50.595386726
119.26,1,08:21:50.595583552
119.26,2,08:21:50.595583552
119.26,12,08:21:50.595583552
119.26,1,08:21:50.595602189
119.26,1,08:21:50.605950354
119.26,7,08:21:50.605950354
119.26,3,08:21:50.605950354
119.27,1,08:21:50.614381844
119.26,7,08:21:50.636858836
119.27,1,08:21:51.024810371
119.27,1,08:21:51.028172394
119.27,1,08:21:51.593633619
119.27,3,08:21:51.834180699
119.27,1,08:21:51.834180699
119.26,4,08:21:54.980728302
119.26,8,08:21:54.980813950
119.26,4,08:21:54.980829661
119.26,2,08:21:54.980934554
119.26,1,08:21:54.980934554
119.26,1,08:21:54.981165414
119.26,2,08:21:54.981165414
119.26,1,08:21:54.981319856
119.26,1,08:21:54.981335677
119.26,2,08:21:54.981557600
119.26,1,08:21:54.981571437
119.26,1,08:21:54.981650742
119.26,2,08:21:54.981671529
119.26,11,08:21:54.981671529
119.26,1,08:21:54.981693405
119.26,11,08:21:54.981693405
119.26,2,08:21:55.001214458
119.26,1,08:21:55.002308726
119.26,2,08:21:55.027809973
119.26,1,08:21:55.028013029
119.27,1,08:21:55.034715616
119.26,1,08:21:55.086199136
119.27,3,08:21:56.558314172
119.27,1,08:21:56.725818704
119.27,2,08:21:56.725818704
119.26,1,08:21:57.827031879
119.27,1,08:21:58.030772969
119.27,6,08:21:58.335168469
119.27,2,08:21:58.335168469
119.27,1,08:22:02.032752772
119.26,2,08:22:03.241419532
119.26,1,08:22:03.241419532
119.26,1,08:22:03.241490700
119.26,1,08:22:04.412966702
119.26,1,08:22:04.413061415
119.26,1,08:22:04.413075585
119.26,1,08:22:05.970315539
119.26,1,08:22:05.987633033
119.26,1,08:22:06.007858290
119.26,1,08:22:06.007969999
119.26,1,08:22:06.007983721
119.26,1,08:22:06.007997855
119.26,2,08:22:06.008014796
119.27,1,08:22:06.029063544
119.26,1,08:22:06.031942003
119.26,1,08:22:06.147202363
119.26,2,08:22:06.147269885
119.26,1,08:22:06.154590955
119.26,2,08:22:06.596107148
119.26,1,08:22:06.596195970
119.26,1,08:22:06.596210718
119.26,2,08:22:06.596469029
119.26,1,08:22:06.596584776
119.26,1,08:22:06.624725851
119.26,1,08:22:08.732208252
119.26,1,08:22:08.732328790
119.26,2,08:22:08.732328790
119.26,1,08:22:08.732346524
119.26,4,08:22:08.732346524
119.26,2,08:22:08.732553036
119.26,1,08:22:08.732571480
119.26,1,08:22:09.130647110
119.26,2,08:22:09.130647110
119.26,1,08:22:09.130758954
119.26,3,08:22:09.130773824
119.26,1,08:22:09.130773824
119.26,2,08:22:09.130788817
119.26,3,08:22:09.130788817
119.26,2,08:22:09.131018167
119.26,1,08:22:09.131170220
119.26,4,08:22:09.131170220
119.26,1,08:22:09.166688238
119.26,1,08:22:10.036369826
119.26,3,08:22:10.497399516
119.26,3,08:22:10.497724520
119.26,3,08:22:10.497742126
119.26,1,08:22:10.497841018
119.26,2,08:22:10.497858304
119.26,1,08:22:10.497858304
119.26,1,08:22:10.498022283
119.25,1,08:22:11.374810840
119.25,5,08:22:11.374881619
119.26,1,08:22:11.398811869
119.26,1,08:22:14.031525234
119.26,1,08:22:17.042226805
119.26,1,08:22:21.032846978
119.25,3,08:22:23.145766961
119.25,2,08:22:23.145870117
119.25,1,08:22:23.145885137
119.25,1,08:22:23.146220090
119.25,1,08:22:23.146350311
119.25,1,08:22:23.146371668
119.25,2,08:22:23.146371668
119.25,1,08:22:23.146566577
119.25,2,08:22:23.146752954
119.25,1,08:22:23.146768164
119.25,1,08:22:23.146782963
119.25,1,08:22:23.146855744
119.25,2,08:22:23.146899936
119.25,1,08:22:23.164253503
119.25,1,08:22:23.180076551
119.25,2,08:22:23.208927440
119.25,1,08:22:23.209000662
119.25,2,08:22:24.748366782
119.25,1,08:22:25.028819704
119.25,1,08:22:25.048085318
119.25,1,08:22:25.153360416
119.25,5,08:22:25.153431914
119.24,1,08:22:27.528131088
119.24,1,08:22:27.528225030
119.24,1,08:22:27.528240819
119.24,1,08:22:27.528442877
119.24,1,08:22:27.528557738
119.24,1,08:22:27.528742896
119.24,1,08:22:27.528762854
119.24,2,08:22:27.528762854
119.24,1,08:22:27.528777465
119.24,1,08:22:27.528851232
119.24,2,08:22:27.529111048
119.24,3,08:22:27.529111048
119.25,1,08:22:27.546476661
119.24,1,08:22:27.570771122
119.24,1,08:22:29.042184674
119.24,3,08:22:29.069321952
119.24,1,08:22:29.069413586
119.24,1,08:22:29.069796686
119.24,1,08:22:29.069968662
119.24,1,08:22:29.080850426
119.24,9,08:22:29.081009376
119.24,2,08:22:29.081009376
119.24,4,08:22:29.093732476
119.23,1,08:22:29.094031318
119.24,1,08:22:30.386717504
119.24,18,08:22:30.412995742
119.24,2,08:22:30.413115784
119.24,3,08:22:30.413115784
119.24,1,08:22:30.413133306
119.24,6,08:22:30.413133306
119.24,1,08:22:30.413766691
119.24,4,08:22:30.436481682
119.24,1,08:22:30.464819566
119.24,1,08:22:30.464888286
119.25,2,08:22:30.488091026
119.25,1,08:22:30.488182588
119.25,2,08:22:30.488182588
119.24,1,08:22:30.526213743
119.24,1,08:22:30.526282310
119.24,2,08:22:30.543449263
119.24,2,08:22:30.543524521
119.24,1,08:22:30.703988462
119.25,2,08:22:31.341969877
119.25,1,08:22:31.341969877
119.25,1,08:22:31.342137109
119.25,1,08:22:31.342161955
119.25,2,08:22:31.342161955
119.25,4,08:22:31.342161955
119.25,25,08:22:31.342161955
119.25,1,08:22:31.342186088
119.25,6,08:22:31.342186088
119.25,3,08:22:31.343266209
119.25,3,08:22:31.370074553
119.25,1,08:22:32.041641443
119.26,2,08:22:32.073146497
119.26,1,08:22:32.073231229
119.26,1,08:22:32.073245866
119.26,1,08:22:33.036783608
119.25,3,08:22:36.362795403
119.26,1,08:22:37.026240332
119.25,1,08:22:38.482415876
119.25,18,08:22:38.482415876
119.25,2,08:22:38.482617902
119.25,1,08:22:38.482634776
119.25,2,08:22:38.482634776
119.25,1,08:22:38.482806295
119.25,2,08:22:38.482821707
119.25,1,08:22:38.482836126
119.25,4,08:22:38.483021374
119.25,1,08:22:38.483037806
119.25,3,08:22:38.483037806
119.25,4,08:22:38.483066196
119.25,2,08:22:38.483066196
119.25,2,08:22:38.483466308
119.25,2,08:22:38.503803361
119.25,1,08:22:38.503901915
119.25,1,08:22:38.504019373
119.24,1,08:22:38.517748096
119.24,2,08:22:38.517819968
119.25,1,08:22:38.526078541
119.25,1,08:22:40.048006889
119.24,1,08:22:40.233903126
119.24,2,08:22:40.233961926
119.24,1,08:22:40.244033495
119.24,1,08:22:40.968873385
119.24,1,08:22:40.968956121
119.24,1,08:22:40.968972783
119.24,1,08:22:41.006272338
119.24,2,08:22:41.006415508
119.24,2,08:22:41.006436040
119.24,1,08:22:41.006436040
119.24,1,08:22:41.089556741
119.24,1,08:22:41.496439957
119.24,2,08:22:41.496515825
119.24,2,08:22:41.496764488
119.24,2,08:22:41.546422154
119.24,1,08:22:44.461356346
119.24,1,08:22:44.461444054
119.24,2,08:22:45.373802726
119.24,1,08:22:45.373819977
119.24,1,08:22:45.374057629
119.24,1,08:22:48.030649193
119.24,9,08:22:48.068095659
119.24,2,08:22:48.068194644
119.24,3,08:22:48.068211704
119.24,4,08:22:48.068211704
119.24,1,08:22:51.097262205
119.24,4,08:22:51.097276403
119.24,1,08:22:51.097335353
119.24,1,08:22:51.133951830
119.24,1,08:22:51.134046316
119.24,2,08:22:51.134062626
119.24,1,08:22:51.134062626
119.24,1,08:22:51.184739662
119.24,3,08:22:51.184753607
119.25,1,08:22:51.184821959
119.24,1,08:22:51.323946032
119.24,1,08:22:51.346132591
119.25,1,08:22:52.036904534
119.25,1,08:22:56.032592185
119.25,2,08:22:59.484063874
119.25,1,08:22:59.484137665
119.25,1,08:23:00.037067736
119.24,1,08:23:01.332175832
119.24,2,08:23:01.332264590
119.24,1,08:23:01.332264590
119.24,1,08:23:01.332582541
119.24,1,08:23:01.332995178
119.24,1,08:23:01.349955316
119.24,1,08:23:01.366339905
119.24,4,08:23:01.366579760
119.24,1,08:23:01.370237326
119.24,1,08:23:01.387121223
119.24,4,08:23:01.387517860
119.24,1,08:23:01.427303861
119.24,1,08:23:03.035421813
119.24,2,08:23:03.051980311
119.24,8,08:23:03.051980311
119.24,10,08:23:03.071814239
119.25,1,08:23:03.159329694
119.25,1,08:23:03.159428401
119.25,3,08:23:03.159442680
119.25,1,08:23:03.159442680
119.24,1,08:23:03.221891509
119.24,1,08:23:03.233264726
119.24,1,08:23:03.233340158
119.24,1,08:23:03.261110216
119.24,1,08:23:03.261202476
119.24,1,08:23:03.261218319
119.23,2,08:23:03.291802780
119.23,1,08:23:05.062978745
119.24,1,08:23:05.082770832
119.24,4,08:23:05.082907078
119.24,2,08:23:05.082921232
119.24,5,08:23:05.082921232
119.24,5,08:23:05.082935171
119.24,10,08:23:05.082935171
119.24,1,08:23:05.083130956
119.24,1,08:23:05.083147475
119.24,1,08:23:05.093481396
119.24,3,08:23:05.093564154
119.24,2,08:23:05.093582212
119.24,1,08:23:05.094024275
119.24,1,08:23:05.104739557
119.24,1,08:23:05.111658752
119.24,1,08:23:05.112083436
119.24,1,08:23:07.086241588
119.24,1,08:23:08.660503237
119.24,3,08:23:08.660503237
119.24,1,08:23:08.660579845
119.24,2,08:23:08.660599033
119.24,3,08:23:08.677316358
119.24,30,08:23:08.695672296
119.24,1,08:23:08.695797937
119.24,2,08:23:08.695797937
119.24,10,08:23:08.695814077
119.24,1,08:23:08.695814077
119.24,5,08:23:08.695814077
119.24,2,08:23:08.696188323
119.24,1,08:23:08.709238106
119.24,1,08:23:08.709254791
119.24,1,08:23:08.838784620
119.24,1,08:23:08.839200355
119.24,3,08:23:08.950299213
119.24,5,08:23:08.950576407
119.24,4,08:23:08.985299756
119.24,3,08:23:09.912171372
119.24,2,08:23:09.912285244
119.24,1,08:23:09.912301231
119.24,3,08:23:09.912301231
119.24,1,08:23:09.912522575
119.24,1,08:23:10.091124488
119.24,3,08:23:10.155105446
119.24,2,08:23:10.155204352
119.24,1,08:23:10.155204352
119.24,5,08:23:10.155219232
119.24,1,08:23:11.036073872
119.24,1,08:23:11.071188814
119.24,4,08:23:11.071188814
119.24,1,08:23:11.071264664
119.24,3,08:23:12.480356956
119.24,1,08:23:12.517513932
119.24,10,08:23:12.517513932
119.24,1,08:23:12.517601497
119.24,1,08:23:12.540109765
119.24,1,08:23:12.574526561
119.24,1,08:23:12.574608084
119.25,1,08:23:12.593612099
119.25,1,08:23:15.032680032
119.25,1,08:23:19.024525477
119.24,1,08:23:21.481937308
119.24,1,08:23:21.482323561
119.24,2,08:23:21.482323561
119.24,1,08:23:21.482338857
119.24,1,08:23:21.482459705
119.24,1,08:23:23.070139664
119.24,1,08:23:23.072780254
119.24,1,08:23:23.072955623
119.24,2,08:23:23.072955623
119.24,1,08:23:23.073216788
119.24,1,08:23:23.094609591
119.24,2,08:23:23.129377580
119.24,1,08:23:23.129377580
119.24,5,08:23:23.129458211
119.24,2,08:23:24.660177608
119.24,1,08:23:24.660177608
119.24,1,08:23:24.660260103
119.24,1,08:23:24.660277127
119.24,1,08:23:24.901375852
119.24,9,08:23:24.947321547
119.24,4,08:23:24.947321547
119.25,1,08:23:26.034479708
119.25,2,08:23:26.059387733
119.25,1,08:23:26.059479916
119.25,3,08:23:26.059479916
119.25,1,08:23:30.033290172
119.24,3,08:23:32.098437685
119.24,1,08:23:32.098437685
119.24,2,08:23:32.098622172
119.24,1,08:23:32.098760290
119.24,1,08:23:32.098774233
119.24,3,08:23:32.098774233
119.24,2,08:23:32.098799369
119.24,2,08:23:32.098816127
119.24,1,08:23:32.098816127
119.24,6,08:23:32.098973707
119.24,2,08:23:32.109633558
119.24,1,08:23:32.109633558
119.24,1,08:23:32.110034841
119.24,1,08:23:32.110182451
119.23,1,08:23:32.180831690
119.23,1,08:23:32.180846563
119.23,2,08:23:32.180846563
119.23,1,08:23:32.180861927
119.23,2,08:23:32.180861927
119.24,1,08:23:32.202107306
119.24,2,08:23:32.202120915
119.24,3,08:23:32.202120915
119.24,1,08:23:32.202233734
119.24,1,08:23:32.202254109
119.24,4,08:23:32.202254109
119.24,13,08:23:32.202254109
119.24,5,08:23:32.202254109
119.24,7,08:23:32.218933462
119.24,1,08:23:32.218933462
119.24,1,08:23:32.248455027
119.24,1,08:23:32.267717383
119.24,5,08:23:32.267717383
119.24,3,08:23:32.267790180
119.24,1,08:23:32.344210253
119.24,3,08:23:32.355533564
119.24,2,08:23:32.355533564
119.24,1,08:23:32.355629844
119.24,6,08:23:32.355646020
119.24,5,08:23:32.355646020
119.24,1,08:23:34.023829555
119.24,5,08:23:34.051715918
119.24,1,08:23:38.040466883
119.23,1,08:23:40.729366144
119.24,1,08:23:42.039879903
119.24,3,08:23:43.469344013
119.23,1,08:23:44.946657859
119.24,1,08:23:46.033749242
119.24,1,08:23:49.034521710
119.24,2,08:23:49.641521692
119.24,1,08:23:53.033566099
119.24,6,08:23:53.351159181
119.24,1,08:23:57.030439797
119.24,10,08:24:00.269834292
119.24,1,08:24:00.269834292
119.24,4,08:24:00.270227876
119.24,1,08:24:00.270227876
119.24,6,08:24:00.270373655
119.24,1,08:24:00.270474014
119.24,2,08:24:00.270667367
119.24,1,08:24:00.270667367
119.24,5,08:24:00.270667367
119.24,1,08:24:00.270682206
119.24,1,08:24:00.270766333
119.24,3,08:24:00.283414177
119.24,3,08:24:00.294891605
119.24,3,08:24:00.312406879
119.24,1,08:24:00.323040752
119.24,1,08:24:00.323147063
119.24,1,08:24:00.323165179
119.24,1,08:24:00.524231359
119.24,1,08:24:01.021123501
119.24,1,08:24:01.217481025
119.24,8,08:24:01.217495047
119.24,1,08:24:01.217575291
119.24,1,08:24:01.243319630
119.25,1,08:24:05.021264854
119.25,1,08:24:08.025276634
119.25,1,08:24:12.027595832
119.24,13,08:24:12.469196164
119.24,4,08:24:12.469638724
119.24,1,08:24:12.469853319
119.24,1,08:24:12.469868199
119.24,4,08:24:12.469868199
119.24,2,08:24:12.469883613
119.24,1,08:24:12.469883613
119.24,1,08:24:12.469902445
119.24,1,08:24:12.535029267
119.24,1,08:24:13.690541658
119.24,7,08:24:13.690541658
119.24,1,08:24:13.690666334
119.24,1,08:24:13.690910109
119.24,6,08:24:13.731434386
119.24,1,08:24:13.731434386
119.24,1,08:24:13.731509473
119.25,2,08:24:14.474275683
119.25,1,08:24:16.029541880
119.25,1,08:24:16.461532496
119.25,9,08:24:16.461623091
119.25,1,08:24:16.461623091
119.25,1,08:24:20.029958960
119.24,3,08:24:21.045380701
119.24,1,08:24:21.046277324
119.24,1,08:24:21.047532213
119.24,1,08:24:21.047655649
119.24,1,08:24:21.047687992
119.24,5,08:24:21.048223364
119.24,1,08:24:21.048239278
119.24,1,08:24:21.056856417
119.24,1,08:24:21.058435139
119.24,5,08:24:21.187783430
119.24,1,08:24:24.037224348
119.23,2,08:24:24.847747491
119.23,2,08:24:24.847861995
119.23,1,08:24:24.847886661
119.23,3,08:24:24.847886661
119.23,1,08:24:24.848220892
119.23,2,08:24:24.848220892
119.23,1,08:24:24.848794340
119.23,10,08:24:24.848794340
119.23,2,08:24:24.849057273
119.23,6,08:24:24.849072123
119.23,1,08:24:24.849177400
119.23,1,08:24:24.849562599
119.23,1,08:24:24.849656811
119.23,2,08:24:24.849975377
119.23,1,08:24:24.849997780
119.23,1,08:24:24.850322577
119.22,1,08:24:25.016710099
119.22,3,08:24:25.016724274
119.22,1,08:24:25.016724274
119.22,1,08:24:25.016895711
119.22,2,08:24:25.016895711
119.22,6,08:24:25.017280636
119.22,2,08:24:25.017280636
119.22,7,08:24:25.017280636
119.22,1,08:24:25.017579433
119.22,3,08:24:25.017594629
119.22,1,08:24:25.017610351
119.22,4,08:24:25.017640783
119.22,1,08:24:25.017751534
119.22,1,08:24:25.017765285
119.22,1,08:24:25.017788312
119.22,1,08:24:25.017813199
119.21,1,08:24:25.019184980
119.21,2,08:24:25.019860583
119.21,5,08:24:25.019878474
119.21,1,08:24:25.020224585
119.21,1,08:24:25.020582608
119.21,2,08:24:25.020600192
119.21,1,08:24:25.024903744
119.21,2,08:24:25.025381059
119.21,4,08:24:25.025381059
119.21,1,08:24:25.025396470
119.21,1,08:24:25.026682757
119.21,1,08:24:25.026777144
119.21,1,08:24:25.027066650
119.21,2,08:24:25.027208859
119.21,1,08:24:25.027434142
119.21,1,08:24:25.027528523
119.21,1,08:24:25.027905930
119.21,1,08:24:25.051866063
119.2,4,08:24:25.052055179
119.2,2,08:24:25.062286311
119.2,2,08:24:25.082796983
119.2,1,08:24:25.082810413
119.2,1,08:24:25.082904698
119.2,1,08:24:25.082919665
119.2,9,08:24:25.082919665
119.2,1,08:24:25.083505706
119.2,3,08:24:25.084031654
119.2,1,08:24:25.084395222
119.2,1,08:24:25.084415170
119.2,1,08:24:25.084687411
119.2,1,08:24:25.084798886
119.2,1,08:24:25.089536812
119.2,1,08:24:25.103789940
119.2,1,08:24:25.104486116
119.2,1,08:24:25.104590378
119.2,1,08:24:25.104609517
119.2,1,08:24:25.104960358
119.21,1,08:24:25.244505388
119.21,1,08:24:25.431225960
119.21,1,08:24:25.431332619
119.21,1,08:24:25.431652177
119.21,1,08:24:25.432029793
119.21,1,08:24:25.445863613
119.21,1,08:24:25.476048140
119.21,2,08:24:25.688116920
119.21,1,08:24:25.688257176
119.21,2,08:24:27.578259809
119.21,10,08:24:27.578259809
119.21,3,08:24:27.578376109
119.21,1,08:24:27.578489341
119.21,1,08:24:27.578789888
119.21,1,08:24:27.618420901
119.21,3,08:24:27.619850111
119.22,1,08:24:28.029485027
119.21,1,08:24:29.808694427
119.21,1,08:24:29.808787655
119.21,2,08:24:29.808803473
119.21,1,08:24:29.810394201
119.21,1,08:24:29.819424442
119.21,1,08:24:29.819722527
119.21,1,08:24:29.903168261
119.21,1,08:24:29.903444741
119.21,1,08:24:29.903461932
119.21,2,08:24:29.904220921
119.21,1,08:24:29.924447250
119.21,4,08:24:30.162831499
119.21,1,08:24:30.267000430
119.22,1,08:24:31.024671863
119.21,1,08:24:34.013162057
119.21,1,08:24:34.013240364
119.21,1,08:24:35.027675168
119.22,1,08:24:39.023599946
119.22,1,08:24:42.949289804
119.22,1,08:24:42.949304908
119.22,1,08:24:43.045713056
119.22,1,08:24:45.526523312
119.22,1,08:24:46.343498435
119.22,1,08:24:46.343566851
119.22,1,08:24:46.343582441
119.22,1,08:24:47.065646347
119.22,1,08:24:47.065744852
119.22,1,08:24:47.065878594
119.22,1,08:24:47.115958674
119.22,1,08:24:51.024714009
119.22,1,08:24:52.013659111
119.22,1,08:24:54.033510170
119.22,1,08:24:58.031625584
119.22,8,08:24:59.802866556
119.22,2,08:24:59.802866556
119.22,15,08:24:59.802930473
119.22,9,08:25:00.880600920
119.22,1,08:25:03.030461339
119.22,1,08:25:08.032314563
119.21,1,08:25:10.453886978
119.21,2,08:25:10.453886978
119.21,1,08:25:10.453989901
119.21,1,08:25:10.454011098
119.21,2,08:25:10.454011098
119.21,2,08:25:10.454299744
119.21,4,08:25:10.454299744
119.21,1,08:25:10.454299744
119.21,1,08:25:10.454447347
119.21,1,08:25:10.454518483
119.21,1,08:25:10.587108752
119.21,1,08:25:10.774846578
119.21,1,08:25:11.644168241
119.21,1,08:25:11.663403246
119.21,1,08:25:11.681936679
119.21,1,08:25:11.700142314
119.22,1,08:25:13.026890209
119.21,1,08:25:16.858083976
119.21,1,08:25:16.858099353
119.22,1,08:25:19.030359727
119.22,1,08:25:24.026761438
119.22,2,08:25:27.681924747
119.22,1,08:25:27.682031208
119.22,2,08:25:27.682049790
119.22,1,08:25:27.682049790
119.22,1,08:25:27.682503790
119.22,2,08:25:27.682503790
119.22,5,08:25:27.682503790
119.22,3,08:25:27.794165733
119.22,1,08:25:29.027454132
119.22,7,08:25:29.560119613
119.22,3,08:25:29.560318297
119.22,7,08:25:29.560649462
119.22,1,08:25:29.560649462
119.22,2,08:25:29.560664758
119.22,2,08:25:29.560843523
119.22,2,08:25:29.571248680
119.22,1,08:25:29.584811899
119.23,1,08:25:35.035573704
119.22,1,08:25:36.599025422
119.22,1,08:25:36.599171358
119.22,1,08:25:36.599194846
119.22,3,08:25:36.599194846
119.22,1,08:25:36.610109836
119.22,1,08:25:36.610387815
119.22,1,08:25:36.610770715
119.22,1,08:25:38.065732063
119.22,4,08:25:38.065835964
119.22,2,08:25:38.065924216
119.22,1,08:25:38.066156321
119.22,1,08:25:38.066174770
119.22,1,08:25:38.088257460
119.22,1,08:25:38.111702704
119.22,1,08:25:40.064844316
119.22,1,08:25:41.501347230
119.23,1,08:25:45.030219595
119.23,1,08:25:51.031075978
119.23,1,08:25:51.031440887
119.23,1,08:25:51.106496136
119.23,1,08:25:51.106582280
119.23,2,08:25:51.149086606
119.23,1,08:25:51.149189556
119.23,2,08:25:51.149189556
119.23,4,08:25:51.149203082
119.23,1,08:25:56.020930498
119.23,1,08:25:57.090026585
119.22,1,08:26:00.147150834
119.22,2,08:26:00.147150834
119.22,1,08:26:00.147296646
119.22,1,08:26:00.147318998
119.22,1,08:26:00.147496492
119.22,2,08:26:00.147517750
119.22,1,08:26:00.147517750
119.22,1,08:26:00.147674211
119.22,1,08:26:00.147702812
119.22,1,08:26:01.020669771
119.22,1,08:26:07.031758908
119.21,2,08:26:10.137659316
119.22,1,08:26:12.027904013
119.22,1,08:26:12.498788379
119.22,1,08:26:12.498863099
119.22,6,08:26:12.499181147
119.22,2,08:26:12.499294041
119.22,1,08:26:12.499311405
119.22,1,08:26:17.032457801
119.22,1,08:26:17.032642002
119.21,6,08:26:19.474432151
119.22,1,08:26:23.027007735
119.22,1,08:26:28.025837614
119.22,1,08:26:33.024039888
119.22,1,08:26:39.024887093
119.22,3,08:26:40.601327818
119.21,1,08:26:42.766462586
119.21,2,08:26:42.766462586
119.21,1,08:26:42.766620912
119.21,5,08:26:42.766636096
119.21,1,08:26:42.766636096
119.21,1,08:26:42.766823952
119.21,3,08:26:42.766840621
119.21,2,08:26:42.766840621
119.21,2,08:26:42.767059170
119.21,1,08:26:42.767059170
119.21,1,08:26:42.777424309
119.21,1,08:26:44.034818598
119.21,1,08:26:49.026767402
119.21,1,08:26:49.062959930
119.21,2,08:26:49.062959930
119.21,6,08:26:49.063023841
119.21,14,08:26:49.063288279
119.21,12,08:26:49.063305280
119.21,1,08:26:49.064217286
119.21,1,08:26:49.098484105
119.21,2,08:26:49.098498968
119.21,1,08:26:49.382703575
119.21,2,08:26:49.382703575
119.21,1,08:26:50.344412427
119.21,1,08:26:50.344621784
119.21,2,08:26:51.325624496
119.21,2,08:26:52.445300545
119.21,1,08:26:52.445381511
119.21,1,08:26:55.055330692
119.21,2,08:26:55.124657057
119.21,1,08:26:55.525899809
119.21,2,08:26:55.979069710
119.21,1,08:26:55.979145012
119.21,1,08:27:00.087636555
119.21,2,08:27:00.088045329
119.21,1,08:27:00.088066068
119.21,1,08:27:00.088237364
119.21,1,08:27:00.088437796
119.21,1,08:27:05.025255728
119.21,1,08:27:05.025801289
119.21,1,08:27:06.357780538
119.21,1,08:27:06.357880518
119.21,1,08:27:06.357897664
119.21,1,08:27:06.361758861
119.21,1,08:27:06.361864704
119.21,1,08:27:06.361880314
119.21,1,08:27:06.405968502
119.21,1,08:27:06.422968095
119.21,1,08:27:06.429127054
119.21,2,08:27:06.444522027
119.21,1,08:27:06.444823956
119.21,1,08:27:11.032693643
119.21,1,08:27:11.225906426
119.21,1,08:27:11.226152781
119.21,1,08:27:11.226273961
119.21,1,08:27:11.344840448
119.21,1,08:27:11.378386558
119.22,1,08:27:12.012890729
119.22,1,08:27:16.037090411
119.22,1,08:27:21.041094838
119.21,2,08:27:21.478739490
119.22,2,08:27:24.065894415
119.22,6,08:27:24.065894415
119.22,1,08:27:24.065894415
119.22,12,08:27:24.066181212
119.22,1,08:27:24.066311071
119.22,30,08:27:24.066311071
119.22,9,08:27:24.066311071
119.22,1,08:27:24.066465458
119.22,2,08:27:24.066465458
119.22,1,08:27:24.560053025
119.22,2,08:27:24.560069713
119.22,1,08:27:24.560069713
119.22,1,08:27:24.560086800
119.22,1,08:27:24.560347338
119.22,1,08:27:24.770863869
119.22,1,08:27:25.502360127
119.22,1,08:27:27.044699672
119.22,9,08:27:27.333976989
119.22,1,08:27:27.840330487
119.23,1,08:27:32.025424438
119.23,1,08:27:37.029334597
119.23,2,08:27:40.302769918
119.23,1,08:27:40.302784296
119.22,1,08:27:42.838283286
119.22,1,08:27:42.838414403
119.22,1,08:27:42.838430639
119.22,10,08:27:42.838430639
119.22,4,08:27:42.838451894
119.22,3,08:27:42.838451894
119.22,1,08:27:42.838451894
119.22,1,08:27:42.869977009
119.22,1,08:27:43.031045150
119.22,1,08:27:43.031296446
119.22,2,08:27:46.449159705
119.22,2,08:27:46.449522572
119.22,1,08:27:48.030447163
119.22,1,08:27:53.024688149
119.22,7,08:27:58.782292487
119.22,2,08:27:58.782307351
119.22,1,08:27:59.031816862
119.21,1,08:28:01.125173359
119.22,1,08:28:02.013741698
119.21,1,08:28:02.145706061
119.22,1,08:28:04.027614648
119.21,5,08:28:06.819173437
119.21,4,08:28:06.819263519
119.21,2,08:28:06.819263519
119.21,1,08:28:06.819733554
119.21,1,08:28:06.819958162
119.21,1,08:28:06.819972399
119.21,1,08:28:06.819985830
119.21,1,08:28:06.820049961
119.21,3,08:28:06.820064610
119.21,1,08:28:06.820064610
119.21,1,08:28:06.820360111
119.21,1,08:28:06.820403385
119.21,4,08:28:06.820427655
119.21,1,08:28:06.867605543
119.21,1,08:28:07.020743191
119.21,2,08:28:07.020743191
119.21,1,08:28:07.086236820
119.21,1,08:28:11.384551892
119.21,1,08:28:12.061084246
119.21,1,08:28:12.108815862
119.22,1,08:28:15.024974432
119.22,1,08:28:20.038322474
119.21,1,08:28:20.233378694
119.22,1,08:28:25.027909323
119.21,1,08:28:30.225678476
119.21,2,08:28:30.292305190
119.21,1,08:28:30.292305190
119.21,3,08:28:30.292585295
119.21,1,08:28:30.292585295
119.21,5,08:28:30.292611170
119.21,3,08:28:30.292611170
119.21,1,08:28:30.292611170
119.21,7,08:28:30.292611170
119.21,8,08:28:30.292611170
119.21,1,08:28:30.292630878
119.21,4,08:28:30.292630878
119.21,1,08:28:30.292923932
119.21,1,08:28:30.293621692
119.21,1,08:28:30.342272338
119.21,1,08:28:40.225022258
119.21,3,08:28:40.892629214
119.21,3,08:28:40.892643550
119.21,1,08:28:40.892764154
119.21,1,08:28:40.892779508
119.21,1,08:28:40.892792845
119.21,1,08:28:40.893155009
119.21,9,08:28:40.893155009
119.21,1,08:28:40.955106505
119.22,1,08:28:41.031287730
119.21,1,08:28:41.103617754
119.21,1,08:28:41.125553749
119.21,1,08:28:41.148043094
119.22,6,08:28:46.370402229
119.21,1,08:28:47.092550313
119.22,2,08:28:48.857059815
119.22,1,08:28:52.030024141
119.22,1,08:28:57.039064278
119.22,1,08:28:57.994355621
119.22,1,08:28:57.994979339
119.21,3,08:29:00.146135549
119.22,1,08:29:02.012869656
119.22,1,08:29:03.019792045
119.22,1,08:29:08.033235388
119.22,1,08:29:13.031266705
119.22,1,08:29:19.032558368
119.21,1,08:29:20.145529590
119.21,1,08:29:20.145731001
119.21,2,08:29:20.145744748
119.21,1,08:29:20.145744748
119.21,1,08:29:20.145761293
119.21,2,08:29:20.145761293
119.21,3,08:29:20.145761293
119.21,2,08:29:20.145778499
119.21,1,08:29:20.145778499
119.21,1,08:29:20.186078067
119.21,1,08:29:20.266306147
119.21,2,08:29:20.266380447
119.21,1,08:29:20.266517020
119.21,1,08:29:20.887677539
119.2,2,08:29:21.000932957
119.2,1,08:29:21.000932957
119.2,1,08:29:21.001281536
119.2,1,08:29:21.001295747
119.2,5,08:29:21.001295747
119.2,2,08:29:21.001311888
119.21,2,08:29:21.323889904
119.22,1,08:29:22.013688465
119.22,1,08:29:24.040888519
119.22,1,08:29:29.024869798
119.22,2,08:29:30.719798270
119.22,10,08:29:31.865696327
119.22,1,08:29:31.865836958
119.22,6,08:29:31.879171417
119.22,3,08:29:31.879171417
119.22,4,08:29:31.879245913
119.22,1,08:29:31.890460976
119.22,1,08:29:31.891171264
119.22,1,08:29:31.891488431
119.22,1,08:29:31.976308831
119.22,3,08:29:31.976397640
119.22,1,08:29:31.976659754
119.22,4,08:29:31.976659754
119.22,1,08:29:35.033773303
119.22,11,08:29:39.984574714
119.22,3,08:29:39.984590467
119.22,4,08:29:41.984531586
119.22,1,08:29:41.984531586
119.22,1,08:29:41.984635061
119.22,6,08:29:41.984654024
119.22,1,08:29:41.984654024
119.22,5,08:29:41.984963711
119.22,1,08:29:41.985228425
119.22,1,08:29:41.995189658
119.22,1,08:29:42.025470281
119.23,1,08:29:45.033394957
119.23,1,08:29:45.071975719
119.23,1,08:29:45.072098117
119.23,1,08:29:45.072114872
119.22,12,08:29:46.120238094
119.22,1,08:29:46.120360202
119.22,1,08:29:46.120383409
119.22,2,08:29:46.120383409
119.22,1,08:29:46.120569985
119.22,2,08:29:46.120569985
119.22,1,08:29:46.131083471
119.22,1,08:29:46.197768472
119.23,1,08:29:48.083227778
119.22,1,08:29:48.123614752
119.22,1,08:29:48.123706054
119.21,7,08:29:48.124530527
119.21,1,08:29:48.124549625
119.21,4,08:29:48.124549625
119.21,1,08:29:48.124572661
119.21,6,08:29:48.124572661
119.21,4,08:29:48.135101521
119.21,6,08:29:48.135301437
119.21,1,08:29:48.136259133
119.21,1,08:29:48.136274191
119.2,1,08:29:48.136956236
119.2,4,08:29:48.136956236
119.21,9,08:29:48.145712463
119.21,1,08:29:48.156328340
119.21,1,08:29:48.156416228
119.21,9,08:29:48.156582912
119.21,1,08:29:48.167096853
119.21,1,08:29:48.167324840
119.21,9,08:29:48.167522904
119.2,2,08:29:49.269602822
119.2,1,08:29:50.396632912
119.21,5,08:29:52.343728565
119.21,1,08:29:52.343817310
119.22,3,08:29:53.598315590
119.22,1,08:29:53.598399939
119.21,8,08:29:53.758325165
119.21,2,08:29:53.758433008
119.23,4,08:29:56.565685063
119.23,1,08:29:56.565685063
119.23,1,08:29:57.006493483
119.22,1,08:29:57.366798188
119.22,1,08:29:57.366812418
119.22,1,08:29:57.366900354
119.22,1,08:29:57.366922776
119.22,5,08:29:57.367287871
119.22,1,08:30:00.053943345
119.23,1,08:30:01.222399525
119.23,4,08:30:01.222478910
119.24,1,08:30:01.776956051
119.24,1,08:30:01.777020265
119.24,18,08:30:01.777038493
119.24,13,08:30:01.777169641
119.24,1,08:30:01.777458693
119.24,32,08:30:01.778544485
119.24,6,08:30:01.778657723
119.24,19,08:30:01.778800132
119.24,9,08:30:01.778800132
119.23,2,08:30:02.724413286
119.23,1,08:30:02.843782631
119.23,10,08:30:03.070348953
119.23,1,08:30:03.070348953
119.24,1,08:30:04.548824147
119.24,1,08:30:04.549365961
119.23,1,08:30:04.742228567
119.23,1,08:30:04.742316185
119.23,8,08:30:04.742330381
119.23,1,08:30:04.742619814
119.24,3,08:30:04.770558064
119.24,1,08:30:04.770558064
119.24,2,08:30:04.772127986
119.24,1,08:30:04.772127986
119.24,1,08:30:04.772201173
119.25,1,08:30:04.854368054
119.25,6,08:30:04.854383068
119.25,2,08:30:04.854766966
119.25,1,08:30:04.855051205
119.25,2,08:30:04.855924161
119.25,1,08:30:04.856016222
119.26,1,08:30:04.856244484
119.26,2,08:30:04.856259437
119.26,3,08:30:04.856259437
119.25,1,08:30:04.857003421
119.26,2,08:30:04.859860939
119.26,3,08:30:04.870358627
119.27,2,08:30:04.872453175
119.27,1,08:30:04.872453175
119.27,2,08:30:04.872467307
119.27,2,08:30:04.872661636
119.28,1,08:30:04.880693368
119.28,6,08:30:04.880717640
119.28,1,08:30:04.880717640
119.28,2,08:30:04.880717640
119.28,3,08:30:04.880736024
119.28,2,08:30:04.880736024
119.27,1,08:30:04.880864950
119.27,1,08:30:04.885789053
119.27,3,08:30:05.080778083
119.27,3,08:30:05.186274903
119.26,1,08:30:05.593283575
119.26,1,08:30:05.593401658
119.26,1,08:30:05.593425105
119.25,1,08:30:05.600849479
119.25,1,08:30:05.600941252
119.25,1,08:30:05.600955509
119.25,2,08:30:05.601153130
119.25,1,08:30:05.601153130
119.25,1,08:30:05.601254213
119.26,1,08:30:06.593759968
119.27,2,08:30:06.628339238
119.27,2,08:30:06.778969557
119.27,1,08:30:06.958404260
119.27,1,08:30:07.223200062
119.26,1,08:30:07.224647936
119.27,1,08:30:07.240487206
119.27,1,08:30:07.710266833
119.27,2,08:30:07.710501669
119.27,2,08:30:07.710661758
119.27,1,08:30:08.024210894
119.27,1,08:30:08.093708905
119.27,1,08:30:08.573277989
119.27,1,08:30:08.573348527
119.26,1,08:30:08.853527156
119.26,1,08:30:08.853594741
119.28,1,08:30:10.553887850
119.29,1,08:30:11.032016111
119.29,2,08:30:11.032230335
119.29,1,08:30:11.032325157
119.3,1,08:30:11.063323943
119.3,1,08:30:11.063483661
119.3,1,08:30:11.063697072
119.3,1,08:30:11.064228073
119.3,1,08:30:11.064245100
119.31,1,08:30:11.064542220
119.3,3,08:30:11.360301583
119.3,1,08:30:11.446363635
119.29,1,08:30:12.034975368
119.29,1,08:30:12.035379760
119.29,1,08:30:12.077704227
119.29,1,08:30:12.079853105
119.3,1,08:30:13.026376445
119.3,1,08:30:15.022009242
119.29,1,08:30:15.172781503
119.29,1,08:30:15.172794975
119.29,1,08:30:15.172879190
119.29,1,08:30:15.620360568
119.29,1,08:30:15.621037582
119.3,1,08:30:17.114341186
119.3,1,08:30:17.247795745
119.3,1,08:30:17.247896779
119.3,1,08:30:17.247911925
119.31,1,08:30:18.026097530
119.3,1,08:30:19.826462529
119.3,1,08:30:19.826582401
119.3,1,08:30:19.826597736
119.3,1,08:30:19.826626708
119.3,1,08:30:19.856943376
119.3,1,08:30:20.030696835
119.3,1,08:30:20.255830251
119.3,2,08:30:20.255929924
119.3,1,08:30:20.255945483
119.29,1,08:30:20.258449779
119.29,6,08:30:20.258560342
119.29,1,08:30:20.258581062
119.29,1,08:30:20.259006822
119.29,4,08:30:20.259006822
119.29,1,08:30:20.269964016
119.29,1,08:30:20.271232198
119.28,1,08:30:21.513200064
119.29,1,08:30:22.136961176
119.29,2,08:30:22.136961176
119.29,1,08:30:22.154757140
119.29,1,08:30:22.154956698
119.29,2,08:30:22.155364010
119.3,1,08:30:23.039018688
119.29,1,08:30:23.167639865
119.29,1,08:30:23.167743663
119.29,1,08:30:23.167759250
119.29,1,08:30:23.229690673
119.29,1,08:30:23.423194828
119.29,2,08:30:23.423295317
119.29,1,08:30:23.423309829
119.29,1,08:30:24.232168856
119.29,1,08:30:24.725053471
119.29,1,08:30:25.010453396
119.29,1,08:30:25.010533651
119.3,1,08:30:25.021209653
119.3,1,08:30:27.022134456
119.29,1,08:30:27.420111542
119.29,2,08:30:27.420376570
119.29,1,08:30:27.420391277
119.29,4,08:30:27.420391277
119.29,2,08:30:27.420405994
119.28,1,08:30:27.664076699
119.28,1,08:30:27.664183057
119.28,1,08:30:27.664401937
119.28,1,08:30:28.450802762
119.28,1,08:30:28.451196795
119.28,1,08:30:28.451224552
119.28,1,08:30:28.462488780
119.28,1,08:30:28.462572598
119.28,4,08:30:28.471187152
119.28,4,08:30:28.471291309
119.29,4,08:30:28.471306547
119.29,1,08:30:28.471306547
119.29,2,08:30:28.471306547
119.29,1,08:30:28.471321575
119.29,2,08:30:28.471321575
119.28,1,08:30:28.668395904
119.28,1,08:30:28.668411878
119.28,2,08:30:28.743718282
119.28,2,08:30:28.743927018
119.27,2,08:30:28.801375450
119.27,4,08:30:28.801375450
119.27,2,08:30:28.801401044
119.27,1,08:30:28.818279799
119.26,2,08:30:28.960418634
119.26,1,08:30:28.960418634
119.26,1,08:30:29.176746050
119.27,1,08:30:30.035592218
119.26,1,08:30:30.092186507
119.26,5,08:30:30.092186507
119.25,1,08:30:30.139793727
119.25,1,08:30:30.139885343
119.25,1,08:30:30.139900370
119.26,1,08:30:30.644431364
119.26,1,08:30:30.644666117
119.26,1,08:30:30.644887444
119.26,2,08:30:30.644887444
119.26,1,08:30:30.644903498
119.26,2,08:30:30.644903498
119.26,3,08:30:30.644903498
119.26,3,08:30:30.645408545
119.26,1,08:30:30.645408545
119.26,2,08:30:30.711667018
119.26,1,08:30:30.711756343
119.26,1,08:30:31.180126392
119.26,1,08:30:31.299278818
119.26,1,08:30:31.299366270
119.26,1,08:30:31.600273045
119.26,1,08:30:31.600578275
119.26,1,08:30:31.600693527
119.25,1,08:30:31.962816544
119.25,1,08:30:31.974343882
119.25,1,08:30:32.020538421
119.25,1,08:30:32.021273688
119.25,1,08:30:32.042256065
119.24,1,08:30:32.128333329
119.24,1,08:30:32.130450438
119.23,1,08:30:32.585906138
119.23,1,08:30:32.586025226
119.23,1,08:30:32.702691066
119.23,1,08:30:32.995208311
119.23,1,08:30:33.102666059
119.22,1,08:30:33.347308923
119.22,10,08:30:33.348679485
119.22,1,08:30:33.348679485
119.22,5,08:30:33.359215440
119.22,1,08:30:33.359215440
119.22,1,08:30:33.359310203
119.22,2,08:30:33.359325249
119.22,1,08:30:33.360407661
119.22,1,08:30:33.365822073
119.22,1,08:30:33.369894614
119.22,1,08:30:33.370007532
119.22,2,08:30:33.420123426
119.22,5,08:30:33.420349193
119.22,1,08:30:33.424174559
119.23,1,08:30:34.111322808
119.23,1,08:30:34.112015252
119.23,6,08:30:34.112189640
119.23,1,08:30:34.112355675
119.23,1,08:30:34.112665332
119.23,1,08:30:34.133696923
119.23,1,08:30:35.036434532
119.22,10,08:30:35.440679922
119.22,2,08:30:35.441148558
119.22,1,08:30:35.441277732
119.22,3,08:30:35.441277732
119.22,3,08:30:35.441622148
119.22,1,08:30:35.451229347
119.23,1,08:30:35.627792599
119.23,1,08:30:35.627898241
119.23,1,08:30:35.627917159
119.23,1,08:30:35.631193493
119.22,2,08:30:36.286187007
119.22,11,08:30:36.286187007
119.22,1,08:30:36.286199983
119.22,1,08:30:36.286277433
119.22,1,08:30:36.287753447
119.22,1,08:30:36.386799276
119.21,1,08:30:36.661316087
119.21,4,08:30:36.661430253
119.21,2,08:30:36.661430253
119.21,1,08:30:36.661430253
119.21,1,08:30:36.661677485
119.21,1,08:30:36.661693686
119.21,1,08:30:36.661993363
119.21,7,08:30:36.676115397
119.21,1,08:30:36.687109208
119.21,1,08:30:38.355047276
119.21,1,08:30:38.355153405
119.21,1,08:30:39.623021010
119.21,1,08:30:39.624985912
119.21,1,08:30:39.625167381
119.21,2,08:30:39.625265431
119.21,1,08:30:39.625376379
119.21,1,08:30:39.732150686
119.21,2,08:30:39.732150686
119.22,1,08:30:40.022521350
119.21,1,08:30:40.295929028
119.21,2,08:30:40.374765825
119.21,1,08:30:40.955149285
119.21,2,08:30:40.955149285
119.21,1,08:30:40.955678177
119.21,3,08:30:40.955730437
119.21,1,08:30:40.955730437
119.21,1,08:30:41.092975313
119.21,2,08:30:41.093235498
119.21,9,08:30:41.093317383
119.21,1,08:30:41.217124650
119.21,1,08:30:41.704237116
119.2,1,08:30:42.008176955
119.2,1,08:30:42.008300177
119.2,2,08:30:42.008300177
119.2,3,08:30:42.008497211
119.2,1,08:30:42.008762696
119.2,6,08:30:42.008762696
119.2,1,08:30:42.008890225
119.2,1,08:30:42.009035802
119.2,1,08:30:42.009066781
119.2,1,08:30:42.015760575
119.2,1,08:30:42.016116373
119.2,13,08:30:42.019590157
119.2,1,08:30:42.019957500
119.2,1,08:30:42.030149653
119.2,1,08:30:42.030262004
119.2,1,08:30:42.030276241
119.2,2,08:30:42.030291976
119.2,1,08:30:42.039903652
119.2,4,08:30:42.040955549
119.2,1,08:30:42.041048419
119.2,3,08:30:42.041062879
119.2,1,08:30:42.051597636
119.2,6,08:30:42.053756499
119.2,1,08:30:42.064303515
119.2,11,08:30:42.078280948
119.2,1,08:30:42.088859104
119.2,1,08:30:42.088945717
119.2,5,08:30:42.090731496
119.2,13,08:30:42.103490958
119.2,4,08:30:42.114099757
119.2,1,08:30:42.114120541
119.2,1,08:30:42.114273414
119.2,1,08:30:42.114394531
119.2,1,08:30:42.114601932
119.2,1,08:30:42.114708512
119.2,1,08:30:42.115211263
119.2,1,08:30:42.115540076
119.2,1,08:30:42.126097358
119.2,1,08:30:42.126197239
119.2,3,08:30:42.129407457
119.19,1,08:30:42.229912135
119.19,1,08:30:42.230079706
119.19,1,08:30:42.230096646
