bidVolume,bidPrice,askVolume,askPrice,timestamp
4,2312.7,6,2313.0,09:45:00.066261339
4,2312.7,6,2313.0,09:45:00.066278776
4,2312.7,6,2313.0,09:45:00.066292597
4,2312.7,6,2313.0,09:45:00.069302264
4,2312.7,6,2313.0,09:45:00.069316629
4,2312.7,5,2313.0,09:45:00.134421630
4,2312.7,5,2313.0,09:45:00.155704604
1,2312.8,5,2313.0,09:45:00.305468810
1,2312.8,4,2313.0,09:45:00.305594807
1,2312.8,4,2313.0,09:45:00.305609402
1,2312.8,4,2313.0,09:45:00.305624414
1,2312.8,4,2313.0,09:45:00.305654098
1,2312.8,4,2313.0,09:45:00.305667602
2,2312.8,4,2313.0,09:45:00.308663823
3,2312.8,4,2313.0,09:45:00.335838134
4,2312.8,4,2313.0,09:45:00.335950168
4,2312.8,3,2313.0,09:45:00.336066507
4,2312.8,3,2313.0,09:45:00.336989038
4,2312.8,3,2313.0,09:45:00.337405158
4,2312.8,2,2313.0,09:45:00.345596088
4,2312.8,5,2313.1,09:45:00.345865815
4,2312.8,5,2313.1,09:45:00.345865815
4,2312.8,5,2313.1,09:45:00.346027575
4,2312.8,5,2313.1,09:45:00.346041988
4,2312.8,5,2313.1,09:45:00.346128313
3,2312.8,5,2313.1,09:45:00.356218721
3,2312.8,6,2313.1,09:45:00.356278499
3,2312.8,6,2313.1,09:45:00.367219164
3,2312.8,6,2313.1,09:45:00.367232839
3,2312.8,6,2313.1,09:45:00.367232839
3,2312.8,6,2313.1,09:45:00.377981324
3,2312.8,6,2313.1,09:45:00.379071119
3,2312.8,6,2313.1,09:45:00.406144843
3,2312.8,5,2313.1,09:45:00.436449727
4,2312.8,5,2313.1,09:45:00.456657709
1,2312.9,5,2313.1,09:45:00.456794892
1,2312.9,5,2313.1,09:45:00.456933599
4,2312.8,5,2313.1,09:45:00.495420466
4,2312.8,5,2313.1,09:45:00.495420466
4,2312.8,5,2313.1,09:45:00.495547540
4,2312.8,6,2313.1,09:45:00.507138619
3,2312.8,6,2313.1,09:45:00.600509678
3,2312.8,1,2313.0,09:45:00.600644413
3,2312.8,2,2313.0,09:45:00.600778234
3,2312.8,2,2313.0,09:45:00.600794381
3,2312.8,3,2313.0,09:45:00.600816859
3,2312.8,3,2313.0,09:45:00.600828187
2,2312.8,3,2313.0,09:45:00.600851736
2,2312.8,3,2313.0,09:45:00.600921512
1,2312.8,3,2313.0,09:45:00.600981303
1,2312.8,4,2313.0,09:45:00.609375854
1,2312.8,1,2312.9,09:45:00.927498497
1,2312.8,2,2312.9,09:45:00.927636049
1,2312.8,2,2312.9,09:45:00.927642039
1,2312.8,2,2312.9,09:45:00.927656744
1,2312.8,2,2312.9,09:45:00.927672526
1,2312.8,1,2312.9,09:45:00.927770509
1,2312.8,1,2312.9,09:45:00.927803265
2,2312.8,1,2312.9,09:45:00.927935271
2,2312.8,5,2313.0,09:45:00.927956769
2,2312.8,5,2313.0,09:45:00.927956769
2,2312.8,4,2313.0,09:45:00.928098183
2,2312.8,3,2313.0,09:45:00.928118166
3,2312.8,3,2313.0,09:45:00.973683268
3,2312.8,6,2313.1,09:45:01.008657423
3,2312.8,6,2313.1,09:45:01.008657423
3,2313.0,6,2313.1,09:45:01.008677597
3,2313.0,6,2313.1,09:45:01.008713265
3,2313.0,6,2313.1,09:45:01.008905566
3,2313.0,6,2313.1,09:45:01.008923560
3,2313.0,6,2313.1,09:45:01.008941464
3,2313.0,5,2313.1,09:45:01.008994429
3,2313.0,5,2313.1,09:45:01.009020154
3,2313.0,5,2313.1,09:45:01.009093563
3,2313.0,5,2313.1,09:45:01.009114981
3,2313.0,5,2313.1,09:45:01.009130198
3,2313.0,4,2313.1,09:45:01.009150537
3,2313.0,4,2313.1,09:45:01.009162886
4,2313.0,4,2313.1,09:45:01.010199458
4,2313.0,4,2313.1,09:45:01.010199458
4,2313.0,3,2313.1,09:45:01.010307962
4,2313.0,3,2313.2,09:45:01.010492113
4,2313.0,3,2313.2,09:45:01.010492113
4,2313.0,3,2313.2,09:45:01.010584675
4,2313.0,3,2313.2,09:45:01.010597642
4,2313.0,3,2313.2,09:45:01.010610589
4,2313.0,2,2313.2,09:45:01.010879981
4,2313.0,2,2313.2,09:45:01.021229786
4,2313.0,2,2313.2,09:45:01.021229786
4,2313.0,2,2313.2,09:45:01.025223777
4,2313.0,2,2313.2,09:45:01.025235886
4,2313.0,2,2313.2,09:45:01.031235056
4,2313.0,1,2313.1,09:45:01.031387113
4,2313.0,1,2313.1,09:45:01.031524281
4,2313.0,2,2313.2,09:45:01.040544649
4,2313.0,2,2313.2,09:45:01.040544649
4,2313.0,1,2313.1,09:45:01.060642327
4,2313.0,2,2313.1,09:45:01.221718452
4,2313.0,2,2313.2,09:45:01.401519249
4,2313.0,2,2313.2,09:45:01.401519249
1,2313.0,2,2313.2,09:45:01.401704327
1,2313.0,2,2313.2,09:45:01.401761148
1,2313.0,1,2313.2,09:45:01.401821885
1,2313.0,1,2313.1,09:45:01.401875960
1,2313.0,1,2313.1,09:45:01.401944937
2,2313.0,1,2313.1,09:45:01.401998813
3,2313.0,1,2313.1,09:45:01.402016724
3,2313.0,1,2313.1,09:45:01.402063157
2,2313.0,1,2313.1,09:45:01.402968836
1,2313.0,1,2313.1,09:45:01.402995701
1,2313.0,1,2313.1,09:45:01.519842794
1,2313.0,2,2313.1,09:45:01.519981385
3,2312.8,2,2313.1,09:45:01.520253848
3,2312.8,2,2313.1,09:45:01.520253848
3,2312.8,2,2313.1,09:45:01.520365492
3,2312.8,2,2313.1,09:45:01.520449839
3,2312.8,2,2313.1,09:45:01.520478733
3,2312.8,2,2313.1,09:45:01.520525761
3,2312.8,2,2313.1,09:45:01.520540164
3,2312.8,2,2313.1,09:45:01.520555432
4,2312.8,2,2313.1,09:45:01.521552515
4,2312.8,2,2313.1,09:45:01.521585562
4,2312.8,3,2313.1,09:45:01.528620801
4,2312.8,3,2313.1,09:45:01.586154964
4,2312.8,2,2313.1,09:45:01.728453767
4,2312.8,3,2313.1,09:45:01.828733673
5,2312.8,3,2313.1,09:45:02.017147992
1,2312.9,3,2313.1,09:45:02.025640026
1,2312.9,3,2313.1,09:45:02.025768969
1,2312.9,3,2313.1,09:45:02.025782374
1,2312.9,2,2313.1,09:45:02.025807079
1,2312.9,2,2313.1,09:45:02.044339808
2,2312.9,2,2313.1,09:45:02.144298489
2,2312.9,1,2313.1,09:45:02.144438683
1,2313.0,1,2313.1,09:45:02.144477570
1,2313.0,2,2313.2,09:45:02.144748652
1,2313.0,2,2313.2,09:45:02.144748652
1,2313.0,2,2313.2,09:45:02.144776908
1,2313.0,1,2313.2,09:45:02.145032893
1,2313.0,1,2313.2,09:45:02.145044570
1,2313.0,1,2313.2,09:45:02.145059177
1,2313.0,1,2313.2,09:45:02.145059177
2,2313.0,1,2313.2,09:45:02.145090652
2,2313.0,1,2313.2,09:45:02.145155776
2,2313.0,5,2313.3,09:45:02.145180295
2,2313.0,5,2313.3,09:45:02.145180295
3,2313.0,5,2313.3,09:45:02.145349355
3,2313.0,4,2313.3,09:45:02.145369653
4,2313.0,4,2313.3,09:45:02.145387816
1,2313.1,4,2313.3,09:45:02.145577020
1,2313.1,4,2313.3,09:45:02.145712812
1,2313.1,4,2313.3,09:45:02.145726345
1,2313.1,4,2313.3,09:45:02.145796765
1,2313.1,2,2313.3,09:45:02.145866872
1,2313.1,2,2313.3,09:45:02.145984817
1,2313.1,2,2313.3,09:45:02.146304161
5,2313.0,2,2313.3,09:45:02.146930887
5,2313.0,2,2313.3,09:45:02.146930887
2,2313.1,2,2313.3,09:45:02.147074026
2,2313.1,2,2313.3,09:45:02.147115358
2,2313.1,3,2313.3,09:45:02.147157027
2,2313.1,3,2313.3,09:45:02.147996931
2,2313.1,3,2313.3,09:45:02.148149095
2,2313.1,2,2313.3,09:45:02.148255829
3,2313.1,2,2313.3,09:45:02.154880430
1,2313.1,2,2313.3,09:45:02.155035520
2,2313.1,2,2313.3,09:45:02.155500085
2,2313.1,2,2313.3,09:45:02.157396731
2,2313.1,2,2313.3,09:45:02.157411439
2,2313.1,2,2313.3,09:45:02.157411439
2,2313.1,2,2313.3,09:45:02.157423986
2,2313.1,3,2313.4,09:45:02.158253247
2,2313.1,3,2313.4,09:45:02.158253247
2,2313.1,3,2313.4,09:45:02.158469764
1,2313.2,3,2313.4,09:45:02.158513425
2,2313.2,3,2313.4,09:45:02.158546923
2,2313.2,3,2313.4,09:45:02.158558405
2,2313.2,3,2313.4,09:45:02.158570438
2,2313.2,3,2313.4,09:45:02.158585376
2,2313.2,3,2313.4,09:45:02.158599277
2,2313.2,2,2313.4,09:45:02.158623101
2,2313.2,1,2313.4,09:45:02.158652286
2,2313.2,1,2313.4,09:45:02.158932215
2,2313.2,1,2313.4,09:45:02.158985867
2,2313.2,1,2313.4,09:45:02.159001631
2,2313.2,1,2313.4,09:45:02.159016076
2,2313.2,1,2313.4,09:45:02.159016076
3,2313.2,1,2313.4,09:45:02.159039452
4,2313.2,1,2313.4,09:45:02.159058025
4,2313.2,3,2313.6,09:45:02.159113729
4,2313.2,3,2313.6,09:45:02.159113729
4,2313.2,3,2313.6,09:45:02.159270916
4,2313.2,4,2313.6,09:45:02.159294747
4,2313.2,1,2313.5,09:45:02.159316574
4,2313.2,1,2313.5,09:45:02.159556870
4,2313.2,2,2313.5,09:45:02.159619707
4,2313.2,3,2313.5,09:45:02.159656703
4,2313.2,3,2313.5,09:45:02.159668156
4,2313.2,4,2313.5,09:45:02.159689299
4,2313.2,5,2313.5,09:45:02.159736307
4,2313.2,1,2313.4,09:45:02.159895325
4,2313.2,2,2313.4,09:45:02.160017161
4,2313.2,3,2313.4,09:45:02.160029974
3,2313.2,3,2313.4,09:45:02.160066852
2,2313.2,3,2313.4,09:45:02.160258251
2,2313.2,2,2313.3,09:45:02.219891131
2,2313.2,2,2313.3,09:45:02.219913391
2,2313.2,2,2313.3,09:45:02.219919980
2,2313.2,2,2313.3,09:45:02.219933491
1,2313.2,2,2313.3,09:45:02.220059983
1,2313.2,2,2313.3,09:45:02.220132670
5,2313.1,2,2313.3,09:45:02.220238419
5,2313.1,2,2313.3,09:45:02.220238419
3,2313.1,2,2313.3,09:45:02.220348933
2,2313.1,2,2313.3,09:45:02.220495054
2,2313.1,3,2313.4,09:45:02.247816304
2,2313.1,3,2313.4,09:45:02.247816304
2,2313.1,3,2313.4,09:45:02.247942191
2,2313.1,1,2313.3,09:45:02.247968089
2,2313.1,1,2313.3,09:45:02.247992548
2,2313.1,1,2313.3,09:45:02.248004057
2,2313.1,2,2313.3,09:45:02.248096786
2,2313.1,2,2313.3,09:45:02.302190925
2,2313.1,2,2313.3,09:45:02.302190925
2,2313.1,2,2313.3,09:45:02.305442997
3,2313.2,2,2313.3,09:45:02.305504434
3,2313.2,4,2313.4,09:45:02.305804025
3,2313.2,4,2313.4,09:45:02.305804025
3,2313.2,4,2313.4,09:45:02.305844598
3,2313.2,3,2313.4,09:45:02.305997452
4,2313.2,3,2313.4,09:45:02.306034813
4,2313.2,2,2313.4,09:45:02.306162967
4,2313.2,1,2313.3,09:45:02.340360712
3,2313.2,1,2313.3,09:45:02.340481326
3,2313.2,2,2313.3,09:45:02.428777538
3,2313.2,2,2313.3,09:45:02.428784703
3,2313.2,2,2313.3,09:45:02.428798562
2,2313.2,2,2313.3,09:45:02.430022734
1,2313.2,2,2313.3,09:45:02.430022734
1,2313.2,3,2313.3,09:45:02.430116266
2,2313.1,3,2313.3,09:45:02.430222303
2,2313.1,3,2313.3,09:45:02.430222303
1,2313.1,3,2313.3,09:45:02.430256262
1,2313.1,3,2313.3,09:45:02.430378047
4,2313.0,3,2313.3,09:45:02.430545556
4,2313.0,3,2313.3,09:45:02.430545556
4,2313.0,3,2313.3,09:45:02.430654961
3,2313.0,3,2313.3,09:45:02.430672389
1,2313.1,3,2313.3,09:45:02.430705004
1,2313.1,4,2313.3,09:45:02.485430103
3,2313.0,4,2313.3,09:45:02.485557641
3,2313.0,4,2313.3,09:45:02.485557641
4,2313.0,4,2313.3,09:45:02.485582531
4,2313.0,4,2313.3,09:45:02.485666396
1,2313.1,4,2313.3,09:45:02.485716767
1,2313.1,4,2313.3,09:45:02.485780046
1,2313.1,4,2313.3,09:45:02.485798049
1,2313.1,4,2313.3,09:45:02.485831135
1,2313.1,4,2313.3,09:45:02.485887795
1,2313.1,3,2313.3,09:45:02.546447278
3,2313.0,3,2313.3,09:45:02.546577258
3,2313.0,3,2313.3,09:45:02.546577258
4,2313.0,3,2313.3,09:45:02.546601057
4,2313.0,3,2313.3,09:45:02.546756410
1,2313.1,3,2313.3,09:45:02.546785080
1,2313.1,3,2313.3,09:45:02.546944133
2,2313.1,3,2313.3,09:45:02.547922674
2,2313.1,2,2313.3,09:45:02.564065019
2,2313.1,2,2313.3,09:45:02.681249771
2,2313.1,3,2313.3,09:45:02.725855424
1,2313.1,3,2313.3,09:45:02.725985510
1,2313.1,3,2313.3,09:45:02.731245677
4,2313.0,3,2313.3,09:45:02.771773421
4,2313.0,3,2313.3,09:45:02.771773421
3,2313.0,3,2313.3,09:45:02.771958046
3,2313.0,3,2313.3,09:45:02.772016319
3,2313.0,4,2313.3,09:45:02.772038025
3,2313.0,4,2313.3,09:45:02.772051756
3,2313.0,1,2313.2,09:45:02.772166987
2,2313.0,1,2313.2,09:45:02.772200518
2,2313.0,2,2313.2,09:45:02.772287409
2,2313.0,2,2313.2,09:45:02.772317589
2,2313.0,3,2313.2,09:45:02.772363369
2,2313.0,4,2313.2,09:45:02.772382982
2,2313.0,4,2313.2,09:45:02.772398610
2,2313.0,4,2313.2,09:45:02.772412668
1,2313.0,4,2313.2,09:45:02.772463261
3,2312.9,4,2313.2,09:45:02.772511171
3,2312.9,4,2313.2,09:45:02.772511171
3,2312.9,4,2313.2,09:45:02.772648876
3,2312.9,4,2313.2,09:45:02.772664095
4,2312.9,4,2313.2,09:45:02.772685190
4,2312.9,5,2313.2,09:45:02.772768776
1,2313.0,5,2313.2,09:45:02.888657200
1,2313.0,5,2313.2,09:45:02.888810649
1,2313.0,5,2313.2,09:45:02.888842631
1,2313.0,4,2313.2,09:45:02.888863374
1,2313.0,3,2313.2,09:45:02.888899845
2,2313.0,3,2313.2,09:45:02.888987377
2,2313.0,1,2313.1,09:45:02.931238803
2,2313.0,1,2313.1,09:45:02.931238803
2,2313.0,1,2313.1,09:45:02.931409834
2,2313.0,1,2313.1,09:45:02.931423374
3,2313.0,1,2313.1,09:45:03.325442841
3,2313.0,3,2313.2,09:45:03.351630189
3,2313.0,4,2313.2,09:45:03.351630189
3,2313.0,4,2313.2,09:45:03.351630189
2,2313.0,4,2313.2,09:45:04.047841373
2,2313.0,1,2313.1,09:45:04.047970457
1,2313.0,1,2313.1,09:45:04.048126352
1,2313.0,1,2313.1,09:45:04.066531607
1,2313.0,1,2313.1,09:45:04.067211144
1,2313.0,4,2313.2,09:45:04.067368395
1,2313.0,4,2313.2,09:45:04.067368395
1,2313.0,5,2313.2,09:45:04.083273180
1,2313.0,4,2313.2,09:45:04.717636383
2,2313.0,4,2313.2,09:45:04.717700998
3,2313.0,4,2313.2,09:45:04.717758202
2,2313.0,4,2313.2,09:45:04.789382467
1,2313.0,4,2313.2,09:45:04.789508467
1,2313.0,5,2313.2,09:45:04.789524582
1,2313.0,1,2313.1,09:45:04.974849440
1,2313.0,2,2313.1,09:45:05.001770835
1,2313.0,2,2313.1,09:45:05.001770835
1,2313.0,2,2313.1,09:45:05.202191134
1,2313.0,2,2313.1,09:45:05.202208414
1,2313.0,2,2313.1,09:45:05.445943555
2,2312.9,2,2313.1,09:45:05.446216261
2,2312.9,2,2313.1,09:45:05.446216261
2,2312.9,2,2313.1,09:45:05.446246563
2,2312.9,2,2313.1,09:45:05.446427769
2,2312.9,2,2313.1,09:45:05.446485825
1,2312.9,2,2313.1,09:45:05.446550604
1,2312.9,2,2313.1,09:45:05.446560089
1,2312.9,1,2313.0,09:45:05.446586393
5,2312.8,1,2313.0,09:45:05.446614973
5,2312.8,1,2313.0,09:45:05.446614973
1,2312.9,1,2313.0,09:45:05.446698738
1,2312.9,1,2313.0,09:45:05.446735571
1,2312.9,1,2313.0,09:45:05.446790369
1,2312.9,1,2313.0,09:45:05.446805940
1,2312.9,1,2313.0,09:45:05.446833058
1,2312.9,1,2313.0,09:45:05.446846869
1,2312.9,1,2313.0,09:45:05.451248132
1,2312.9,1,2313.0,09:45:05.451260626
1,2312.9,3,2313.1,09:45:05.451484108
1,2312.9,3,2313.1,09:45:05.451484108
1,2312.9,3,2313.1,09:45:05.451578763
2,2312.9,3,2313.1,09:45:05.451659152
2,2312.9,2,2313.1,09:45:05.451679165
1,2312.9,2,2313.1,09:45:05.457199206
5,2312.8,2,2313.1,09:45:05.457329881
5,2312.8,2,2313.1,09:45:05.457329881
5,2312.8,3,2313.1,09:45:05.457458005
5,2312.8,3,2313.1,09:45:05.457472428
5,2312.8,1,2313.0,09:45:05.528290785
5,2312.8,2,2313.0,09:45:05.605456948
5,2312.8,2,2313.0,09:45:05.605456948
5,2312.8,2,2313.0,09:45:05.700195715
5,2312.8,2,2313.0,09:45:05.700210944
5,2312.8,2,2313.0,09:45:05.751266215
5,2312.8,2,2313.0,09:45:05.761262778
5,2312.8,1,2313.0,09:45:05.805249074
5,2312.8,2,2313.1,09:45:05.805377349
5,2312.8,2,2313.1,09:45:05.805377349
1,2312.9,2,2313.1,09:45:05.805421072
1,2312.9,2,2313.1,09:45:05.805586006
1,2312.9,1,2313.0,09:45:05.805625762
1,2312.9,1,2313.0,09:45:05.805647795
1,2312.9,1,2313.0,09:45:05.805660963
5,2312.8,1,2313.0,09:45:05.805755286
5,2312.8,1,2313.0,09:45:05.805755286
1,2312.9,1,2313.0,09:45:05.805795738
1,2312.9,1,2313.1,09:45:05.813560330
1,2312.9,1,2313.1,09:45:05.813560330
2,2312.9,1,2313.1,09:45:05.813687916
1,2312.9,1,2313.1,09:45:05.813762926
1,2312.9,4,2313.2,09:45:05.817731896
1,2312.9,4,2313.2,09:45:05.817731896
1,2312.9,3,2313.2,09:45:05.817995043
2,2312.9,3,2313.2,09:45:05.818025908
3,2312.9,3,2313.2,09:45:05.818074341
3,2312.9,3,2313.2,09:45:05.818089359
3,2312.9,4,2313.2,09:45:05.818204398
1,2313.0,4,2313.2,09:45:05.822103104
1,2313.0,5,2313.2,09:45:05.822126077
1,2313.0,5,2313.2,09:45:05.822240991
3,2312.9,5,2313.2,09:45:05.822378534
3,2312.9,5,2313.2,09:45:05.822378534
3,2312.9,5,2313.2,09:45:05.822397066
3,2312.9,1,2313.1,09:45:05.822605755
3,2312.9,1,2313.1,09:45:05.822620722
2,2312.9,1,2313.1,09:45:05.822653905
1,2313.0,1,2313.1,09:45:05.822680012
1,2313.0,2,2313.1,09:45:05.822698124
1,2313.0,2,2313.1,09:45:05.822725402
1,2313.0,3,2313.1,09:45:05.822747354
1,2313.0,4,2313.1,09:45:05.822788756
1,2313.0,3,2313.1,09:45:05.822871715
1,2312.9,3,2313.1,09:45:05.822897831
1,2312.9,3,2313.1,09:45:05.822897831
1,2312.9,3,2313.1,09:45:05.822920272
1,2312.9,2,2313.1,09:45:05.823097054
2,2312.9,2,2313.1,09:45:05.824361521
2,2312.9,1,2313.1,09:45:05.828365029
2,2312.9,5,2313.2,09:45:05.828403798
2,2312.9,5,2313.2,09:45:05.828403798
3,2312.9,5,2313.2,09:45:05.828424560
2,2312.9,5,2313.2,09:45:05.828431337
2,2312.9,4,2313.2,09:45:05.828505957
1,2313.0,4,2313.2,09:45:05.828567033
1,2313.0,4,2313.2,09:45:05.828586153
1,2313.0,4,2313.2,09:45:05.828601027
2,2313.0,4,2313.2,09:45:05.828680526
2,2313.0,4,2313.2,09:45:05.828706882
2,2313.0,3,2313.2,09:45:05.828728198
2,2313.0,4,2313.2,09:45:05.835087462
3,2312.9,4,2313.2,09:45:05.835334866
3,2312.9,4,2313.2,09:45:05.835334866
3,2312.9,1,2313.1,09:45:05.835457267
3,2312.9,2,2313.1,09:45:05.835528204
2,2312.9,2,2313.1,09:45:05.835547667
2,2312.9,3,2313.1,09:45:05.835638856
2,2312.9,3,2313.1,09:45:05.835652290
2,2312.9,3,2313.1,09:45:05.835672332
2,2312.9,4,2313.1,09:45:05.835705446
1,2312.9,4,2313.1,09:45:05.835790091
2,2312.9,4,2313.1,09:45:05.857354116
1,2312.9,4,2313.1,09:45:05.898656195
6,2312.8,4,2313.1,09:45:05.898816858
6,2312.8,4,2313.1,09:45:05.898816858
6,2312.8,4,2313.1,09:45:05.907253668
6,2312.8,4,2313.1,09:45:06.001269181
6,2312.8,4,2313.1,09:45:06.001282267
6,2312.8,1,2313.0,09:45:06.389274654
6,2312.8,2,2313.0,09:45:06.389411787
5,2312.8,2,2313.0,09:45:06.389429530
5,2312.8,2,2313.0,09:45:06.398056534
5,2312.8,2,2313.0,09:45:06.398070185
5,2312.8,4,2313.1,09:45:06.435835101
5,2312.8,4,2313.1,09:45:06.435835101
1,2312.9,4,2313.1,09:45:06.436115642
2,2312.9,4,2313.1,09:45:06.436147342
2,2312.9,4,2313.1,09:45:06.436154561
2,2312.9,3,2313.1,09:45:06.436177329
2,2312.9,3,2313.1,09:45:06.436189585
2,2312.9,3,2313.1,09:45:06.436282330
2,2312.9,1,2313.0,09:45:06.463258628
1,2312.9,1,2313.0,09:45:06.463413754
5,2312.8,1,2313.0,09:45:06.463477439
5,2312.8,1,2313.0,09:45:06.463477439
5,2312.8,1,2312.9,09:45:06.463509334
5,2312.8,1,2312.9,09:45:06.463639817
5,2312.8,1,2312.9,09:45:06.463654367
5,2312.8,1,2312.9,09:45:06.463675520
4,2312.8,1,2312.9,09:45:06.463722077
4,2312.8,1,2312.9,09:45:06.463740007
3,2312.8,1,2312.9,09:45:06.463848631
3,2312.8,3,2313.0,09:45:06.464229076
3,2312.8,3,2313.0,09:45:06.464229076
3,2312.8,2,2313.0,09:45:06.464342343
3,2312.8,3,2313.0,09:45:06.482552598
3,2312.8,4,2313.0,09:45:06.504882883
3,2312.8,3,2313.0,09:45:06.504930151
3,2312.8,3,2313.0,09:45:06.611271313
3,2312.8,3,2313.0,09:45:06.611285151
3,2312.8,4,2313.0,09:45:06.611404177
3,2312.8,1,2312.9,09:45:06.611463422
3,2312.8,1,2312.9,09:45:06.611496431
4,2312.8,1,2312.9,09:45:06.611627193
4,2312.8,1,2312.9,09:45:06.611643213
4,2312.8,1,2312.9,09:45:06.630054813
4,2312.8,1,2312.9,09:45:06.811269781
4,2312.8,4,2313.0,09:45:06.811522317
4,2312.8,4,2313.0,09:45:06.811522317
4,2312.8,3,2313.0,09:45:06.811725090
4,2312.8,2,2313.0,09:45:06.811778259
4,2312.8,1,2313.0,09:45:06.811893972
4,2312.8,2,2313.0,09:45:06.812014155
4,2312.8,2,2313.0,09:45:06.812048616
3,2312.8,2,2313.0,09:45:07.140201924
3,2312.8,3,2313.0,09:45:07.140374033
5,2312.7,3,2313.0,09:45:07.140706008
5,2312.7,3,2313.0,09:45:07.140706008
5,2312.7,1,2312.9,09:45:07.140859591
5,2312.7,1,2312.8,09:45:07.140941653
5,2312.7,1,2312.8,09:45:07.140965082
4,2312.7,1,2312.8,09:45:07.140978074
4,2312.7,1,2312.8,09:45:07.140991671
4,2312.7,1,2312.8,09:45:07.141010945
4,2312.7,1,2312.8,09:45:07.141026548
4,2312.7,1,2312.8,09:45:07.141104352
4,2312.7,2,2312.9,09:45:07.141135712
4,2312.7,2,2312.9,09:45:07.141135712
4,2312.7,2,2312.9,09:45:07.141159770
4,2312.7,2,2312.9,09:45:07.141174469
4,2312.7,2,2312.9,09:45:07.141174469
3,2312.7,2,2312.9,09:45:07.141196526
3,2312.7,2,2312.9,09:45:07.141404454
3,2312.7,2,2312.9,09:45:07.141404454
2,2312.7,2,2312.9,09:45:07.141464794
2,2312.7,2,2312.9,09:45:07.141476209
2,2312.7,2,2312.9,09:45:07.148912762
2,2312.7,2,2312.9,09:45:07.148926570
2,2312.7,2,2312.9,09:45:07.149927343
2,2312.7,2,2312.9,09:45:07.149927343
2,2312.7,2,2312.9,09:45:07.151271738
2,2312.7,2,2312.9,09:45:07.153631991
2,2312.7,2,2312.9,09:45:07.153631991
2,2312.7,2,2312.9,09:45:07.159453244
2,2312.7,2,2312.9,09:45:07.319679720
2,2312.7,2,2312.9,09:45:07.319693336
2,2312.7,2,2312.9,09:45:07.337647572
2,2312.7,2,2312.9,09:45:07.391274860
2,2312.7,3,2312.9,09:45:07.438427168
5,2312.6,3,2312.9,09:45:07.532345126
5,2312.6,3,2312.9,09:45:07.532345126
5,2312.6,1,2312.8,09:45:07.532489177
4,2312.6,1,2312.8,09:45:07.532524814
4,2312.6,1,2312.8,09:45:07.532590341
3,2312.6,1,2312.8,09:45:07.532612795
3,2312.6,2,2312.8,09:45:07.532660327
2,2312.6,2,2312.8,09:45:07.532689115
2,2312.6,2,2312.8,09:45:07.532704032
2,2312.6,2,2312.8,09:45:07.532720167
2,2312.6,2,2312.8,09:45:07.532755541
2,2312.6,2,2312.8,09:45:07.532768145
2,2312.6,3,2312.8,09:45:07.532830474
3,2312.6,3,2312.8,09:45:07.533827623
3,2312.6,3,2312.8,09:45:07.543220664
3,2312.6,3,2312.8,09:45:07.552675326
3,2312.6,3,2312.8,09:45:07.571272595
3,2312.6,3,2312.8,09:45:07.571272595
3,2312.6,3,2312.8,09:45:07.571285455
3,2312.6,3,2312.8,09:45:07.581265036
2,2312.6,3,2312.8,09:45:07.627205615
2,2312.6,3,2312.8,09:45:07.651357984
3,2312.6,3,2312.8,09:45:07.651477212
4,2312.6,3,2312.8,09:45:07.740121566
4,2312.6,2,2312.8,09:45:07.740290392
4,2312.6,1,2312.8,09:45:07.740424915
1,2312.7,1,2312.8,09:45:07.769451931
1,2312.7,1,2312.8,09:45:07.769506095
1,2312.7,1,2312.8,09:45:07.769524058
1,2312.7,1,2312.8,09:45:07.769560835
1,2312.7,2,2312.9,09:45:07.769659999
1,2312.7,2,2312.9,09:45:07.769659999
1,2312.7,2,2312.9,09:45:07.769813717
2,2312.7,2,2312.9,09:45:07.769845773
3,2312.7,2,2312.9,09:45:07.769923717
3,2312.7,2,2312.9,09:45:07.769936286
3,2312.7,2,2312.9,09:45:07.769951912
4,2312.7,2,2312.9,09:45:07.769985814
5,2312.7,2,2312.9,09:45:07.770002131
5,2312.7,2,2312.9,09:45:07.770016525
4,2312.7,2,2312.9,09:45:07.770052378
4,2312.7,3,2312.9,09:45:07.774989614
3,2312.7,3,2312.9,09:45:07.775918161
3,2312.7,2,2312.9,09:45:07.786345175
3,2312.7,2,2312.9,09:45:07.786450069
3,2312.7,3,2312.9,09:45:07.826727155
3,2312.7,3,2312.9,09:45:07.939553315
3,2312.7,2,2312.9,09:45:07.939671397
3,2312.7,3,2312.9,09:45:07.955665346
2,2312.7,3,2312.9,09:45:08.040082589
1,2312.7,3,2312.9,09:45:08.040229495
6,2312.6,3,2312.9,09:45:08.040444232
6,2312.6,3,2312.9,09:45:08.040444232
5,2312.6,3,2312.9,09:45:08.040634773
5,2312.6,4,2312.9,09:45:08.040657321
4,2312.6,4,2312.9,09:45:08.040674102
4,2312.6,4,2312.9,09:45:08.040689008
4,2312.6,1,2312.8,09:45:08.048792781
4,2312.6,1,2312.8,09:45:08.048909715
3,2312.6,1,2312.8,09:45:08.048948516
4,2312.6,1,2312.8,09:45:08.136460635
4,2312.6,2,2312.8,09:45:08.372721551
3,2312.6,2,2312.8,09:45:08.372858539
3,2312.6,3,2312.8,09:45:08.372974506
8,2312.5,3,2312.8,09:45:09.006870564
8,2312.5,3,2312.8,09:45:09.006870564
8,2312.5,1,2312.7,09:45:09.007117263
7,2312.5,1,2312.7,09:45:09.007315822
7,2312.5,2,2312.7,09:45:09.007343313
7,2312.5,2,2312.7,09:45:09.007356561
7,2312.5,2,2312.7,09:45:09.007388380
7,2312.5,2,2312.7,09:45:09.007457789
7,2312.5,2,2312.7,09:45:09.007472026
7,2312.5,4,2312.8,09:45:09.007740630
7,2312.5,4,2312.8,09:45:09.007740630
1,2312.7,4,2312.8,09:45:09.007762464
1,2312.7,4,2312.8,09:45:09.007933744
1,2312.7,4,2312.8,09:45:09.008045657
1,2312.7,3,2312.8,09:45:09.008109649
1,2312.6,3,2312.8,09:45:09.008280176
1,2312.6,3,2312.8,09:45:09.008280176
2,2312.6,3,2312.8,09:45:09.008412176
3,2312.6,3,2312.8,09:45:09.008426823
3,2312.6,2,2312.8,09:45:09.008534790
3,2312.6,1,2312.8,09:45:09.008695072
3,2312.6,1,2312.8,09:45:09.015086994
3,2312.6,1,2312.8,09:45:09.015086994
3,2312.6,1,2312.8,09:45:09.015100135
3,2312.6,1,2312.8,09:45:09.015114484
3,2312.6,2,2312.8,09:45:09.018737760
3,2312.6,2,2312.8,09:45:09.019213214
3,2312.6,1,2312.8,09:45:09.032762444
3,2312.6,2,2312.8,09:45:09.206359853
3,2312.6,3,2312.8,09:45:09.206417723
3,2312.6,3,2312.8,09:45:09.261374682
3,2312.6,2,2312.8,09:45:09.283610991
3,2312.6,1,2312.8,09:45:09.283929807
3,2312.6,2,2312.8,09:45:09.329837287
3,2312.6,3,2312.8,09:45:09.329890655
2,2312.6,3,2312.8,09:45:09.329917554
2,2312.6,4,2312.8,09:45:09.329954829
2,2312.6,3,2312.8,09:45:09.330087939
1,2312.6,3,2312.8,09:45:09.330120250
7,2312.5,3,2312.8,09:45:09.330240406
7,2312.5,3,2312.8,09:45:09.330240406
7,2312.5,4,2312.8,09:45:09.330391917
7,2312.5,1,2312.7,09:45:09.330451254
7,2312.5,1,2312.7,09:45:09.330611169
7,2312.5,1,2312.7,09:45:09.330656702
7,2312.5,1,2312.7,09:45:09.338997770
7,2312.5,1,2312.7,09:45:09.349696444
7,2312.5,4,2312.8,09:45:09.371187467
7,2312.5,4,2312.8,09:45:09.371187467
1,2312.6,4,2312.8,09:45:09.371346637
2,2312.6,4,2312.8,09:45:09.371479549
2,2312.6,4,2312.8,09:45:09.371507367
2,2312.6,3,2312.8,09:45:09.371558447
3,2312.6,3,2312.8,09:45:09.388450282
3,2312.6,3,2312.8,09:45:09.581282739
3,2312.6,1,2312.7,09:45:09.816298329
3,2312.6,3,2312.8,09:45:09.816542590
3,2312.6,3,2312.8,09:45:09.816542590
3,2312.6,3,2312.8,09:45:09.816568565
2,2312.6,3,2312.8,09:45:09.816568565
3,2312.6,3,2312.8,09:45:09.816650009
3,2312.6,2,2312.8,09:45:09.816717080
3,2312.6,3,2312.8,09:45:09.933193165
4,2312.6,3,2312.8,09:45:10.025826466
4,2312.6,3,2312.8,09:45:10.071292356
3,2312.6,3,2312.8,09:45:10.159251839
4,2312.6,3,2312.8,09:45:10.241202586
4,2312.6,2,2312.8,09:45:10.431615154
1,2312.7,2,2312.8,09:45:10.449343908
1,2312.7,1,2312.8,09:45:10.449479825
1,2312.7,4,2312.9,09:45:10.449718812
1,2312.7,4,2312.9,09:45:10.449718812
1,2312.7,4,2312.9,09:45:10.449743737
1,2312.7,3,2312.9,09:45:10.449760608
1,2312.7,3,2312.9,09:45:10.449760608
1,2312.7,3,2312.9,09:45:10.449760608
1,2312.7,2,2312.9,09:45:10.449820101
1,2312.7,2,2312.9,09:45:10.449920282
1,2312.7,2,2312.9,09:45:10.449935719
1,2312.7,1,2312.8,09:45:10.449961140
1,2312.7,1,2312.8,09:45:10.449983537
1,2312.7,1,2312.8,09:45:10.449996123
2,2312.7,1,2312.8,09:45:10.450035391
2,2312.7,1,2312.8,09:45:10.450098225
3,2312.7,1,2312.8,09:45:10.587744164
3,2312.7,2,2312.9,09:45:10.587991891
3,2312.7,2,2312.9,09:45:10.587991891
3,2312.7,2,2312.9,09:45:10.588212942
3,2312.7,1,2312.9,09:45:10.696158355
4,2312.7,1,2312.9,09:45:10.696285263
4,2312.7,1,2312.9,09:45:10.696386398
4,2312.7,2,2312.9,09:45:10.853346726
4,2312.7,2,2312.9,09:45:10.935088457
3,2312.7,2,2312.9,09:45:10.935210649
3,2312.7,2,2312.9,09:45:11.164377691
3,2312.7,1,2312.9,09:45:11.327322234
3,2312.7,4,2313.0,09:45:11.720801967
3,2312.7,3,2313.0,09:45:11.720801967
3,2312.7,3,2313.0,09:45:11.720801967
3,2312.7,3,2313.0,09:45:11.721016890
4,2312.7,3,2313.0,09:45:11.721155101
4,2312.7,3,2313.0,09:45:11.721187850
4,2312.7,1,2312.9,09:45:11.721212682
4,2312.7,1,2312.9,09:45:11.721239418
1,2312.8,1,2312.9,09:45:11.721259274
1,2312.8,1,2312.9,09:45:11.721283096
1,2312.8,1,2312.9,09:45:11.721296395
2,2312.8,1,2312.9,09:45:11.721343047
2,2312.8,1,2312.9,09:45:11.721439430
2,2312.8,1,2312.9,09:45:11.721474559
2,2312.8,1,2312.9,09:45:11.721494253
3,2312.8,1,2312.9,09:45:11.721513655
2,2312.8,1,2312.9,09:45:11.721533201
2,2312.8,1,2312.9,09:45:11.721547983
3,2312.8,1,2312.9,09:45:11.721568901
3,2312.8,3,2313.0,09:45:11.721626550
3,2312.8,3,2313.0,09:45:11.721626550
3,2312.8,2,2313.0,09:45:11.721734370
3,2312.8,1,2313.0,09:45:11.721893714
3,2312.8,1,2313.0,09:45:11.721919379
3,2312.8,2,2313.0,09:45:11.722901404
3,2312.8,3,2313.0,09:45:11.725878342
3,2312.8,3,2313.0,09:45:11.771303262
3,2312.8,3,2313.0,09:45:11.771436423
3,2312.8,2,2313.0,09:45:11.785504083
3,2312.8,2,2313.0,09:45:11.981291970
4,2312.8,2,2313.0,09:45:13.654156089
4,2312.8,1,2313.0,09:45:13.654290741
4,2312.8,5,2313.1,09:45:13.654416433
4,2312.8,5,2313.1,09:45:13.654416433
4,2312.8,5,2313.1,09:45:13.654523891
3,2312.8,5,2313.1,09:45:13.654594712
3,2312.8,5,2313.1,09:45:13.654704307
3,2312.8,5,2313.1,09:45:13.675380274
3,2312.8,5,2313.1,09:45:13.675380274
3,2312.8,5,2313.1,09:45:14.068148081
4,2312.8,5,2313.1,09:45:14.079878571
5,2312.8,5,2313.1,09:45:15.077791605
1,2312.9,5,2313.1,09:45:15.077944162
2,2312.9,5,2313.1,09:45:15.078007542
2,2312.9,5,2313.1,09:45:15.078077170
2,2312.9,5,2313.1,09:45:15.078134147
2,2312.9,5,2313.1,09:45:15.078172127
2,2312.9,5,2313.1,09:45:15.078186668
2,2312.9,4,2313.1,09:45:15.078211735
2,2312.9,4,2313.1,09:45:15.078251218
2,2312.9,4,2313.1,09:45:15.078263781
3,2312.9,4,2313.1,09:45:15.078317727
3,2312.9,4,2313.1,09:45:15.078405669
2,2312.9,4,2313.1,09:45:15.092123169
2,2312.9,4,2313.1,09:45:15.097810576
1,2312.9,4,2313.1,09:45:15.105181707
1,2312.9,1,2313.0,09:45:15.105315380
1,2312.9,1,2313.0,09:45:15.105453339
4,2312.8,1,2313.0,09:45:15.105479778
4,2312.8,1,2313.0,09:45:15.105479778
4,2312.8,2,2313.0,09:45:15.105685864
3,2312.8,2,2313.0,09:45:15.105703936
3,2312.8,3,2313.0,09:45:15.105760500
2,2312.8,3,2313.0,09:45:15.105815004
2,2312.8,2,2313.0,09:45:15.105834569
2,2312.8,3,2313.0,09:45:15.106890286
1,2312.8,3,2313.0,09:45:15.107014755
1,2312.8,4,2313.0,09:45:15.149804158
1,2312.8,1,2312.9,09:45:15.149937194
1,2312.8,1,2312.9,09:45:15.149958775
1,2312.8,1,2312.9,09:45:15.150075446
1,2312.8,2,2312.9,09:45:15.150623851
3,2312.7,2,2312.9,09:45:15.150742474
3,2312.7,2,2312.9,09:45:15.150742474
2,2312.7,2,2312.9,09:45:15.150873536
1,2312.7,2,2312.9,09:45:15.151260520
2,2312.7,2,2312.9,09:45:15.151391610
2,2312.7,2,2312.9,09:45:15.261310215
1,2312.7,2,2312.9,09:45:15.276188272
1,2312.7,2,2312.9,09:45:15.276303792
1,2312.7,2,2312.9,09:45:15.284805503
1,2312.7,3,2312.9,09:45:15.284955211
1,2312.7,3,2312.9,09:45:15.285067882
1,2312.7,3,2312.9,09:45:15.287215488
3,2312.6,3,2312.9,09:45:15.299172459
3,2312.6,3,2312.9,09:45:15.299172459
4,2312.6,3,2312.9,09:45:15.299291885
5,2312.6,3,2312.9,09:45:15.299322523
5,2312.6,3,2312.9,09:45:15.299337505
5,2312.6,3,2312.9,09:45:15.299352008
1,2312.7,3,2312.9,09:45:15.418167103
1,2312.7,2,2312.9,09:45:15.418359427
1,2312.7,2,2312.9,09:45:15.418375325
2,2312.7,2,2312.9,09:45:15.418473624
2,2312.7,2,2312.9,09:45:15.438412981
5,2312.6,2,2312.9,09:45:15.453284968
5,2312.6,3,2312.7,09:45:15.453284968
5,2312.6,3,2312.7,09:45:15.453284968
5,2312.6,3,2312.7,09:45:15.453386115
5,2312.6,3,2312.7,09:45:15.453403950
5,2312.6,1,2312.8,09:45:15.453711187
5,2312.6,1,2312.8,09:45:15.453711187
4,2312.6,1,2312.8,09:45:15.453790194
4,2312.6,2,2312.8,09:45:15.453790194
4,2312.6,2,2312.8,09:45:15.453817371
4,2312.6,3,2312.8,09:45:15.453817371
4,2312.6,3,2312.8,09:45:15.453817371
3,2312.6,3,2312.8,09:45:15.453826095
2,2312.6,3,2312.8,09:45:15.453826095
3,2312.6,3,2312.8,09:45:15.453862070
3,2312.6,3,2312.8,09:45:15.453873716
3,2312.6,3,2312.8,09:45:15.453888103
3,2312.6,3,2312.8,09:45:15.453905668
4,2312.6,3,2312.8,09:45:15.454060753
4,2312.6,3,2312.8,09:45:15.454074148
5,2312.6,3,2312.8,09:45:15.454142450
1,2312.7,3,2312.8,09:45:15.454168675
1,2312.7,3,2312.8,09:45:15.454305317
1,2312.7,3,2312.8,09:45:15.454499441
1,2312.7,3,2312.8,09:45:15.454499441
4,2312.7,3,2312.8,09:45:15.454784918
4,2312.7,2,2312.8,09:45:15.454887311
4,2312.7,2,2312.8,09:45:15.454949625
1,2312.7,2,2312.8,09:45:15.456522556
4,2312.6,2,2312.8,09:45:15.463416084
4,2312.6,2,2312.8,09:45:15.463416084
3,2312.6,2,2312.8,09:45:15.463614962
3,2312.6,2,2312.8,09:45:15.463660825
3,2312.6,2,2312.8,09:45:15.463674643
2,2312.6,2,2312.8,09:45:15.463742334
2,2312.6,3,2312.8,09:45:15.464603356
1,2312.6,3,2312.8,09:45:15.464731019
7,2312.5,3,2312.8,09:45:15.464762406
7,2312.5,3,2312.8,09:45:15.464762406
7,2312.5,3,2312.8,09:45:15.464888975
7,2312.5,4,2312.8,09:45:15.464910444
7,2312.5,4,2312.8,09:45:15.464925046
7,2312.5,4,2312.8,09:45:15.465023582
1,2312.6,4,2312.8,09:45:15.505974328
1,2312.6,4,2312.8,09:45:15.506116613
1,2312.6,3,2312.8,09:45:15.506137836
1,2312.6,3,2312.8,09:45:15.506150876
2,2312.6,3,2312.8,09:45:15.506269698
3,2312.6,3,2312.8,09:45:15.506284520
3,2312.6,3,2312.8,09:45:15.580281118
7,2312.5,3,2312.8,09:45:15.657217116
7,2312.5,2,2312.6,09:45:15.657217116
7,2312.5,2,2312.6,09:45:15.657217116
7,2312.5,2,2312.6,09:45:15.657318897
7,2312.5,2,2312.6,09:45:15.657441476
7,2312.5,2,2312.6,09:45:15.657612820
7,2312.5,1,2312.7,09:45:15.657676103
7,2312.5,1,2312.7,09:45:15.657676103
1,2312.6,1,2312.7,09:45:15.657698332
1,2312.6,2,2312.7,09:45:15.657744553
1,2312.6,2,2312.7,09:45:15.657819893
1,2312.6,2,2312.7,09:45:15.657832927
1,2312.6,1,2312.7,09:45:15.657974472
1,2312.6,5,2312.8,09:45:15.658098327
1,2312.6,5,2312.8,09:45:15.658098327
1,2312.6,4,2312.8,09:45:15.658124625
1,2312.6,4,2312.8,09:45:15.658167471
2,2312.6,4,2312.8,09:45:15.658247127
2,2312.6,3,2312.8,09:45:15.658371027
4,2312.6,3,2312.8,09:45:15.658801103
4,2312.6,2,2312.8,09:45:15.658915442
2,2312.6,2,2312.8,09:45:15.660562128
2,2312.6,3,2312.8,09:45:15.660680741
2,2312.6,3,2312.8,09:45:15.667221974
2,2312.6,3,2312.8,09:45:15.836423293
2,2312.6,3,2312.8,09:45:15.836436192
2,2312.6,3,2312.8,09:45:15.971317241
1,2312.6,3,2312.8,09:45:15.971445740
2,2312.6,3,2312.8,09:45:15.971573330
1,2312.6,3,2312.8,09:45:15.971594386
2,2312.6,3,2312.8,09:45:16.188087850
2,2312.6,2,2312.8,09:45:16.188224451
3,2312.6,2,2312.8,09:45:16.188342930
4,2312.6,2,2312.8,09:45:16.366080900
1,2312.7,2,2312.8,09:45:16.366259033
1,2312.7,2,2312.8,09:45:16.366477563
4,2312.6,2,2312.8,09:45:16.780086272
4,2312.6,2,2312.8,09:45:16.780086272
3,2312.6,2,2312.8,09:45:16.781396779
3,2312.6,3,2312.8,09:45:16.788371806
3,2312.6,3,2312.8,09:45:16.788661047
4,2312.6,3,2312.8,09:45:17.171742962
4,2312.6,2,2312.8,09:45:17.171862788
1,2312.7,2,2312.8,09:45:17.171992992
1,2312.7,2,2312.8,09:45:17.172159636
1,2312.7,3,2312.9,09:45:17.172528856
1,2312.7,3,2312.9,09:45:17.172528856
2,2312.7,3,2312.9,09:45:17.172766000
3,2312.7,3,2312.9,09:45:17.172782574
3,2312.7,2,2312.9,09:45:17.172900998
3,2312.7,1,2312.9,09:45:17.172936154
3,2312.7,1,2312.9,09:45:17.172938577
4,2312.7,1,2312.9,09:45:17.172960378
5,2312.7,1,2312.9,09:45:17.173056227
5,2312.7,1,2312.8,09:45:17.173080070
5,2312.7,1,2312.8,09:45:17.173187180
4,2312.7,1,2312.8,09:45:17.173206527
3,2312.7,1,2312.8,09:45:17.173225853
2,2312.7,1,2312.8,09:45:17.173363766
1,2312.7,1,2312.8,09:45:17.173429396
4,2312.6,1,2312.8,09:45:17.173551610
4,2312.6,1,2312.8,09:45:17.173551610
4,2312.6,1,2312.8,09:45:17.178400459
4,2312.6,1,2312.8,09:45:17.182223401
1,2312.7,1,2312.8,09:45:17.184653661
1,2312.7,1,2312.9,09:45:17.184813581
1,2312.7,1,2312.9,09:45:17.184813581
1,2312.7,1,2312.9,09:45:17.184835626
1,2312.7,1,2312.9,09:45:17.185012065
1,2312.7,2,2312.9,09:45:17.185043646
1,2312.7,3,2312.9,09:45:17.185058722
1,2312.7,1,2312.8,09:45:17.185081000
4,2312.6,1,2312.8,09:45:17.185157181
4,2312.6,1,2312.8,09:45:17.185157181
4,2312.6,1,2312.8,09:45:17.185290727
1,2312.7,1,2312.8,09:45:17.222189465
1,2312.7,3,2312.9,09:45:17.222395104
1,2312.7,3,2312.9,09:45:17.222395104
1,2312.7,3,2312.9,09:45:17.222416327
1,2312.7,1,2312.8,09:45:17.222548586
4,2312.6,1,2312.8,09:45:17.222683107
4,2312.6,1,2312.8,09:45:17.222683107
3,2312.6,1,2312.8,09:45:17.330604668
3,2312.6,3,2312.9,09:45:17.330743532
3,2312.6,3,2312.9,09:45:17.330743532
4,2312.6,3,2312.9,09:45:17.330877688
4,2312.6,3,2312.9,09:45:17.330892373
4,2312.6,1,2312.8,09:45:17.331013351
3,2312.6,1,2312.8,09:45:17.346082059
3,2312.6,3,2312.9,09:45:17.346201460
3,2312.6,3,2312.9,09:45:17.346201460
4,2312.6,3,2312.9,09:45:17.346333571
4,2312.6,1,2312.8,09:45:17.346460325
4,2312.6,2,2312.8,09:45:17.403168980
4,2312.6,2,2312.8,09:45:17.509605800
4,2312.6,2,2312.8,09:45:17.509619787
4,2312.6,2,2312.8,09:45:17.509636037
4,2312.6,3,2312.8,09:45:17.529034451
3,2312.6,3,2312.8,09:45:17.529062289
3,2312.6,4,2312.8,09:45:17.529100184
2,2312.6,4,2312.8,09:45:17.529183773
1,2312.6,4,2312.8,09:45:17.529295960
1,2312.6,1,2312.7,09:45:17.529418004
1,2312.6,1,2312.7,09:45:17.529549450
8,2312.5,1,2312.7,09:45:17.529577467
8,2312.5,1,2312.7,09:45:17.529577467
7,2312.5,1,2312.7,09:45:17.529831466
7,2312.5,1,2312.7,09:45:17.538255885
7,2312.5,1,2312.7,09:45:17.548552265
7,2312.5,1,2312.7,09:45:17.652192138
7,2312.5,2,2312.7,09:45:17.793121486
7,2312.5,1,2312.7,09:45:17.826691507
1,2312.6,1,2312.7,09:45:17.826817288
1,2312.6,1,2312.7,09:45:17.826855999
1,2312.6,4,2312.8,09:45:17.826926343
1,2312.6,4,2312.8,09:45:17.826926343
1,2312.6,4,2312.8,09:45:17.826958904
1,2312.6,4,2312.8,09:45:17.831320234
2,2312.6,4,2312.8,09:45:17.847577585
2,2312.6,3,2312.8,09:45:17.851678146
1,2312.7,3,2312.8,09:45:17.851798282
1,2312.7,3,2312.8,09:45:17.851896723
1,2312.7,3,2312.8,09:45:17.851943696
1,2312.7,2,2312.8,09:45:17.851966004
1,2312.7,2,2312.8,09:45:17.851977713
1,2312.7,1,2312.8,09:45:17.852013666
1,2312.7,1,2312.8,09:45:17.852054396
1,2312.7,3,2312.9,09:45:17.852111706
1,2312.7,3,2312.9,09:45:17.852111706
2,2312.7,3,2312.9,09:45:17.852198649
2,2312.7,3,2312.9,09:45:17.852209570
2,2312.7,3,2312.9,09:45:17.852337634
3,2312.7,3,2312.9,09:45:17.852356444
3,2312.7,3,2312.9,09:45:17.873299470
3,2312.7,3,2312.9,09:45:17.971332236
3,2312.7,3,2312.9,09:45:17.971445879
3,2312.7,3,2312.9,09:45:18.241337080
3,2312.7,4,2312.9,09:45:18.318481266
4,2312.7,4,2312.9,09:45:18.318504844
4,2312.7,4,2312.9,09:45:18.318625288
3,2312.7,4,2312.9,09:45:18.446118590
3,2312.7,5,2312.9,09:45:18.446141322
3,2312.7,1,2312.8,09:45:18.446168389
3,2312.7,2,2312.8,09:45:18.446233574
3,2312.7,2,2312.8,09:45:18.446322938
2,2312.7,2,2312.8,09:45:18.446376905
1,2312.7,2,2312.8,09:45:18.446426183
1,2312.7,2,2312.8,09:45:18.446458309
1,2312.7,1,2312.8,09:45:18.446971535
1,2312.7,1,2312.8,09:45:18.454908569
1,2312.7,1,2312.8,09:45:18.571339863
1,2312.7,2,2312.8,09:45:18.585278134
1,2312.7,3,2312.8,09:45:18.662995112
3,2312.6,3,2312.8,09:45:18.663510230
3,2312.6,3,2312.8,09:45:18.663510230
3,2312.6,4,2312.8,09:45:18.663618127
4,2312.6,4,2312.8,09:45:18.663636991
3,2312.6,4,2312.8,09:45:18.663728237
3,2312.6,4,2312.8,09:45:18.663738935
4,2312.6,4,2312.8,09:45:18.671396924
5,2312.6,4,2312.8,09:45:18.671413801
5,2312.6,3,2312.8,09:45:18.671509499
1,2312.7,3,2312.8,09:45:18.671641376
1,2312.7,3,2312.8,09:45:18.671806135
1,2312.7,2,2312.8,09:45:18.671828504
1,2312.7,2,2312.8,09:45:18.671845915
1,2312.7,1,2312.8,09:45:18.671874969
2,2312.7,1,2312.8,09:45:18.671909708
2,2312.7,6,2312.9,09:45:18.672053618
2,2312.7,6,2312.9,09:45:18.672053618
1,2312.7,6,2312.9,09:45:18.672108890
2,2312.7,6,2312.9,09:45:18.672253238
3,2312.7,6,2312.9,09:45:18.672276423
4,2312.7,6,2312.9,09:45:18.672295460
4,2312.7,6,2312.9,09:45:18.672460852
4,2312.7,5,2312.9,09:45:18.672476044
4,2312.7,4,2312.9,09:45:18.672528278
4,2312.7,4,2312.9,09:45:18.691210674
5,2312.7,4,2312.9,09:45:18.691467258
5,2312.7,4,2312.9,09:45:18.694460743
5,2312.7,4,2312.9,09:45:18.701329608
5,2312.7,4,2312.9,09:45:18.741331437
5,2312.7,3,2312.9,09:45:18.879841885
1,2312.8,3,2312.9,09:45:18.879973957
1,2312.8,2,2312.9,09:45:18.880088343
1,2312.8,1,2312.9,09:45:18.880233323
2,2312.8,1,2312.9,09:45:18.880259227
3,2312.8,1,2312.9,09:45:18.880327014
4,2312.8,1,2312.9,09:45:18.880344509
5,2312.8,1,2312.9,09:45:18.880379521
5,2312.8,6,2313.0,09:45:18.880578351
5,2312.8,6,2313.0,09:45:18.880578351
6,2312.8,6,2313.0,09:45:18.880600140
7,2312.8,6,2313.0,09:45:18.880615187
7,2312.8,5,2313.0,09:45:18.880656765
8,2312.8,5,2313.0,09:45:18.880676913
1,2312.9,5,2313.0,09:45:18.880708135
2,2312.9,5,2313.0,09:45:18.880743998
2,2312.9,5,2313.0,09:45:18.880828336
2,2312.9,5,2313.0,09:45:18.880842538
2,2312.9,5,2313.0,09:45:18.880855947
2,2312.9,5,2313.0,09:45:18.880873930
2,2312.9,4,2313.0,09:45:18.880891250
3,2312.9,4,2313.0,09:45:18.880911842
3,2312.9,4,2313.0,09:45:18.880956905
3,2312.9,3,2313.0,09:45:18.881072239
3,2312.9,3,2313.0,09:45:18.881100924
3,2312.9,3,2313.0,09:45:18.881130407
3,2312.9,2,2313.0,09:45:18.881173188
4,2312.9,2,2313.0,09:45:18.881188977
4,2312.9,2,2313.0,09:45:18.881247384
4,2312.9,1,2313.0,09:45:18.881296377
4,2312.9,1,2313.0,09:45:18.881323834
4,2312.9,1,2313.0,09:45:18.882867754
4,2312.9,1,2313.0,09:45:18.889247364
4,2312.9,1,2313.0,09:45:18.891227292
4,2312.9,1,2313.0,09:45:18.891240396
4,2312.9,3,2313.1,09:45:19.132560516
4,2312.9,3,2313.1,09:45:19.132560516
1,2313.0,3,2313.1,09:45:19.132602626
2,2313.0,3,2313.1,09:45:19.132785536
1,2313.0,3,2313.1,09:45:19.132838384
1,2313.0,3,2313.1,09:45:19.132887498
1,2313.0,3,2313.1,09:45:19.132901960
1,2313.0,3,2313.1,09:45:19.132916201
1,2313.0,3,2313.1,09:45:19.132932578
1,2313.0,3,2313.1,09:45:19.132965760
2,2313.0,3,2313.1,09:45:19.133023374
2,2313.0,2,2313.1,09:45:19.133119421
2,2313.0,2,2313.1,09:45:19.133302756
1,2313.0,2,2313.1,09:45:19.133327802
1,2313.0,2,2313.1,09:45:19.133359227
2,2313.0,2,2313.1,09:45:19.133397074
2,2313.0,2,2313.1,09:45:19.134176047
2,2313.0,2,2313.1,09:45:19.134176047
2,2313.0,2,2313.1,09:45:19.140376780
3,2313.0,2,2313.1,09:45:19.398621162
3,2313.0,1,2313.1,09:45:19.398745369
3,2313.0,4,2313.2,09:45:19.398888927
3,2313.0,4,2313.2,09:45:19.398888927
4,2313.0,4,2313.2,09:45:19.398919324
1,2313.1,4,2313.2,09:45:19.398922592
2,2313.1,4,2313.2,09:45:19.399016047
2,2313.1,4,2313.2,09:45:19.399040674
2,2313.1,3,2313.2,09:45:19.399061865
1,2313.1,3,2313.2,09:45:19.399105546
1,2313.1,3,2313.2,09:45:19.399157137
1,2313.1,2,2313.2,09:45:19.399217440
1,2313.1,2,2313.2,09:45:19.399246021
1,2313.1,2,2313.2,09:45:19.399274169
1,2313.1,2,2313.2,09:45:19.399309683
1,2313.1,2,2313.2,09:45:19.399323041
1,2313.1,1,2313.2,09:45:19.399433812
1,2313.1,1,2313.2,09:45:19.399441780
1,2313.1,1,2313.2,09:45:19.399958638
1,2313.1,1,2313.2,09:45:19.417696142
1,2313.1,2,2313.2,09:45:19.456808976
7,2313.0,2,2313.2,09:45:19.456831953
7,2313.0,2,2313.2,09:45:19.456831953
7,2313.0,3,2313.2,09:45:19.456856782
7,2313.0,4,2313.2,09:45:19.456876133
7,2313.0,1,2313.1,09:45:19.456925763
7,2313.0,2,2313.1,09:45:19.456981127
6,2313.0,2,2313.1,09:45:19.456995342
5,2313.0,2,2313.1,09:45:19.457022036
5,2313.0,3,2313.1,09:45:19.457055321
5,2313.0,3,2313.1,09:45:19.457116634
5,2313.0,3,2313.1,09:45:19.457128797
4,2313.0,3,2313.1,09:45:19.457146807
4,2313.0,4,2313.1,09:45:19.457182245
3,2313.0,4,2313.1,09:45:19.457200965
3,2313.0,4,2313.1,09:45:19.457261386
3,2313.0,4,2313.1,09:45:19.457277472
2,2313.0,4,2313.1,09:45:19.457300241
1,2313.0,4,2313.1,09:45:19.457336795
1,2313.0,3,2313.1,09:45:19.457376544
1,2313.0,3,2313.1,09:45:19.457412195
1,2313.0,3,2313.1,09:45:19.457423959
4,2312.9,3,2313.1,09:45:19.457489531
4,2312.9,3,2313.1,09:45:19.457489531
5,2312.9,3,2313.1,09:45:19.457725146
5,2312.9,4,2313.1,09:45:20.267324874
4,2312.9,4,2313.1,09:45:20.267440284
4,2312.9,4,2313.1,09:45:20.267473018
4,2312.9,4,2313.1,09:45:20.267487229
4,2312.9,3,2313.1,09:45:20.409259801
5,2312.9,3,2313.1,09:45:20.409326235
5,2312.9,2,2313.1,09:45:20.409364530
5,2312.9,2,2313.1,09:45:20.409396416
5,2312.9,1,2313.1,09:45:20.768414679
1,2313.0,1,2313.1,09:45:20.768519381
1,2313.0,5,2313.2,09:45:20.768547642
1,2313.0,5,2313.2,09:45:20.768547642
2,2313.0,5,2313.2,09:45:20.768584782
3,2313.0,5,2313.2,09:45:20.768598887
4,2313.0,5,2313.2,09:45:20.768646254
5,2313.0,5,2313.2,09:45:20.768694776
5,2313.0,5,2313.2,09:45:20.768706787
5,2313.0,4,2313.2,09:45:20.768778347
6,2313.0,4,2313.2,09:45:20.768883261
6,2313.0,3,2313.2,09:45:20.769573662
5,2313.0,3,2313.2,09:45:20.803549787
5,2313.0,3,2313.2,09:45:20.889157463
5,2313.0,3,2313.2,09:45:21.015864782
5,2313.0,3,2313.2,09:45:21.015864782
5,2313.0,2,2313.2,09:45:21.403736424
1,2313.1,2,2313.2,09:45:21.403839104
1,2313.1,1,2313.2,09:45:21.403872014
1,2313.1,4,2313.3,09:45:21.403908533
1,2313.1,4,2313.3,09:45:21.403908533
1,2313.1,4,2313.3,09:45:21.404012999
1,2313.1,4,2313.3,09:45:21.404028964
2,2313.1,4,2313.3,09:45:21.404077464
2,2313.1,4,2313.3,09:45:21.404085871
2,2313.1,4,2313.3,09:45:21.404115913
2,2313.1,4,2313.3,09:45:21.404146547
2,2313.1,4,2313.3,09:45:21.404174592
3,2313.1,4,2313.3,09:45:21.404196517
3,2313.1,5,2313.3,09:45:21.404252078
3,2313.1,5,2313.3,09:45:21.404322089
3,2313.1,1,2313.2,09:45:21.404381390
3,2313.1,1,2313.2,09:45:21.404403352
3,2313.1,1,2313.2,09:45:21.404457287
3,2313.1,1,2313.2,09:45:21.404491034
3,2313.1,1,2313.2,09:45:21.404505742
3,2313.1,2,2313.2,09:45:21.404559355
2,2313.1,2,2313.2,09:45:21.404575516
1,2313.1,2,2313.2,09:45:21.404674087
1,2313.1,2,2313.2,09:45:21.404686731
1,2313.1,3,2313.2,09:45:21.404708162
1,2313.1,4,2313.2,09:45:21.404727135
6,2313.0,4,2313.2,09:45:21.404942170
6,2313.0,4,2313.2,09:45:21.404942170
6,2313.0,1,2313.1,09:45:21.405117076
6,2313.0,2,2313.1,09:45:21.405144407
5,2313.0,2,2313.1,09:45:21.405158977
4,2313.0,2,2313.1,09:45:21.405382527
3,2313.0,2,2313.1,09:45:21.405402901
3,2313.0,2,2313.1,09:45:21.405435069
3,2313.0,3,2313.1,09:45:21.405458611
2,2313.0,3,2313.1,09:45:21.405479569
2,2313.0,4,2313.1,09:45:21.405523792
2,2313.0,4,2313.1,09:45:21.405562903
2,2313.0,4,2313.1,09:45:21.405589680
1,2313.0,4,2313.1,09:45:21.405622229
5,2312.9,4,2313.1,09:45:21.405770315
5,2312.9,4,2313.1,09:45:21.405770315
5,2312.9,3,2313.1,09:45:21.405964146
5,2312.9,3,2313.1,09:45:21.581357784
5,2312.9,2,2313.1,09:45:21.670199762
1,2313.0,2,2313.1,09:45:21.670326570
2,2313.0,2,2313.1,09:45:21.670361045
2,2313.0,1,2313.1,09:45:21.670386687
2,2313.0,6,2313.2,09:45:21.670406675
2,2313.0,6,2313.2,09:45:21.670406675
3,2313.0,6,2313.2,09:45:21.670439814
3,2313.0,6,2313.2,09:45:21.670495760
3,2313.0,6,2313.2,09:45:21.670509863
3,2313.0,5,2313.2,09:45:21.670560237
4,2313.0,5,2313.2,09:45:21.670580214
4,2313.0,5,2313.2,09:45:21.670592480
5,2313.0,5,2313.2,09:45:21.670640907
4,2313.0,5,2313.2,09:45:21.719459306
2,2313.1,5,2313.2,09:45:21.785433349
2,2313.1,4,2313.2,09:45:21.785571289
2,2313.1,4,2313.2,09:45:21.785600948
2,2313.1,4,2313.2,09:45:21.785638379
2,2313.1,4,2313.2,09:45:21.785689567
2,2313.1,4,2313.2,09:45:21.785720908
2,2313.1,3,2313.2,09:45:21.785792011
2,2313.1,2,2313.2,09:45:21.785880477
2,2313.1,1,2313.2,09:45:21.785983471
2,2313.1,6,2313.3,09:45:21.786128894
2,2313.1,6,2313.3,09:45:21.786128894
2,2313.1,6,2313.3,09:45:21.786252823
2,2313.1,5,2313.3,09:45:21.786269934
2,2313.1,5,2313.3,09:45:21.798246438
3,2313.1,5,2313.3,09:45:21.798420086
3,2313.1,5,2313.3,09:45:22.058874839
3,2313.1,5,2313.3,09:45:22.060205141
3,2313.1,5,2313.3,09:45:22.582915196
3,2313.1,5,2313.3,09:45:22.692234364
3,2313.1,5,2313.3,09:45:22.692248192
3,2313.1,1,2313.2,09:45:22.739286821
3,2313.1,2,2313.2,09:45:22.739373543
3,2313.1,2,2313.2,09:45:22.739460528
3,2313.1,2,2313.2,09:45:22.739477296
3,2313.1,2,2313.2,09:45:23.283809650
2,2313.1,2,2313.2,09:45:23.639957850
2,2313.1,3,2313.2,09:45:23.640070506
7,2313.0,3,2313.2,09:45:23.640192364
7,2313.0,3,2313.2,09:45:23.640192364
6,2313.0,3,2313.2,09:45:23.640396618
6,2313.0,3,2313.2,09:45:23.640426215
6,2313.0,3,2313.2,09:45:23.640442312
6,2313.0,1,2313.1,09:45:23.640520207
5,2313.0,1,2313.1,09:45:23.640645723
5,2313.0,1,2313.1,09:45:23.640659852
5,2313.0,1,2313.1,09:45:23.640691568
4,2313.0,1,2313.1,09:45:23.640712137
5,2313.0,1,2313.1,09:45:23.640780193
4,2313.0,1,2313.1,09:45:23.644742865
4,2313.0,1,2313.1,09:45:23.644839469
4,2313.0,2,2313.1,09:45:23.644869069
4,2313.0,3,2313.1,09:45:23.644886225
4,2313.0,4,2313.1,09:45:23.644989527
4,2313.0,2,2313.1,09:45:23.645924236
4,2313.0,1,2313.1,09:45:23.646238198
4,2313.0,4,2313.2,09:45:23.646298679
4,2313.0,4,2313.2,09:45:23.646298679
4,2313.0,4,2313.2,09:45:23.648369115
4,2313.0,4,2313.2,09:45:23.821367870
4,2313.0,5,2313.2,09:45:24.008977816
4,2313.0,1,2313.1,09:45:24.009118069
4,2313.0,1,2313.1,09:45:24.009160342
4,2313.0,2,2313.1,09:45:24.009191743
4,2313.0,2,2313.1,09:45:24.009200816
4,2313.0,3,2313.1,09:45:24.014486923
4,2313.0,4,2313.1,09:45:24.016445438
4,2313.0,4,2313.1,09:45:24.016445438
3,2313.0,4,2313.1,09:45:24.017446678
5,2312.9,4,2313.1,09:45:24.017446678
5,2312.9,4,2313.1,09:45:24.017446678
5,2312.9,4,2313.1,09:45:24.017645323
4,2312.9,4,2313.1,09:45:24.017722485
4,2312.9,4,2313.1,09:45:24.017761133
4,2312.9,4,2313.1,09:45:24.017812238
4,2312.9,1,2313.0,09:45:24.017881525
4,2312.9,1,2313.0,09:45:24.017905436
4,2312.9,2,2313.0,09:45:24.018021327
3,2312.9,2,2313.0,09:45:24.018039017
2,2312.9,2,2313.0,09:45:24.018063001
2,2312.9,3,2313.0,09:45:24.018078845
1,2312.9,3,2313.0,09:45:24.018113802
1,2312.9,4,2313.0,09:45:24.018233751
1,2312.9,4,2313.0,09:45:24.018286769
1,2312.9,5,2313.0,09:45:24.018305380
7,2312.8,5,2313.0,09:45:24.018385357
7,2312.8,5,2313.0,09:45:24.018385357
7,2312.8,5,2313.0,09:45:24.018492633
7,2312.8,6,2313.0,09:45:24.018572891
6,2312.8,6,2313.0,09:45:24.018620715
5,2312.8,6,2313.0,09:45:24.018747946
5,2312.8,6,2313.0,09:45:24.026137046
5,2312.8,6,2313.0,09:45:24.026509751
5,2312.8,6,2313.0,09:45:24.028237949
5,2312.8,6,2313.0,09:45:24.028251825
4,2312.8,6,2313.0,09:45:24.031168446
4,2312.8,6,2313.0,09:45:24.031304152
4,2312.8,6,2313.0,09:45:24.031318443
4,2312.8,1,2312.9,09:45:24.079639469
3,2312.8,1,2312.9,09:45:24.079663947
3,2312.8,2,2312.9,09:45:24.079759542
2,2312.8,2,2312.9,09:45:24.079817601
2,2312.8,2,2312.9,09:45:24.079842536
2,2312.8,2,2312.9,09:45:24.079857026
2,2312.8,3,2312.9,09:45:24.080059382
2,2312.8,2,2312.9,09:45:24.080059382
1,2312.8,2,2312.9,09:45:24.080090160
1,2312.8,1,2312.9,09:45:24.080203900
1,2312.8,7,2313.0,09:45:24.080301979
1,2312.8,7,2313.0,09:45:24.080301979
2,2312.8,7,2313.0,09:45:24.080386275
3,2312.8,7,2313.0,09:45:24.080402406
4,2312.8,7,2313.0,09:45:24.080420989
4,2312.8,6,2313.0,09:45:24.080437588
4,2312.8,5,2313.0,09:45:24.080470978
4,2312.8,4,2313.0,09:45:24.081457948
4,2312.8,4,2313.0,09:45:24.099206274
4,2312.8,4,2313.0,09:45:24.099218546
4,2312.8,4,2313.0,09:45:24.351368160
5,2312.8,4,2313.0,09:45:24.439519388
5,2312.8,3,2313.0,09:45:24.439792248
5,2312.8,2,2313.0,09:45:24.439832918
1,2312.9,2,2313.0,09:45:24.439926414
2,2312.9,2,2313.0,09:45:24.439961209
3,2312.9,2,2313.0,09:45:24.439976585
3,2312.9,1,2313.0,09:45:24.440006211
3,2312.9,1,2313.0,09:45:24.440070024
3,2312.9,1,2313.0,09:45:24.440086817
3,2312.9,1,2313.0,09:45:24.440103151
4,2312.9,1,2313.0,09:45:24.440242990
4,2312.9,4,2313.1,09:45:24.440376864
4,2312.9,4,2313.1,09:45:24.440376864
4,2312.9,4,2313.1,09:45:24.440510407
4,2312.9,4,2313.1,09:45:24.441428224
2,2313.0,4,2313.1,09:45:24.665435249
2,2313.0,4,2313.1,09:45:24.665609410
2,2313.0,3,2313.1,09:45:24.665630566
3,2313.0,3,2313.1,09:45:24.856229776
3,2313.0,2,2313.1,09:45:24.856405315
3,2313.0,2,2313.1,09:45:24.856419145
3,2313.0,1,2313.1,09:45:25.017599551
4,2313.0,1,2313.1,09:45:25.017705447
5,2313.0,1,2313.1,09:45:25.017837514
5,2313.0,4,2313.2,09:45:25.017989930
5,2313.0,4,2313.2,09:45:25.017989930
1,2313.1,4,2313.2,09:45:25.018007392
5,2313.0,4,2313.2,09:45:25.018031566
5,2313.0,4,2313.2,09:45:25.018031566
5,2313.0,4,2313.2,09:45:25.018211802
5,2313.0,4,2313.2,09:45:25.018225931
5,2313.0,3,2313.2,09:45:25.018247420
6,2313.0,3,2313.2,09:45:25.018264630
6,2313.0,2,2313.2,09:45:25.018287219
6,2313.0,2,2313.2,09:45:25.018323482
7,2313.0,2,2313.2,09:45:25.018340663
1,2313.1,2,2313.2,09:45:25.018407621
1,2313.1,2,2313.2,09:45:25.018429484
1,2313.1,2,2313.2,09:45:25.018524548
1,2313.1,3,2313.2,09:45:25.020884378
2,2313.1,3,2313.2,09:45:25.027673571
2,2313.1,2,2313.2,09:45:25.027801661
2,2313.1,2,2313.2,09:45:25.031223451
2,2313.1,3,2313.2,09:45:25.049292680
2,2313.1,3,2313.2,09:45:25.049410119
2,2313.1,3,2313.2,09:45:25.049426801
2,2313.1,2,2313.2,09:45:25.049603035
3,2313.1,2,2313.2,09:45:25.277657007
3,2313.1,1,2313.2,09:45:25.277808915
3,2313.1,6,2313.3,09:45:25.277829107
3,2313.1,6,2313.3,09:45:25.277829107
3,2313.1,6,2313.3,09:45:25.278400248
3,2313.1,5,2313.3,09:45:25.278417513
3,2313.1,5,2313.3,09:45:25.296140651
3,2313.1,5,2313.3,09:45:25.296155051
3,2313.1,4,2313.3,09:45:25.339471164
4,2313.1,4,2313.3,09:45:25.339574017
4,2313.1,4,2313.3,09:45:25.340197633
4,2313.1,4,2313.3,09:45:25.340246002
4,2313.1,4,2313.3,09:45:25.342555952
4,2313.1,5,2313.3,09:45:25.365321336
3,2313.1,5,2313.3,09:45:25.365381236
3,2313.1,6,2313.3,09:45:25.365398074
3,2313.1,1,2313.2,09:45:25.365436718
3,2313.1,2,2313.2,09:45:25.365468299
3,2313.1,3,2313.2,09:45:25.365490588
3,2313.1,4,2313.2,09:45:25.365544413
3,2313.1,4,2313.2,09:45:25.365575084
7,2313.0,4,2313.2,09:45:25.366289049
7,2313.0,4,2313.2,09:45:25.366289049
7,2313.0,3,2313.2,09:45:25.366329677
6,2313.0,3,2313.2,09:45:25.366453964
6,2313.0,1,2313.1,09:45:25.366480985
6,2313.0,2,2313.1,09:45:25.366498237
6,2313.0,3,2313.1,09:45:25.366544449
6,2313.0,3,2313.1,09:45:25.366649891
5,2313.0,3,2313.1,09:45:25.366712503
5,2313.0,4,2313.1,09:45:25.366732590
5,2313.0,4,2313.1,09:45:25.366763851
5,2313.0,5,2313.1,09:45:25.366801733
4,2313.0,5,2313.1,09:45:25.366817589
4,2313.0,5,2313.1,09:45:25.366902741
4,2313.0,5,2313.1,09:45:25.366949757
4,2313.0,5,2313.1,09:45:25.367364971
4,2313.0,5,2313.1,09:45:25.367380021
3,2313.0,5,2313.1,09:45:25.367404297
3,2313.0,4,2313.1,09:45:25.367439869
3,2313.0,3,2313.1,09:45:25.367490245
3,2313.0,2,2313.1,09:45:25.367510734
3,2313.0,2,2313.1,09:45:25.367576780
3,2313.0,2,2313.1,09:45:25.375075348
3,2313.0,2,2313.1,09:45:25.471374920
4,2313.0,2,2313.1,09:45:25.766237772
4,2313.0,1,2313.1,09:45:25.766417592
4,2313.0,4,2313.2,09:45:25.766457623
4,2313.0,4,2313.2,09:45:25.766457623
4,2313.0,4,2313.2,09:45:25.766480119
4,2313.0,3,2313.2,09:45:25.766544335
4,2313.0,4,2313.2,09:45:25.833617788
1,2313.1,4,2313.2,09:45:26.135342848
1,2313.1,4,2313.2,09:45:26.135545547
1,2313.1,3,2313.2,09:45:26.135587411
1,2313.1,3,2313.2,09:45:26.135618307
1,2313.1,2,2313.2,09:45:26.135722508
1,2313.1,2,2313.2,09:45:26.135738153
1,2313.1,2,2313.2,09:45:26.135947172
2,2313.1,2,2313.2,09:45:26.167013094
3,2313.1,2,2313.2,09:45:26.213684740
3,2313.1,1,2313.2,09:45:26.213813556
3,2313.1,6,2313.3,09:45:26.213825761
3,2313.1,6,2313.3,09:45:26.213825761
3,2313.1,6,2313.3,09:45:26.213944150
3,2313.1,5,2313.3,09:45:26.213961860
3,2313.1,5,2313.3,09:45:26.222346413
3,2313.1,1,2313.2,09:45:26.850122123
3,2313.1,2,2313.2,09:45:26.850153352
3,2313.1,3,2313.2,09:45:26.850271323
1,2313.1,3,2313.2,09:45:26.850424209
1,2313.1,3,2313.2,09:45:26.850443285
1,2313.1,3,2313.2,09:45:26.850475929
1,2313.1,2,2313.2,09:45:26.850531815
5,2313.0,2,2313.2,09:45:26.850623398
5,2313.0,2,2313.2,09:45:26.850623398
5,2313.0,1,2313.1,09:45:26.850666226
5,2313.0,1,2313.1,09:45:26.850710752
5,2313.0,2,2313.1,09:45:26.850880392
5,2313.0,1,2313.1,09:45:26.850906321
5,2313.0,1,2313.1,09:45:26.850917093
5,2313.0,1,2313.1,09:45:26.850949896
4,2313.0,1,2313.1,09:45:26.850982351
4,2313.0,2,2313.1,09:45:26.851010211
4,2313.0,2,2313.1,09:45:26.851053509
4,2313.0,2,2313.1,09:45:26.851065611
3,2313.0,2,2313.1,09:45:26.851306656
3,2313.0,2,2313.1,09:45:26.851410726
3,2313.0,3,2313.1,09:45:26.853308293
4,2312.9,3,2313.1,09:45:26.858291559
4,2312.9,3,2313.1,09:45:26.858291559
4,2312.9,3,2313.1,09:45:26.858326462
4,2312.9,4,2313.1,09:45:26.858413891
4,2312.9,4,2313.1,09:45:26.858569628
4,2312.9,4,2313.1,09:45:26.858636154
4,2312.9,5,2313.1,09:45:26.858812891
3,2312.9,5,2313.1,09:45:26.858944768
2,2312.9,5,2313.1,09:45:26.858966289
2,2312.9,6,2313.1,09:45:26.859057458
2,2312.9,1,2313.0,09:45:26.859099325
2,2312.9,2,2313.0,09:45:26.859163173
2,2312.9,2,2313.0,09:45:26.859250023
2,2312.9,2,2313.0,09:45:26.859458101
2,2312.9,3,2313.0,09:45:26.859512022
2,2312.9,3,2313.0,09:45:26.859617656
1,2312.9,3,2313.0,09:45:26.859925022
1,2312.9,3,2313.0,09:45:26.859978780
1,2312.9,4,2313.0,09:45:26.860001897
1,2312.9,4,2313.0,09:45:26.860085735
6,2312.8,4,2313.0,09:45:26.860550401
6,2312.8,4,2313.0,09:45:26.860550401
6,2312.8,3,2313.0,09:45:26.860580431
6,2312.8,2,2313.0,09:45:26.860638038
6,2312.8,3,2313.0,09:45:26.860790364
6,2312.8,4,2313.0,09:45:26.860906018
6,2312.8,4,2313.0,09:45:26.860938143
6,2312.8,3,2313.0,09:45:26.861402582
6,2312.8,2,2313.0,09:45:26.861423120
1,2312.9,2,2313.0,09:45:26.861460589
1,2312.9,2,2313.0,09:45:26.861484205
2,2312.9,2,2313.0,09:45:26.861535137
2,2312.9,1,2313.0,09:45:26.861751184
2,2312.9,4,2313.1,09:45:26.861874658
2,2312.9,4,2313.1,09:45:26.861874658
2,2312.9,4,2313.1,09:45:26.863546148
1,2312.9,4,2313.1,09:45:26.868625632
1,2312.9,1,2313.0,09:45:26.868829368
1,2312.9,4,2313.1,09:45:26.868901936
1,2312.9,4,2313.1,09:45:26.868901936
1,2312.9,1,2313.0,09:45:26.868971313
1,2312.9,2,2313.0,09:45:26.869005259
2,2312.9,2,2313.0,09:45:26.886638658
2,2312.9,1,2313.0,09:45:26.889266869
2,2312.9,4,2313.1,09:45:26.901620637
2,2312.9,4,2313.1,09:45:26.901620637
3,2312.9,4,2313.1,09:45:27.235924775
2,2312.9,4,2313.1,09:45:27.236076580
2,2312.9,4,2313.1,09:45:27.242166063
2,2312.9,4,2313.1,09:45:27.242166063
3,2312.9,4,2313.1,09:45:27.243850103
3,2312.9,3,2313.1,09:45:27.244221999
4,2312.9,3,2313.1,09:45:27.245517744
4,2312.9,2,2313.1,09:45:27.245536324
1,2313.0,2,2313.1,09:45:27.245641589
2,2313.0,2,2313.1,09:45:27.245658774
2,2313.0,1,2313.1,09:45:27.245841376
2,2313.0,1,2313.1,09:45:27.245850250
2,2313.0,1,2313.1,09:45:27.245916411
3,2313.0,1,2313.1,09:45:27.245992602
3,2313.0,4,2313.2,09:45:27.246201182
3,2313.0,4,2313.2,09:45:27.246201182
3,2313.0,4,2313.2,09:45:27.246528394
3,2313.0,4,2313.2,09:45:27.246542900
3,2313.0,1,2313.1,09:45:27.246570888
2,2313.0,1,2313.1,09:45:27.247250435
2,2313.0,1,2313.1,09:45:27.256063070
2,2313.0,1,2313.1,09:45:28.114139177
3,2313.0,1,2313.1,09:45:28.300889125
3,2313.0,4,2313.2,09:45:28.301039051
3,2313.0,4,2313.2,09:45:28.301039051
1,2313.1,4,2313.2,09:45:28.301061829
2,2313.1,4,2313.2,09:45:28.301086899
2,2313.1,3,2313.2,09:45:28.301121600
2,2313.1,3,2313.2,09:45:28.301147934
2,2313.1,2,2313.2,09:45:28.301201909
2,2313.1,1,2313.2,09:45:28.301433588
3,2313.1,1,2313.2,09:45:28.301449233
3,2313.1,1,2313.2,09:45:28.301479366
3,2313.1,1,2313.2,09:45:28.301495719
3,2313.1,6,2313.3,09:45:28.301521313
3,2313.1,6,2313.3,09:45:28.301521313
3,2313.1,6,2313.3,09:45:28.301586749
4,2313.1,6,2313.3,09:45:28.301633227
4,2313.1,5,2313.3,09:45:28.301821314
4,2313.1,5,2313.3,09:45:28.301870259
4,2313.1,4,2313.3,09:45:28.301889097
4,2313.1,4,2313.3,09:45:28.302070679
4,2313.1,4,2313.3,09:45:28.320050302
3,2313.1,4,2313.3,09:45:28.941172865
3,2313.1,1,2313.2,09:45:28.941318588
3,2313.1,2,2313.2,09:45:28.941349274
2,2313.1,2,2313.2,09:45:28.941368692
2,2313.1,2,2313.2,09:45:28.941381930
2,2313.1,3,2313.2,09:45:28.941402811
2,2313.1,3,2313.2,09:45:28.941418348
2,2313.1,3,2313.2,09:45:28.941481256
2,2313.1,4,2313.2,09:45:28.941522009
2,2313.1,4,2313.2,09:45:28.941571311
6,2313.0,4,2313.2,09:45:28.941666910
6,2313.0,4,2313.2,09:45:28.941666910
6,2313.0,3,2313.2,09:45:28.941708044
6,2313.0,1,2313.1,09:45:28.941824504
6,2313.0,2,2313.1,09:45:28.941855571
5,2313.0,2,2313.1,09:45:28.941872393
5,2313.0,1,2313.1,09:45:28.941900573
4,2313.0,1,2313.1,09:45:28.941913641
4,2313.0,2,2313.1,09:45:28.941940212
3,2313.0,2,2313.1,09:45:28.942046169
3,2313.0,3,2313.1,09:45:28.942088433
3,2313.0,3,2313.1,09:45:28.942101073
3,2313.0,3,2313.1,09:45:28.942135570
3,2313.0,3,2313.1,09:45:28.942191475
3,2313.0,3,2313.1,09:45:28.942204278
2,2313.0,3,2313.1,09:45:28.942227936
1,2313.0,3,2313.1,09:45:28.942250765
1,2313.0,2,2313.1,09:45:28.942329743
1,2313.0,2,2313.1,09:45:28.942439826
1,2313.0,3,2313.1,09:45:28.949779241
1,2313.0,3,2313.1,09:45:28.949851050
4,2312.9,3,2313.1,09:45:29.402516815
4,2312.9,3,2313.1,09:45:29.402516815
4,2312.9,1,2313.0,09:45:29.402539299
4,2312.9,2,2313.0,09:45:29.402577681
3,2312.9,2,2313.0,09:45:29.402596317
2,2312.9,2,2313.0,09:45:29.402704205
2,2312.9,2,2313.0,09:45:29.402770126
2,2312.9,2,2313.0,09:45:29.402824652
2,2312.9,2,2313.0,09:45:29.402854614
2,2312.9,3,2313.0,09:45:29.402877050
2,2312.9,3,2313.0,09:45:29.402905159
2,2312.9,3,2313.0,09:45:29.402934344
2,2312.9,2,2313.0,09:45:29.474464357
2,2312.9,1,2313.0,09:45:29.474545488
2,2312.9,3,2313.1,09:45:29.474685408
2,2312.9,3,2313.1,09:45:29.474685408
3,2312.9,3,2313.1,09:45:29.474882810
4,2312.9,3,2313.1,09:45:29.474901441
5,2312.9,3,2313.1,09:45:29.474980889
5,2312.9,2,2313.1,09:45:29.475049124
4,2312.9,2,2313.1,09:45:29.475115547
4,2312.9,3,2313.1,09:45:29.679225034
3,2312.9,3,2313.1,09:45:29.873648507
2,2312.9,3,2313.1,09:45:29.873669291
2,2312.9,3,2313.0,09:45:29.873731756
2,2312.9,4,2313.0,09:45:29.873774832
2,2312.9,5,2313.0,09:45:29.873855637
1,2312.9,5,2313.0,09:45:29.873981795
9,2312.8,5,2313.0,09:45:29.874072015
9,2312.8,5,2313.0,09:45:29.874072015
9,2312.8,1,2312.9,09:45:29.874100614
9,2312.8,2,2312.9,09:45:29.874163428
8,2312.8,2,2312.9,09:45:29.874175570
7,2312.8,2,2312.9,09:45:29.874231706
7,2312.8,1,2312.9,09:45:29.874376883
7,2312.8,1,2312.9,09:45:29.874459332
7,2312.8,1,2312.9,09:45:29.874505218
7,2312.8,1,2312.9,09:45:29.874567107
7,2312.8,1,2312.9,09:45:29.874602209
7,2312.8,1,2312.9,09:45:29.874618200
6,2312.8,1,2312.9,09:45:29.874642844
6,2312.8,8,2313.0,09:45:29.874688857
6,2312.8,8,2313.0,09:45:29.874688857
6,2312.8,7,2313.0,09:45:29.874771576
6,2312.8,7,2313.0,09:45:29.882183993
6,2312.8,7,2313.0,09:45:29.886227733
6,2312.8,7,2313.0,09:45:29.886238530
6,2312.8,7,2313.0,09:45:29.889214731
6,2312.8,6,2313.0,09:45:30.183270577
3,2312.9,6,2313.0,09:45:30.525463518
3,2312.9,5,2313.0,09:45:30.526083125
3,2312.9,4,2313.0,09:45:30.526100056
3,2312.9,3,2313.0,09:45:30.526161545
3,2312.9,3,2313.0,09:45:30.526176278
3,2312.9,3,2313.0,09:45:30.526210724
4,2312.9,3,2313.0,09:45:30.526496335
4,2312.9,3,2313.0,09:45:30.527214341
4,2312.9,3,2313.0,09:45:30.544451303
4,2312.9,3,2313.0,09:45:30.544464861
4,2312.9,3,2313.0,09:45:30.547541167
4,2312.9,3,2313.0,09:45:30.547636225
4,2312.9,4,2313.0,09:45:31.147447361
4,2312.9,4,2313.0,09:45:31.147740361
8,2312.8,4,2313.0,09:45:31.305002370
8,2312.8,1,2312.9,09:45:31.305002370
8,2312.8,1,2312.9,09:45:31.305002370
8,2312.8,1,2312.9,09:45:31.305180200
8,2312.8,1,2312.9,09:45:31.305195787
8,2312.8,1,2312.9,09:45:31.305211449
8,2312.8,1,2312.9,09:45:31.305271623
8,2312.8,1,2312.9,09:45:31.305335877
8,2312.8,1,2312.9,09:45:31.305395078
8,2312.8,1,2312.9,09:45:31.305426223
8,2312.8,1,2312.9,09:45:31.305441914
8,2312.8,1,2312.9,09:45:31.305522351
8,2312.8,2,2312.9,09:45:31.305555635
8,2312.8,1,2312.9,09:45:31.305617486
7,2312.8,1,2312.9,09:45:31.305652390
7,2312.8,8,2313.0,09:45:31.305747799
7,2312.8,8,2313.0,09:45:31.305747799
7,2312.8,7,2313.0,09:45:31.305776129
7,2312.8,1,2312.9,09:45:31.305794683
7,2312.8,7,2313.0,09:45:31.307900488
7,2312.8,7,2313.0,09:45:31.307900488
7,2312.8,8,2313.0,09:45:31.308116797
7,2312.8,8,2313.0,09:45:31.313244789
7,2312.8,8,2313.0,09:45:31.313687553
7,2312.8,8,2313.0,09:45:31.313697873
7,2312.8,1,2312.9,09:45:31.636580286
7,2312.8,2,2312.9,09:45:31.636630646
7,2312.8,3,2312.9,09:45:31.636924523
7,2312.8,3,2312.9,09:45:31.636987460
7,2312.8,3,2312.9,09:45:31.637038785
7,2312.8,4,2312.9,09:45:31.637115030
6,2312.8,4,2312.9,09:45:31.637219266
3,2312.8,4,2312.9,09:45:31.637411248
2,2312.8,4,2312.9,09:45:31.637702790
6,2312.7,4,2312.9,09:45:31.637702790
6,2312.7,4,2312.9,09:45:31.637702790
6,2312.7,1,2312.8,09:45:31.637784141
5,2312.7,1,2312.8,09:45:31.637811277
5,2312.7,2,2312.8,09:45:31.638176222
5,2312.7,3,2312.8,09:45:31.638188517
4,2312.7,3,2312.8,09:45:31.638196175
4,2312.7,2,2312.8,09:45:31.638208303
4,2312.7,2,2312.8,09:45:31.638439073
4,2312.7,2,2312.8,09:45:31.638456551
4,2312.7,2,2312.8,09:45:31.638520543
4,2312.7,3,2312.8,09:45:31.638542352
4,2312.7,2,2312.8,09:45:31.638573712
4,2312.7,1,2312.8,09:45:31.638616116
4,2312.7,1,2312.8,09:45:31.638622481
4,2312.7,1,2312.8,09:45:31.638637099
3,2312.7,1,2312.8,09:45:31.638659500
3,2312.7,1,2312.8,09:45:31.638683231
3,2312.7,3,2312.9,09:45:31.639226433
3,2312.7,3,2312.9,09:45:31.639226433
4,2312.7,3,2312.9,09:45:31.639290213
5,2312.7,3,2312.9,09:45:31.639345514
6,2312.7,3,2312.9,09:45:31.639501066
1,2312.8,3,2312.9,09:45:31.639610632
2,2312.8,3,2312.9,09:45:31.639649538
2,2312.8,2,2312.9,09:45:31.639663536
2,2312.8,1,2312.9,09:45:31.639708379
3,2312.8,1,2312.9,09:45:31.639805977
3,2312.8,1,2312.9,09:45:31.639886968
3,2312.8,1,2312.9,09:45:31.639946969
3,2312.8,1,2312.9,09:45:31.639946969
4,2312.8,1,2312.9,09:45:31.639982243
3,2312.8,1,2312.9,09:45:31.640071016
3,2312.8,7,2313.0,09:45:31.640189988
3,2312.8,7,2313.0,09:45:31.640189988
1,2312.9,7,2313.0,09:45:31.640273826
1,2312.9,6,2313.0,09:45:31.640315281
1,2312.9,6,2313.0,09:45:31.640339882
4,2312.8,6,2313.0,09:45:31.640385259
4,2312.8,6,2313.0,09:45:31.640385259
4,2312.8,5,2313.0,09:45:31.640409964
5,2312.8,5,2313.0,09:45:31.640572980
5,2312.8,5,2313.0,09:45:31.640700574
1,2312.9,5,2313.0,09:45:31.640782204
2,2312.9,5,2313.0,09:45:31.640823374
3,2312.9,5,2313.0,09:45:31.640943498
3,2312.9,5,2313.0,09:45:31.641007794
3,2312.9,4,2313.0,09:45:31.641044741
3,2312.9,4,2313.0,09:45:31.641059743
3,2312.9,3,2313.0,09:45:31.641081203
2,2312.9,3,2313.0,09:45:31.641111181
3,2312.9,3,2313.0,09:45:31.641280199
3,2312.9,4,2313.0,09:45:31.646278143
6,2312.8,4,2313.0,09:45:31.646534244
6,2312.8,4,2313.0,09:45:31.646534244
6,2312.8,5,2313.0,09:45:31.646715978
6,2312.8,6,2313.0,09:45:31.646740683
6,2312.8,1,2312.9,09:45:31.646777007
6,2312.8,2,2312.9,09:45:31.646932556
6,2312.8,2,2312.9,09:45:31.646958125
5,2312.8,2,2312.9,09:45:31.646977459
5,2312.8,3,2312.9,09:45:31.648933800
5,2312.8,2,2312.9,09:45:31.648964213
4,2312.8,2,2312.9,09:45:31.649067866
3,2312.8,2,2312.9,09:45:31.653480362
3,2312.8,3,2312.9,09:45:31.653497236
2,2312.8,3,2312.9,09:45:31.653648800
1,2312.8,3,2312.9,09:45:31.653723301
6,2312.7,3,2312.9,09:45:31.653951907
6,2312.7,3,2312.9,09:45:31.653951907
6,2312.7,2,2312.9,09:45:31.654041870
6,2312.7,3,2312.9,09:45:31.654077573
6,2312.7,4,2312.9,09:45:31.654139406
5,2312.7,4,2312.9,09:45:31.654154256
4,2312.7,4,2312.9,09:45:31.654188385
4,2312.7,1,2312.8,09:45:31.654293773
4,2312.7,2,2312.8,09:45:31.654468548
4,2312.7,2,2312.8,09:45:31.658114472
4,2312.7,2,2312.8,09:45:31.658114472
4,2312.7,1,2312.8,09:45:31.660298538
4,2312.7,1,2312.8,09:45:31.660298538
4,2312.7,4,2312.9,09:45:31.660647149
4,2312.7,4,2312.9,09:45:31.660647149
5,2312.7,4,2312.9,09:45:31.660668852
1,2312.8,4,2312.9,09:45:31.660713723
1,2312.8,3,2312.9,09:45:31.660737577
2,2312.8,3,2312.9,09:45:31.660737577
2,2312.8,2,2312.9,09:45:31.660762147
2,2312.8,1,2312.9,09:45:31.660881481
3,2312.8,1,2312.9,09:45:31.661753683
3,2312.8,7,2313.0,09:45:31.664454311
3,2312.8,7,2313.0,09:45:31.664454311
3,2312.8,7,2313.0,09:45:31.664586170
4,2312.8,7,2313.0,09:45:31.679492928
5,2312.8,7,2313.0,09:45:31.679596472
5,2312.8,8,2313.0,09:45:31.679616482
5,2312.8,7,2313.0,09:45:31.679632291
5,2312.8,6,2313.0,09:45:31.679648947
5,2312.8,5,2313.0,09:45:31.679809076
5,2312.8,4,2313.0,09:45:31.679878305
1,2312.9,4,2313.0,09:45:31.680004250
1,2312.9,3,2313.0,09:45:31.680217423
1,2312.9,3,2313.0,09:45:31.680231010
6,2312.8,3,2313.0,09:45:31.699559857
6,2312.8,3,2313.0,09:45:31.699559857
6,2312.8,3,2313.0,09:45:31.816438953
6,2312.8,3,2313.0,09:45:31.821400919
6,2312.8,3,2313.0,09:45:31.941403412
6,2312.8,4,2313.0,09:45:32.078874597
6,2312.8,5,2313.0,09:45:32.079014532
5,2312.8,5,2313.0,09:45:32.208645514
5,2312.8,6,2313.0,09:45:32.503987842
4,2312.8,6,2313.0,09:45:32.504014088
4,2312.8,7,2313.0,09:45:32.504033478
4,2312.8,1,2312.9,09:45:32.504087571
3,2312.8,1,2312.9,09:45:32.504133458
2,2312.8,1,2312.9,09:45:32.504151992
2,2312.8,2,2312.9,09:45:32.504181320
6,2312.7,2,2312.9,09:45:32.504367693
6,2312.7,2,2312.9,09:45:32.504367693
5,2312.7,2,2312.9,09:45:32.504402215
5,2312.7,3,2312.9,09:45:32.504473800
5,2312.7,1,2312.8,09:45:32.504522956
5,2312.7,1,2312.8,09:45:32.504572717
5,2312.7,1,2312.8,09:45:32.504589444
5,2312.7,1,2312.8,09:45:32.504603016
5,2312.7,4,2312.9,09:45:32.504699891
5,2312.7,4,2312.9,09:45:32.504699891
5,2312.7,5,2312.9,09:45:32.504801083
5,2312.7,6,2312.9,09:45:32.505062165
5,2312.7,6,2312.9,09:45:32.505074763
4,2312.7,6,2312.9,09:45:32.505174291
4,2312.7,6,2312.9,09:45:32.505400337
4,2312.7,5,2312.9,09:45:32.505729388
4,2312.7,4,2312.9,09:45:32.505793632
5,2312.7,4,2312.9,09:45:32.505823447
5,2312.7,3,2312.9,09:45:32.505871915
5,2312.7,2,2312.9,09:45:32.505980688
1,2312.8,2,2312.9,09:45:32.506011142
1,2312.8,2,2312.9,09:45:32.506057688
2,2312.8,2,2312.9,09:45:32.506090390
2,2312.8,1,2312.9,09:45:32.506184136
3,2312.8,1,2312.9,09:45:32.506233915
3,2312.8,8,2313.0,09:45:32.506398204
3,2312.8,8,2313.0,09:45:32.506398204
2,2312.8,8,2313.0,09:45:32.514417159
2,2312.8,1,2312.9,09:45:32.514557091
1,2312.8,1,2312.9,09:45:32.514584545
1,2312.8,2,2312.9,09:45:32.514787819
1,2312.8,3,2312.9,09:45:32.514838841
1,2312.8,2,2312.9,09:45:32.514859476
5,2312.7,2,2312.9,09:45:32.514902535
5,2312.7,2,2312.9,09:45:32.514902535
5,2312.7,2,2312.9,09:45:32.515035924
5,2312.7,2,2312.9,09:45:32.515277157
5,2312.7,2,2312.9,09:45:32.592179128
5,2312.7,2,2312.9,09:45:32.683678288
5,2312.7,3,2312.9,09:45:32.910008875
5,2312.7,4,2312.9,09:45:32.910045077
5,2312.7,3,2312.9,09:45:32.910175704
4,2312.7,3,2312.9,09:45:32.910215551
4,2312.7,4,2312.9,09:45:32.910230291
3,2312.7,4,2312.9,09:45:32.910303931
3,2312.7,1,2312.8,09:45:32.910331399
3,2312.7,1,2312.8,09:45:32.910393732
3,2312.7,2,2312.8,09:45:32.910521006
2,2312.7,2,2312.8,09:45:32.911174035
2,2312.7,1,2312.8,09:45:32.912779341
3,2312.7,1,2312.8,09:45:32.912816326
4,2312.7,1,2312.8,09:45:32.912837230
4,2312.7,1,2312.8,09:45:32.912897144
4,2312.7,4,2312.9,09:45:32.914680732
4,2312.7,4,2312.9,09:45:32.914680732
4,2312.7,3,2312.9,09:45:32.917686105
4,2312.7,2,2312.9,09:45:32.918062334
4,2312.7,3,2312.9,09:45:32.918249441
4,2312.7,2,2312.9,09:45:32.918432738
4,2312.7,3,2312.9,09:45:32.918561751
4,2312.7,2,2312.9,09:45:32.920880012
5,2312.7,2,2312.9,09:45:32.957494696
1,2312.8,2,2312.9,09:45:33.491047451
2,2312.8,2,2312.9,09:45:33.491067637
2,2312.8,1,2312.9,09:45:33.491110748
2,2312.8,8,2313.0,09:45:33.491345697
2,2312.8,8,2313.0,09:45:33.491345697
2,2312.8,8,2313.0,09:45:33.491367447
3,2312.8,8,2313.0,09:45:33.491401330
3,2312.8,8,2313.0,09:45:33.491503249
3,2312.8,7,2313.0,09:45:33.491661636
3,2312.8,7,2313.0,09:45:33.499829308
4,2312.8,7,2313.0,09:45:33.500032474
4,2312.8,7,2313.0,09:45:33.619589494
3,2312.8,7,2313.0,09:45:33.717952852
3,2312.8,7,2313.0,09:45:33.799134612
2,2312.8,7,2313.0,09:45:33.932072440
2,2312.8,1,2312.9,09:45:33.932110546
1,2312.8,1,2312.9,09:45:33.932137660
1,2312.8,1,2312.9,09:45:33.932154941
1,2312.8,2,2312.9,09:45:33.932191904
1,2312.8,3,2312.9,09:45:33.941795371
6,2312.7,3,2312.9,09:45:33.941980329
6,2312.7,3,2312.9,09:45:33.941980329
7,2312.7,3,2312.9,09:45:34.036904638
1,2312.8,3,2312.9,09:45:34.037029619
2,2312.8,3,2312.9,09:45:34.037052177
3,2312.8,3,2312.9,09:45:34.037091077
3,2312.8,2,2312.9,09:45:34.037111302
3,2312.8,1,2312.9,09:45:34.037148598
3,2312.8,8,2313.0,09:45:34.037181114
3,2312.8,8,2313.0,09:45:34.037181114
4,2312.8,8,2313.0,09:45:34.052872138
4,2312.8,7,2313.0,09:45:34.052991222
4,2312.8,7,2313.0,09:45:34.058647717
4,2312.8,7,2313.0,09:45:34.232937375
4,2312.8,7,2313.0,09:45:34.361426115
3,2312.8,7,2313.0,09:45:34.411937406
2,2312.8,7,2313.0,09:45:34.411976681
2,2312.8,1,2312.9,09:45:34.412002754
2,2312.8,1,2312.9,09:45:34.412084932
2,2312.8,2,2312.9,09:45:34.412115012
2,2312.8,1,2312.9,09:45:34.425569355
2,2312.8,1,2312.9,09:45:34.548554069
2,2312.8,8,2313.0,09:45:34.581776016
2,2312.8,8,2313.0,09:45:34.581776016
3,2312.8,8,2313.0,09:45:34.581815764
4,2312.8,8,2313.0,09:45:34.581851807
4,2312.8,7,2313.0,09:45:34.581869778
4,2312.8,6,2313.0,09:45:34.589786818
4,2312.8,5,2313.0,09:45:34.606935737
4,2312.8,4,2313.0,09:45:34.607050754
4,2312.8,3,2313.0,09:45:34.607164696
1,2312.9,3,2313.0,09:45:34.607963895
1,2312.9,3,2313.0,09:45:34.608127175
1,2312.9,3,2313.0,09:45:34.608164744
2,2312.9,3,2313.0,09:45:34.608195590
2,2312.9,3,2313.0,09:45:34.729452237
2,2312.9,3,2313.0,09:45:34.729464531
3,2312.9,3,2313.0,09:45:34.918045098
3,2312.9,2,2313.0,09:45:34.918396542
3,2312.9,4,2313.1,09:45:34.918401963
3,2312.9,4,2313.1,09:45:34.918401963
1,2313.0,4,2313.1,09:45:34.918431419
3,2312.9,4,2313.1,09:45:34.918449401
3,2312.9,4,2313.1,09:45:34.918449401
3,2312.9,4,2313.1,09:45:34.918597260
4,2312.9,4,2313.1,09:45:34.918666595
4,2312.9,3,2313.1,09:45:34.918685255
1,2313.0,3,2313.1,09:45:34.918710033
1,2313.0,3,2313.1,09:45:34.918751291
1,2313.0,3,2313.1,09:45:34.918786418
1,2313.0,3,2313.1,09:45:34.918815744
1,2313.0,3,2313.1,09:45:34.918869134
1,2313.0,3,2313.1,09:45:34.918917003
1,2313.0,3,2313.1,09:45:34.919244777
2,2313.0,3,2313.1,09:45:34.919279670
2,2313.0,3,2313.1,09:45:34.919289056
2,2313.0,2,2313.1,09:45:34.919330218
3,2313.0,2,2313.1,09:45:34.919377022
3,2313.0,2,2313.1,09:45:34.919493390
3,2313.0,2,2313.1,09:45:34.919493390
3,2313.0,2,2313.1,09:45:34.919642065
3,2313.0,1,2313.1,09:45:34.919913481
3,2313.0,5,2313.2,09:45:34.919958996
3,2313.0,5,2313.2,09:45:34.919958996
2,2313.0,5,2313.2,09:45:34.920229145
2,2313.0,5,2313.2,09:45:34.920255543
2,2313.0,5,2313.2,09:45:34.920380918
2,2313.0,1,2313.1,09:45:34.920548601
2,2313.0,5,2313.2,09:45:34.920603149
2,2313.0,5,2313.2,09:45:34.920603149
2,2313.0,5,2313.2,09:45:34.921527747
2,2313.0,5,2313.2,09:45:34.921527747
2,2313.0,1,2313.1,09:45:34.926003194
2,2313.0,2,2313.1,09:45:34.926158945
2,2313.0,1,2313.1,09:45:34.926331992
2,2313.0,2,2313.1,09:45:34.930487182
2,2313.0,3,2313.1,09:45:34.930699491
2,2313.0,4,2313.1,09:45:34.930787144
2,2313.0,5,2313.1,09:45:34.930891363
2,2313.0,4,2313.1,09:45:34.931072448
4,2312.9,4,2313.1,09:45:34.931122799
4,2312.9,4,2313.1,09:45:34.931122799
4,2312.9,1,2313.0,09:45:34.931177145
3,2312.9,1,2313.0,09:45:34.931243409
2,2312.9,1,2313.0,09:45:34.931304159
2,2312.9,1,2313.0,09:45:34.931391844
2,2312.9,1,2313.0,09:45:34.931520810
2,2312.9,1,2313.0,09:45:34.937385428
3,2312.9,1,2313.0,09:45:34.938665748
3,2312.9,3,2313.1,09:45:34.938836190
3,2312.9,3,2313.1,09:45:34.938836190
3,2312.9,4,2313.1,09:45:34.943177813
3,2312.9,4,2313.1,09:45:34.943292452
3,2312.9,4,2313.1,09:45:34.999729538
3,2312.9,3,2313.1,09:45:34.999843160
4,2312.9,3,2313.1,09:45:35.012959098
1,2313.0,3,2313.1,09:45:35.013089890
1,2313.0,2,2313.1,09:45:35.013257286
1,2313.0,1,2313.1,09:45:35.013286417
1,2313.0,1,2313.1,09:45:35.013349256
4,2312.9,1,2313.1,09:45:35.013376021
4,2312.9,1,2313.1,09:45:35.013376021
4,2312.9,2,2313.1,09:45:35.013531474
4,2312.9,2,2313.1,09:45:35.013541929
1,2313.0,2,2313.1,09:45:35.099011376
1,2313.0,1,2313.1,09:45:35.099028638
2,2313.0,1,2313.1,09:45:35.099070306
2,2313.0,5,2313.2,09:45:35.099143539
2,2313.0,5,2313.2,09:45:35.099143539
3,2313.0,5,2313.2,09:45:35.099198923
3,2313.0,5,2313.2,09:45:35.099213348
3,2313.0,5,2313.2,09:45:35.107751726
3,2313.0,5,2313.2,09:45:35.107765118
4,2313.0,5,2313.2,09:45:35.107937282
4,2313.0,4,2313.2,09:45:35.178738414
5,2313.0,4,2313.2,09:45:35.178861389
4,2313.0,4,2313.2,09:45:35.224872343
4,2313.0,4,2313.2,09:45:35.313938914
4,2313.0,4,2313.2,09:45:35.331148135
3,2313.0,4,2313.2,09:45:35.378082065
3,2313.0,4,2313.2,09:45:35.378160803
4,2313.0,4,2313.2,09:45:35.378230116
3,2313.0,4,2313.2,09:45:36.104869312
3,2313.0,1,2313.1,09:45:36.104900723
2,2313.0,1,2313.1,09:45:36.104926936
2,2313.0,1,2313.1,09:45:36.104941623
2,2313.0,2,2313.1,09:45:36.104973387
2,2313.0,3,2313.1,09:45:36.104989538
2,2313.0,2,2313.1,09:45:36.105188314
2,2313.0,1,2313.1,09:45:36.105454508
2,2313.0,5,2313.2,09:45:36.105590725
2,2313.0,5,2313.2,09:45:36.105590725
2,2313.0,1,2313.1,09:45:36.107923431
2,2313.0,2,2313.1,09:45:36.107952817
2,2313.0,3,2313.1,09:45:36.108032387
2,2313.0,2,2313.1,09:45:36.108195177
2,2313.0,2,2313.1,09:45:36.118223988
2,2313.0,1,2313.1,09:45:36.199521908
2,2313.0,5,2313.2,09:45:36.199650547
2,2313.0,5,2313.2,09:45:36.199650547
2,2313.0,4,2313.2,09:45:36.199738895
2,2313.0,1,2313.1,09:45:36.348767437
2,2313.0,2,2313.1,09:45:36.348890652
1,2313.0,2,2313.1,09:45:36.361038184
1,2313.0,1,2313.1,09:45:36.361265120
1,2313.0,4,2313.2,09:45:36.462042573
1,2313.0,4,2313.2,09:45:36.462042573
2,2313.0,4,2313.2,09:45:36.462149263
3,2313.0,4,2313.2,09:45:36.462177324
2,2313.0,4,2313.2,09:45:36.462320918
3,2313.0,4,2313.2,09:45:36.473388366
3,2313.0,4,2313.2,09:45:36.768419540
3,2313.0,4,2313.2,09:45:36.768419540
3,2313.0,4,2313.2,09:45:36.769737740
4,2313.0,4,2313.2,09:45:36.821024821
4,2313.0,3,2313.2,09:45:36.821527593
1,2313.1,3,2313.2,09:45:36.821654120
1,2313.1,3,2313.2,09:45:36.821767898
1,2313.1,3,2313.2,09:45:36.821779710
1,2313.1,3,2313.2,09:45:36.821795764
5,2313.0,3,2313.2,09:45:36.821822440
5,2313.0,3,2313.2,09:45:36.821822440
6,2313.0,3,2313.2,09:45:36.821846268
5,2313.0,3,2313.2,09:45:36.821948135
4,2313.0,3,2313.2,09:45:36.822052269
3,2313.0,3,2313.2,09:45:36.822852999
3,2313.0,4,2313.2,09:45:36.894521746
3,2313.0,5,2313.2,09:45:36.938664736
3,2313.0,1,2313.1,09:45:36.938793849
3,2313.0,2,2313.1,09:45:36.938830100
2,2313.0,2,2313.1,09:45:36.938861528
2,2313.0,3,2313.1,09:45:36.938897538
2,2313.0,3,2313.1,09:45:36.938909827
2,2313.0,2,2313.1,09:45:36.939687436
2,2313.0,2,2313.1,09:45:36.952051839
1,2313.0,2,2313.1,09:45:36.967983828
5,2312.9,2,2313.1,09:45:36.968156738
5,2312.9,2,2313.1,09:45:36.968156738
5,2312.9,3,2313.1,09:45:36.968254368
5,2312.9,3,2313.1,09:45:36.968265687
5,2312.9,4,2313.1,09:45:36.968301224
5,2312.9,5,2313.1,09:45:36.968400716
5,2312.9,5,2313.1,09:45:36.976691943
5,2312.9,5,2313.1,09:45:37.001441730
5,2312.9,4,2313.1,09:45:37.071856033
5,2312.9,3,2313.1,09:45:37.071982976
1,2313.0,3,2313.1,09:45:37.125497119
1,2313.0,2,2313.1,09:45:37.125663981
1,2313.0,6,2313.2,09:45:37.598045075
1,2313.0,5,2313.2,09:45:37.598045075
1,2313.0,5,2313.2,09:45:37.598045075
2,2313.0,5,2313.2,09:45:37.598171378
3,2313.0,5,2313.2,09:45:37.598185983
4,2313.0,5,2313.2,09:45:37.598372259
5,2313.0,5,2313.2,09:45:37.598411239
5,2313.0,4,2313.2,09:45:37.598411239
6,2313.0,4,2313.2,09:45:37.598443749
7,2313.0,4,2313.2,09:45:37.598510063
7,2313.0,3,2313.2,09:45:37.598644866
7,2313.0,3,2313.2,09:45:37.598669507
8,2313.0,3,2313.2,09:45:37.598686029
7,2313.0,3,2313.2,09:45:37.598868449
6,2313.0,3,2313.2,09:45:37.598913704
6,2313.0,2,2313.2,09:45:37.598935839
1,2313.1,2,2313.2,09:45:37.599043280
6,2313.0,2,2313.2,09:45:37.599069764
6,2313.0,2,2313.2,09:45:37.599069764
6,2313.0,2,2313.2,09:45:37.599217620
7,2313.0,2,2313.2,09:45:37.599252990
7,2313.0,2,2313.2,09:45:37.599265580
8,2313.0,2,2313.2,09:45:37.599282876
8,2313.0,3,2313.2,09:45:37.599303251
8,2313.0,2,2313.2,09:45:37.599457721
7,2313.0,2,2313.2,09:45:37.599486064
7,2313.0,2,2313.2,09:45:37.604603115
7,2313.0,2,2313.2,09:45:37.604748790
7,2313.0,1,2313.2,09:45:37.604875600
1,2313.1,1,2313.2,09:45:37.604895981
1,2313.1,7,2313.3,09:45:37.604926193
1,2313.1,7,2313.3,09:45:37.604926193
2,2313.1,7,2313.3,09:45:37.604989922
3,2313.1,7,2313.3,09:45:37.605023814
3,2313.1,7,2313.3,09:45:37.605110123
3,2313.1,7,2313.3,09:45:37.605165830
3,2313.1,6,2313.3,09:45:37.605182749
3,2313.1,6,2313.3,09:45:37.605217341
3,2313.1,5,2313.3,09:45:37.605239333
3,2313.1,5,2313.3,09:45:37.605333690
3,2313.1,5,2313.3,09:45:37.605333690
3,2313.1,5,2313.3,09:45:37.605363520
3,2313.1,5,2313.3,09:45:37.605377671
3,2313.1,5,2313.3,09:45:37.606254348
2,2313.1,5,2313.3,09:45:37.606397423
2,2313.1,5,2313.3,09:45:37.606522670
2,2313.1,5,2313.3,09:45:37.606717033
2,2313.1,5,2313.3,09:45:37.606811335
3,2313.1,5,2313.3,09:45:37.618774876
3,2313.1,5,2313.3,09:45:37.718469739
3,2313.1,5,2313.3,09:45:37.718483071
3,2313.1,5,2313.3,09:45:37.863284682
3,2313.1,1,2313.2,09:45:37.969679875
2,2313.1,1,2313.2,09:45:37.969698273
1,2313.1,1,2313.2,09:45:37.969798815
1,2313.1,2,2313.2,09:45:37.969955148
1,2313.1,2,2313.2,09:45:37.970009188
1,2313.1,2,2313.2,09:45:37.970023256
1,2313.1,3,2313.2,09:45:37.970045624
1,2313.1,2,2313.2,09:45:37.970147120
1,2313.1,1,2313.2,09:45:37.970400959
1,2313.1,2,2313.2,09:45:37.978209596
8,2313.0,2,2313.2,09:45:37.978397188
8,2313.0,2,2313.2,09:45:37.978397188
8,2313.0,2,2313.2,09:45:37.978546052
7,2313.0,2,2313.2,09:45:37.978579438
7,2313.0,3,2313.2,09:45:37.981763179
7,2313.0,3,2313.2,09:45:37.987035202
7,2313.0,4,2313.2,09:45:38.098826320
6,2313.0,4,2313.2,09:45:38.098874932
5,2313.0,4,2313.2,09:45:38.098895892
4,2313.0,4,2313.2,09:45:38.098910861
3,2313.0,4,2313.2,09:45:38.098929691
2,2313.0,4,2313.2,09:45:38.098997151
2,2313.0,4,2313.2,09:45:38.099029395
2,2313.0,4,2313.2,09:45:38.099043153
1,2313.0,4,2313.2,09:45:38.099146399
1,2313.0,5,2313.2,09:45:38.099381254
1,2313.0,1,2313.1,09:45:38.099437800
1,2313.0,2,2313.1,09:45:38.099598095
1,2313.0,2,2313.1,09:45:38.099611350
1,2313.0,3,2313.1,09:45:38.099648138
1,2313.0,4,2313.1,09:45:38.099704731
1,2313.0,4,2313.1,09:45:38.099732322
1,2313.0,5,2313.1,09:45:38.099751887
1,2313.0,6,2313.1,09:45:38.099806061
1,2313.0,5,2313.1,09:45:38.099930217
1,2313.0,4,2313.1,09:45:38.099994945
1,2313.0,3,2313.1,09:45:38.100027429
1,2313.0,3,2313.1,09:45:38.100100352
1,2313.0,2,2313.1,09:45:38.103300829
1,2313.0,1,2313.1,09:45:38.103462068
1,2313.0,1,2313.1,09:45:38.103488647
1,2313.0,5,2313.2,09:45:38.103571666
1,2313.0,5,2313.2,09:45:38.103571666
1,2313.0,1,2313.1,09:45:38.202423520
1,2313.0,2,2313.1,09:45:38.202455620
5,2312.9,2,2313.1,09:45:38.202671250
5,2312.9,2,2313.1,09:45:38.202671250
5,2312.9,3,2313.1,09:45:38.202693952
5,2312.9,3,2313.1,09:45:38.202817308
5,2312.9,4,2313.1,09:45:38.202837779
5,2312.9,5,2313.1,09:45:38.202950574
5,2312.9,5,2313.1,09:45:38.203061047
5,2312.9,1,2313.0,09:45:38.203086666
4,2312.9,1,2313.0,09:45:38.203104149
6,2312.9,1,2313.0,09:45:38.203187159
6,2312.9,1,2313.0,09:45:38.203198659
6,2312.9,1,2313.0,09:45:38.203215050
6,2312.9,1,2313.0,09:45:38.203294645
6,2312.9,4,2313.1,09:45:38.203406648
6,2312.9,4,2313.1,09:45:38.203406648
6,2312.9,3,2313.1,09:45:38.203427941
6,2312.9,2,2313.1,09:45:38.203562120
6,2312.9,1,2313.1,09:45:38.203657599
7,2312.9,1,2313.1,09:45:38.203680332
1,2313.0,1,2313.1,09:45:38.203709130
1,2313.0,5,2313.2,09:45:38.203735006
1,2313.0,5,2313.2,09:45:38.203735006
2,2313.0,5,2313.2,09:45:38.203790761
3,2313.0,5,2313.2,09:45:38.203858672
2,2313.0,5,2313.2,09:45:38.203996064
2,2313.0,5,2313.2,09:45:38.204781948
3,2313.0,5,2313.2,09:45:38.205399315
2,2313.0,5,2313.2,09:45:38.308671694
2,2313.0,1,2313.1,09:45:38.308797395
2,2313.0,2,2313.1,09:45:38.308828112
2,2313.0,2,2313.1,09:45:38.308857394
2,2313.0,3,2313.1,09:45:38.308958483
2,2313.0,2,2313.1,09:45:38.309131879
1,2313.0,2,2313.1,09:45:38.309361576
1,2313.0,3,2313.1,09:45:38.316490332
7,2312.9,3,2313.1,09:45:38.339041322
7,2312.9,3,2313.1,09:45:38.339041322
7,2312.9,3,2313.1,09:45:38.339061626
7,2312.9,1,2313.0,09:45:38.339172780
6,2312.9,1,2313.0,09:45:38.339199354
6,2312.9,3,2313.1,09:45:38.339281394
6,2312.9,3,2313.1,09:45:38.339281394
5,2312.9,3,2313.1,09:45:38.339435550
5,2312.9,3,2313.1,09:45:38.339701831
5,2312.9,3,2313.1,09:45:38.339701831
5,2312.9,4,2313.1,09:45:38.352359450
5,2312.9,3,2313.1,09:45:38.355145939
5,2312.9,4,2313.1,09:45:38.362864767
5,2312.9,3,2313.1,09:45:38.363014111
5,2312.9,4,2313.1,09:45:38.389246270
4,2312.9,4,2313.1,09:45:38.389670034
3,2312.9,4,2313.1,09:45:38.440976886
3,2312.9,4,2313.1,09:45:38.597163526
3,2312.9,3,2313.1,09:45:38.599827234
4,2312.9,3,2313.1,09:45:38.599951009
4,2312.9,3,2313.1,09:45:38.599961086
5,2312.9,3,2313.1,09:45:38.600140373
4,2312.9,3,2313.1,09:45:38.895220230
3,2312.9,3,2313.1,09:45:38.895258537
3,2312.9,4,2313.1,09:45:38.900612634
3,2312.9,1,2313.0,09:45:38.900747966
3,2312.9,2,2313.0,09:45:38.900880181
3,2312.9,3,2313.0,09:45:38.900935546
3,2312.9,2,2313.0,09:45:38.901060419
3,2312.9,1,2313.0,09:45:38.901171135
3,2312.9,1,2313.0,09:45:38.901712329
3,2312.9,2,2313.0,09:45:38.909767065
3,2312.9,2,2313.0,09:45:38.914745305
3,2312.9,1,2313.0,09:45:38.969315715
3,2312.9,3,2313.1,09:45:38.974073581
3,2312.9,3,2313.1,09:45:38.974073581
4,2312.9,3,2313.1,09:45:38.974101917
1,2313.0,3,2313.1,09:45:38.974145086
1,2313.0,3,2313.1,09:45:38.974182309
2,2313.0,3,2313.1,09:45:38.974216156
2,2313.0,2,2313.1,09:45:38.974233645
2,2313.0,2,2313.1,09:45:38.974328370
1,2313.0,2,2313.1,09:45:38.974391241
6,2312.9,2,2313.1,09:45:38.974415841
6,2312.9,2,2313.1,09:45:38.974415841
6,2312.9,1,2313.1,09:45:38.974620021
5,2312.9,1,2313.1,09:45:38.974704073
5,2312.9,2,2313.1,09:45:38.975709889
1,2313.0,2,2313.1,09:45:38.978438162
1,2313.0,1,2313.1,09:45:38.978489469
2,2313.0,1,2313.1,09:45:38.978591519
2,2313.0,6,2313.2,09:45:38.978643517
2,2313.0,6,2313.2,09:45:38.978643517
2,2313.0,5,2313.2,09:45:38.978668237
3,2313.0,5,2313.2,09:45:38.978701338
2,2313.0,5,2313.2,09:45:38.978791062
2,2313.0,5,2313.2,09:45:38.978886293
1,2313.0,5,2313.2,09:45:38.979248236
2,2313.0,5,2313.2,09:45:38.979534866
2,2313.0,5,2313.2,09:45:38.982594832
3,2313.0,5,2313.2,09:45:38.982998641
2,2313.0,5,2313.2,09:45:39.000720446
3,2313.0,5,2313.2,09:45:39.015235732
3,2313.0,4,2313.2,09:45:39.015909406
3,2313.0,3,2313.2,09:45:39.016079618
4,2313.0,3,2313.2,09:45:39.016277321
1,2313.1,3,2313.2,09:45:39.016407745
1,2313.1,3,2313.2,09:45:39.016570181
1,2313.1,2,2313.2,09:45:39.016591906
1,2313.1,2,2313.2,09:45:39.016607330
5,2313.0,2,2313.2,09:45:39.016788205
5,2313.0,2,2313.2,09:45:39.016788205
4,2313.0,2,2313.2,09:45:39.016948271
4,2313.0,3,2313.2,09:45:39.017057413
5,2313.0,3,2313.2,09:45:39.017127581
5,2313.0,3,2313.2,09:45:39.025028397
5,2313.0,2,2313.2,09:45:39.026857029
1,2313.1,2,2313.2,09:45:39.026976964
1,2313.1,1,2313.2,09:45:39.026994382
2,2313.1,1,2313.2,09:45:39.027069936
3,2313.1,1,2313.2,09:45:39.027130154
3,2313.1,6,2313.3,09:45:39.027152849
3,2313.1,6,2313.3,09:45:39.027152849
2,2313.1,6,2313.3,09:45:39.027335678
2,2313.1,6,2313.3,09:45:39.027422090
2,2313.1,5,2313.3,09:45:39.027438724
2,2313.1,5,2313.3,09:45:39.027584538
2,2313.1,5,2313.3,09:45:39.027584538
3,2313.1,5,2313.3,09:45:39.033600228
2,2313.1,5,2313.3,09:45:39.038402004
3,2313.1,5,2313.3,09:45:39.042308192
3,2313.1,5,2313.3,09:45:39.042437046
4,2313.1,5,2313.3,09:45:39.042623220
4,2313.1,5,2313.3,09:45:39.044396779
4,2313.1,4,2313.3,09:45:39.051160871
5,2313.1,4,2313.3,09:45:39.051538264
1,2313.2,4,2313.3,09:45:39.051566923
1,2313.2,3,2313.3,09:45:39.051591366
1,2313.2,3,2313.3,09:45:39.051737129
1,2313.2,2,2313.3,09:45:39.051763318
1,2313.2,2,2313.3,09:45:39.051776070
1,2313.2,1,2313.3,09:45:39.051821818
1,2313.2,1,2313.3,09:45:39.052046296
1,2313.2,1,2313.3,09:45:39.052092858
2,2313.2,1,2313.3,09:45:39.055049391
2,2313.2,1,2313.3,09:45:39.055172533
3,2313.2,1,2313.3,09:45:39.055230595
3,2313.2,3,2313.4,09:45:39.055474836
3,2313.2,3,2313.4,09:45:39.055474836
3,2313.2,3,2313.4,09:45:39.056016860
3,2313.2,3,2313.4,09:45:39.056016860
3,2313.2,4,2313.4,09:45:39.056030761
3,2313.2,4,2313.4,09:45:39.056030761
3,2313.2,5,2313.4,09:45:39.056038985
3,2313.2,6,2313.4,09:45:39.056038985
3,2313.2,5,2313.4,09:45:39.056095748
3,2313.2,5,2313.4,09:45:39.056172354
3,2313.2,4,2313.4,09:45:39.056209030
3,2313.2,4,2313.4,09:45:39.056333346
3,2313.2,4,2313.4,09:45:39.065279511
3,2313.2,4,2313.4,09:45:39.070417190
3,2313.2,4,2313.4,09:45:39.070430790
3,2313.2,4,2313.4,09:45:39.099174418
3,2313.2,3,2313.4,09:45:39.229009923
4,2313.2,3,2313.4,09:45:39.229138654
5,2313.2,3,2313.4,09:45:39.229187494
4,2313.2,3,2313.4,09:45:39.229308475
5,2313.2,3,2313.4,09:45:39.727706618
5,2313.2,2,2313.4,09:45:39.727732486
1,2313.3,2,2313.4,09:45:39.727763358
1,2313.3,1,2313.4,09:45:39.727797516
2,2313.3,1,2313.4,09:45:39.727879104
2,2313.3,7,2313.5,09:45:39.728068334
2,2313.3,7,2313.5,09:45:39.728068334
3,2313.3,7,2313.5,09:45:39.728118089
3,2313.3,7,2313.5,09:45:39.728353085
4,2313.3,7,2313.5,09:45:39.728374663
4,2313.3,7,2313.5,09:45:39.728403352
4,2313.3,6,2313.5,09:45:39.728458268
4,2313.3,5,2313.5,09:45:39.728474080
4,2313.3,5,2313.5,09:45:39.728525828
4,2313.3,5,2313.5,09:45:39.728537354
4,2313.3,5,2313.5,09:45:39.728855089
4,2313.3,5,2313.5,09:45:39.728855089
5,2313.3,5,2313.5,09:45:39.736653429
5,2313.3,5,2313.5,09:45:39.738214414
5,2313.3,5,2313.5,09:45:39.754494929
5,2313.3,5,2313.5,09:45:39.754508199
4,2313.3,5,2313.5,09:45:39.794535253
4,2313.3,5,2313.5,09:45:39.794668451
4,2313.3,5,2313.5,09:45:39.813184489
1,2313.4,5,2313.5,09:45:39.891294989
2,2313.4,5,2313.5,09:45:39.891426428
2,2313.4,4,2313.5,09:45:39.891519295
2,2313.4,3,2313.5,09:45:39.891688483
2,2313.4,3,2313.5,09:45:39.891865673
1,2313.4,3,2313.5,09:45:39.892015365
1,2313.4,2,2313.5,09:45:39.892092862
1,2313.4,6,2313.6,09:45:39.892313698
1,2313.4,6,2313.6,09:45:39.892313698
1,2313.4,6,2313.6,09:45:39.892447250
1,2313.4,6,2313.6,09:45:39.892464703
1,2313.4,6,2313.6,09:45:39.892464703
2,2313.4,6,2313.6,09:45:39.892598960
3,2313.4,6,2313.6,09:45:39.892646027
4,2313.4,6,2313.6,09:45:39.892663406
5,2313.4,6,2313.6,09:45:39.892775189
5,2313.4,6,2313.6,09:45:39.892914299
5,2313.4,5,2313.6,09:45:39.892931151
5,2313.4,5,2313.6,09:45:39.892946834
5,2313.4,5,2313.6,09:45:39.892991812
4,2313.4,5,2313.6,09:45:39.893061079
4,2313.4,4,2313.6,09:45:39.893076962
4,2313.4,4,2313.6,09:45:39.893108927
4,2313.4,4,2313.6,09:45:39.893144752
4,2313.4,4,2313.6,09:45:39.893160695
4,2313.4,4,2313.6,09:45:39.893185540
3,2313.4,4,2313.6,09:45:39.893335588
3,2313.4,4,2313.6,09:45:39.893459648
3,2313.4,3,2313.6,09:45:39.893502599
3,2313.4,4,2313.6,09:45:39.893610077
3,2313.4,4,2313.6,09:45:39.893620173
3,2313.4,4,2313.6,09:45:39.893755372
3,2313.4,4,2313.6,09:45:39.893755372
3,2313.4,4,2313.6,09:45:39.900498910
4,2313.4,4,2313.6,09:45:40.035387899
4,2313.4,4,2313.6,09:45:40.062151234
1,2313.5,4,2313.6,09:45:40.152347594
1,2313.5,3,2313.6,09:45:40.152365109
1,2313.5,3,2313.6,09:45:40.152566706
1,2313.5,2,2313.6,09:45:40.152587257
1,2313.5,1,2313.6,09:45:40.152617101
1,2313.5,1,2313.6,09:45:40.152625875
1,2313.5,1,2313.6,09:45:40.152642103
1,2313.5,1,2313.6,09:45:40.152656100
1,2313.5,3,2313.7,09:45:40.152797927
1,2313.5,3,2313.7,09:45:40.152797927
1,2313.5,3,2313.7,09:45:40.152820346
1,2313.5,4,2313.7,09:45:40.153135662
1,2313.5,5,2313.7,09:45:40.153151239
1,2313.5,5,2313.7,09:45:40.153163550
1,2313.5,6,2313.7,09:45:40.153182329
1,2313.5,6,2313.7,09:45:40.153212482
1,2313.5,6,2313.7,09:45:40.153242230
1,2313.5,1,2313.6,09:45:40.153345096
1,2313.5,1,2313.6,09:45:40.153378070
1,2313.5,2,2313.6,09:45:40.153753290
1,2313.5,1,2313.6,09:45:40.154076586
1,2313.5,1,2313.6,09:45:40.154095812
1,2313.5,6,2313.7,09:45:40.155244779
1,2313.5,6,2313.7,09:45:40.155244779
1,2313.5,6,2313.7,09:45:40.163235469
2,2313.5,6,2313.7,09:45:40.172958574
2,2313.5,6,2313.7,09:45:40.173119448
1,2313.5,6,2313.7,09:45:40.180629228
1,2313.5,1,2313.6,09:45:40.180781286
1,2313.5,2,2313.6,09:45:40.180814730
1,2313.5,3,2313.6,09:45:40.180830365
1,2313.5,4,2313.6,09:45:40.180897887
1,2313.5,5,2313.6,09:45:40.180948278
1,2313.5,6,2313.6,09:45:40.180963661
1,2313.5,7,2313.6,09:45:40.180979735
5,2313.4,7,2313.6,09:45:40.181075804
5,2313.4,7,2313.6,09:45:40.181075804
5,2313.4,8,2313.6,09:45:40.181113446
5,2313.4,7,2313.6,09:45:40.181204549
5,2313.4,8,2313.6,09:45:40.181272080
4,2313.4,8,2313.6,09:45:40.181306704
3,2313.4,8,2313.6,09:45:40.181329710
3,2313.4,7,2313.6,09:45:40.181340728
3,2313.4,6,2313.6,09:45:40.181495826
2,2313.4,6,2313.6,09:45:40.312274866
2,2313.4,6,2313.6,09:45:40.918671014
3,2313.4,6,2313.6,09:45:40.919057949
3,2313.4,1,2313.5,09:45:41.096561304
2,2313.4,1,2313.5,09:45:41.096612032
2,2313.4,2,2313.5,09:45:41.096638841
2,2313.4,2,2313.5,09:45:41.096699976
2,2313.4,2,2313.5,09:45:41.096714418
2,2313.4,2,2313.5,09:45:41.096791366
2,2313.4,2,2313.5,09:45:41.097331454
1,2313.4,2,2313.5,09:45:41.110029189
4,2313.3,2,2313.5,09:45:41.110296555
4,2313.3,2,2313.5,09:45:41.110296555
4,2313.3,2,2313.5,09:45:41.110431783
1,2313.4,2,2313.5,09:45:41.110458701
1,2313.4,1,2313.5,09:45:41.110634434
1,2313.4,7,2313.6,09:45:41.110655327
1,2313.4,7,2313.6,09:45:41.110655327
2,2313.4,7,2313.6,09:45:41.110681634
3,2313.4,7,2313.6,09:45:41.110898528
3,2313.4,7,2313.6,09:45:41.115351636
2,2313.5,7,2313.6,09:45:41.285374276
2,2313.5,6,2313.6,09:45:41.285586601
2,2313.5,6,2313.6,09:45:41.285599289
2,2313.5,6,2313.6,09:45:41.285615520
2,2313.5,6,2313.6,09:45:41.285632263
2,2313.5,6,2313.6,09:45:41.285662385
3,2313.5,6,2313.6,09:45:41.285730041
3,2313.5,5,2313.6,09:45:41.285745612
3,2313.5,4,2313.6,09:45:41.285768377
3,2313.5,3,2313.6,09:45:41.285840808
3,2313.5,2,2313.6,09:45:41.285874636
3,2313.5,2,2313.6,09:45:41.285903368
3,2313.5,1,2313.6,09:45:41.286115015
3,2313.5,5,2313.7,09:45:41.286135812
3,2313.5,5,2313.7,09:45:41.286135812
3,2313.5,5,2313.7,09:45:41.286241177
3,2313.5,5,2313.7,09:45:41.297225102
4,2313.5,5,2313.7,09:45:41.317752931
4,2313.5,5,2313.7,09:45:41.317752931
4,2313.5,5,2313.7,09:45:41.317843439
4,2313.5,5,2313.7,09:45:41.899559396
4,2313.5,5,2313.7,09:45:41.899573235
5,2313.5,5,2313.7,09:45:41.947617911
5,2313.5,1,2313.6,09:45:42.036040365
5,2313.5,2,2313.6,09:45:42.036059582
5,2313.5,3,2313.6,09:45:42.036226696
4,2313.5,3,2313.6,09:45:42.036477085
4,2313.5,2,2313.6,09:45:42.036477085
3,2313.5,2,2313.6,09:45:42.036537537
5,2313.4,2,2313.6,09:45:42.036588655
5,2313.4,2,2313.6,09:45:42.036588655
5,2313.4,3,2313.6,09:45:42.036920211
5,2313.4,4,2313.6,09:45:42.036969097
5,2313.4,1,2313.5,09:45:42.036970394
5,2313.4,1,2313.5,09:45:42.036992775
5,2313.4,5,2313.6,09:45:42.036992775
5,2313.4,5,2313.6,09:45:42.036992775
5,2313.4,1,2313.5,09:45:42.037014820
5,2313.4,1,2313.5,09:45:42.037056261
5,2313.4,1,2313.5,09:45:42.037084127
5,2313.4,1,2313.5,09:45:42.037087769
4,2313.4,1,2313.5,09:45:42.037263059
4,2313.4,2,2313.5,09:45:42.037423916
4,2313.4,2,2313.5,09:45:42.037594928
4,2313.4,1,2313.5,09:45:42.037679900
4,2313.4,1,2313.5,09:45:42.037685195
3,2313.4,1,2313.5,09:45:42.037685195
3,2313.4,1,2313.5,09:45:42.037727952
3,2313.4,1,2313.5,09:45:42.037743072
3,2313.4,1,2313.5,09:45:42.037862591
2,2313.4,1,2313.5,09:45:42.038103185
2,2313.4,7,2313.6,09:45:42.038174105
2,2313.4,7,2313.6,09:45:42.038174105
2,2313.4,6,2313.6,09:45:42.038235626
3,2313.4,6,2313.6,09:45:42.038258366
4,2313.4,6,2313.6,09:45:42.038301192
3,2313.4,6,2313.6,09:45:42.044595710
3,2313.4,6,2313.6,09:45:42.045449519
2,2313.4,6,2313.6,09:45:42.045911715
2,2313.4,1,2313.5,09:45:42.046046894
2,2313.4,1,2313.5,09:45:42.046316903
3,2313.4,1,2313.5,09:45:42.046473988
3,2313.4,6,2313.6,09:45:42.046582019
3,2313.4,6,2313.6,09:45:42.046582019
2,2313.4,6,2313.6,09:45:42.061705765
2,2313.4,1,2313.5,09:45:42.061852065
2,2313.4,1,2313.5,09:45:42.062462497
2,2313.4,6,2313.6,09:45:42.068115027
2,2313.4,6,2313.6,09:45:42.068115027
3,2313.4,6,2313.6,09:45:42.068163710
3,2313.4,6,2313.6,09:45:42.218234868
4,2313.4,6,2313.6,09:45:42.218349713
5,2313.4,6,2313.6,09:45:42.248228630
6,2313.4,6,2313.6,09:45:42.305323591
6,2313.4,6,2313.6,09:45:42.305436518
6,2313.4,5,2313.6,09:45:42.305468599
1,2313.5,5,2313.6,09:45:42.305602949
1,2313.5,4,2313.6,09:45:42.305749724
1,2313.5,3,2313.6,09:45:42.305771725
1,2313.5,2,2313.6,09:45:42.305791251
1,2313.5,2,2313.6,09:45:42.305806567
1,2313.5,1,2313.6,09:45:42.305839396
1,2313.5,1,2313.6,09:45:42.305845201
1,2313.5,5,2313.7,09:45:42.305903323
1,2313.5,5,2313.7,09:45:42.305903323
2,2313.5,5,2313.7,09:45:42.305933358
2,2313.5,5,2313.7,09:45:42.306042018
3,2313.5,5,2313.7,09:45:42.306104954
3,2313.5,5,2313.7,09:45:42.306355016
3,2313.5,5,2313.7,09:45:42.415302888
3,2313.5,5,2313.7,09:45:42.415316497
3,2313.5,4,2313.7,09:45:42.428306312
3,2313.5,4,2313.7,09:45:42.428440762
4,2313.5,4,2313.7,09:45:42.521533729
5,2313.5,4,2313.7,09:45:42.521643725
5,2313.5,3,2313.7,09:45:42.521763612
1,2313.6,3,2313.7,09:45:42.521895624
1,2313.6,2,2313.7,09:45:42.521920802
1,2313.6,2,2313.7,09:45:42.521971101
1,2313.6,2,2313.7,09:45:42.522167162
5,2313.5,2,2313.7,09:45:42.653361679
5,2313.5,2,2313.7,09:45:42.653361679
5,2313.5,2,2313.7,09:45:42.653673247
1,2313.6,2,2313.7,09:45:42.653700233
1,2313.6,3,2313.7,09:45:42.653737456
1,2313.6,3,2313.7,09:45:42.653759328
1,2313.6,3,2313.7,09:45:42.653845033
1,2313.6,2,2313.7,09:45:43.084733584
1,2313.6,1,2313.7,09:45:43.084848616
2,2313.6,1,2313.7,09:45:43.084870434
1,2313.6,1,2313.7,09:45:43.084926525
1,2313.6,8,2313.8,09:45:43.085059379
1,2313.6,8,2313.8,09:45:43.085059379
1,2313.6,8,2313.8,09:45:43.085203484
1,2313.6,8,2313.8,09:45:43.085271543
1,2313.6,1,2313.7,09:45:43.085754941
4,2313.5,1,2313.7,09:45:43.085801288
4,2313.5,1,2313.7,09:45:43.085801288
4,2313.5,2,2313.7,09:45:43.085830767
4,2313.5,2,2313.7,09:45:43.085844707
4,2313.5,2,2313.7,09:45:43.085857197
4,2313.5,2,2313.7,09:45:43.085938693
5,2313.5,2,2313.7,09:45:43.085988943
5,2313.5,2,2313.7,09:45:43.086088395
1,2313.6,2,2313.7,09:45:43.086130600
1,2313.6,2,2313.7,09:45:43.086518711
1,2313.6,1,2313.7,09:45:43.086808313
1,2313.6,10,2313.8,09:45:43.086908664
1,2313.6,10,2313.8,09:45:43.086908664
1,2313.6,10,2313.8,09:45:43.087418143
1,2313.6,1,2313.7,09:45:43.088169029
1,2313.6,2,2313.7,09:45:43.088198898
4,2313.5,2,2313.7,09:45:43.088370998
4,2313.5,2,2313.7,09:45:43.088370998
5,2313.5,2,2313.7,09:45:43.089938857
5,2313.5,1,2313.7,09:45:43.090084556
1,2313.6,1,2313.7,09:45:43.090133775
1,2313.6,10,2313.8,09:45:43.090159309
1,2313.6,10,2313.8,09:45:43.090159309
2,2313.6,10,2313.8,09:45:43.090201233
2,2313.6,10,2313.8,09:45:43.090263838
2,2313.6,1,2313.7,09:45:43.090303504
1,2313.6,1,2313.7,09:45:43.090366770
1,2313.6,1,2313.7,09:45:43.090423539
5,2313.5,1,2313.7,09:45:43.090449331
5,2313.5,1,2313.7,09:45:43.090449331
1,2313.6,1,2313.7,09:45:43.090594777
1,2313.6,10,2313.8,09:45:43.090655991
1,2313.6,10,2313.8,09:45:43.090655991
1,2313.6,10,2313.8,09:45:43.090717868
1,2313.6,1,2313.7,09:45:43.090789472
5,2313.5,1,2313.7,09:45:43.090818094
5,2313.5,1,2313.7,09:45:43.090818094
5,2313.5,2,2313.7,09:45:43.090849854
5,2313.5,2,2313.7,09:45:43.090882166
5,2313.5,1,2313.7,09:45:43.090956890
1,2313.6,1,2313.7,09:45:43.090978634
1,2313.6,10,2313.8,09:45:43.090995396
1,2313.6,10,2313.8,09:45:43.090995396
1,2313.6,10,2313.8,09:45:43.091108637
1,2313.6,1,2313.7,09:45:43.091161009
1,2313.6,1,2313.7,09:45:43.091264074
1,2313.6,10,2313.8,09:45:43.091321934
1,2313.6,10,2313.8,09:45:43.091321934
1,2313.6,1,2313.7,09:45:43.092009004
1,2313.6,2,2313.7,09:45:43.092026406
5,2313.5,2,2313.7,09:45:43.092058333
5,2313.5,2,2313.7,09:45:43.092058333
4,2313.5,2,2313.7,09:45:43.092148194
1,2313.6,2,2313.7,09:45:43.092213302
1,2313.6,1,2313.7,09:45:43.092230378
1,2313.6,10,2313.8,09:45:43.092281198
1,2313.6,10,2313.8,09:45:43.092281198
1,2313.6,1,2313.7,09:45:43.092413879
1,2313.6,2,2313.7,09:45:43.092457197
4,2313.5,2,2313.7,09:45:43.099035872
4,2313.5,2,2313.7,09:45:43.099035872
5,2313.5,2,2313.7,09:45:43.101866762
5,2313.5,1,2313.7,09:45:43.101987760
1,2313.6,1,2313.7,09:45:43.102002534
2,2313.6,1,2313.7,09:45:43.102105835
2,2313.6,1,2313.7,09:45:43.102181994
3,2313.6,1,2313.7,09:45:43.102206174
3,2313.6,1,2313.7,09:45:43.102287826
2,2313.6,1,2313.7,09:45:43.173372207
1,2313.6,1,2313.7,09:45:43.173708120
5,2313.5,1,2313.7,09:45:43.257613445
5,2313.5,1,2313.7,09:45:43.257613445
1,2313.6,1,2313.7,09:45:43.257791227
1,2313.6,1,2313.7,09:45:43.257812668
1,2313.6,1,2313.7,09:45:43.257921114
5,2313.5,1,2313.7,09:45:43.606312457
5,2313.5,1,2313.7,09:45:43.606312457
5,2313.5,2,2313.7,09:45:43.606481817
5,2313.5,3,2313.7,09:45:43.606498432
5,2313.5,1,2313.6,09:45:43.606523412
4,2313.5,1,2313.6,09:45:43.607101062
4,2313.5,1,2313.6,09:45:43.607116723
4,2313.5,1,2313.6,09:45:43.607145562
4,2313.5,1,2313.6,09:45:43.607191314
4,2313.5,1,2313.6,09:45:43.672778862
4,2313.5,3,2313.7,09:45:43.712738825
4,2313.5,3,2313.7,09:45:43.712738825
1,2313.6,3,2313.7,09:45:43.712803005
1,2313.6,2,2313.7,09:45:43.712828327
1,2313.6,2,2313.7,09:45:43.712975965
1,2313.6,1,2313.7,09:45:43.713043887
2,2313.6,1,2313.7,09:45:43.736223472
1,2313.6,1,2313.7,09:45:43.898870093
4,2313.5,1,2313.7,09:45:43.898933693
4,2313.5,1,2313.7,09:45:43.898933693
4,2313.5,2,2313.7,09:45:43.899152139
4,2313.5,3,2313.7,09:45:43.899269988
