price,volume,timestamp
2313.0,2,09:45:00.345860026
2312.9,1,09:45:00.927754445
2313.0,3,09:45:01.008648357
2313.1,3,09:45:01.010481962
2313.1,1,09:45:01.040536962
2313.1,2,09:45:01.401510487
2313.0,1,09:45:01.520246136
2313.1,1,09:45:02.144739560
2313.3,2,09:45:02.158243952
2313.3,2,09:45:02.305793555
2313.2,1,09:45:02.429988314
2313.2,1,09:45:02.430022734
2313.2,1,09:45:02.430214034
2313.1,1,09:45:02.771765809
2313.0,1,09:45:04.047828935
2313.0,1,09:45:05.446208585
2313.0,1,09:45:05.451476035
2312.9,1,09:45:05.457191555
2313.0,1,09:45:05.805234073
2313.0,1,09:45:05.805369810
2313.0,1,09:45:05.813551978
2313.1,1,09:45:05.817723352
2313.0,1,09:45:05.822370166
2313.1,1,09:45:05.828348811
2313.1,1,09:45:05.828403798
2313.0,2,09:45:05.835326101
2313.0,2,09:45:06.435826327
2312.9,1,09:45:06.464220769
2312.9,1,09:45:06.811514007
2312.8,1,09:45:07.140191572
2312.8,2,09:45:07.140695470
2312.7,2,09:45:07.532336022
2312.8,1,09:45:07.769650460
2312.7,1,09:45:08.040432344
2312.6,3,09:45:09.006860378
2312.7,1,09:45:09.007730441
2312.7,1,09:45:09.371179086
2312.7,1,09:45:09.816534590
2312.8,1,09:45:10.449710140
2312.8,1,09:45:10.587983958
2312.9,1,09:45:11.720793634
2313.0,1,09:45:11.720793634
2312.9,1,09:45:11.721598924
2312.7,2,09:45:15.453275061
2312.7,3,09:45:15.453703216
2312.7,1,09:45:15.463407815
2312.6,3,09:45:15.657207733
2312.6,2,09:45:15.657649540
2312.8,1,09:45:17.172518245
2312.8,1,09:45:17.851667365
2312.7,1,09:45:18.663502358
2312.9,1,09:45:18.880217537
2312.9,1,09:45:18.880573042
2313.0,1,09:45:19.132546955
2313.1,1,09:45:19.398880102
2313.1,1,09:45:20.409247065
2313.2,1,09:45:21.403724072
2313.1,1,09:45:21.404934909
2313.1,1,09:45:21.670188258
2313.1,1,09:45:23.639946119
2313.1,2,09:45:23.640183177
2313.0,1,09:45:23.644732283
2313.1,2,09:45:23.645911510
2313.0,1,09:45:24.017389494
2313.0,3,09:45:24.017446678
2312.9,1,09:45:24.080059382
2313.1,1,09:45:25.017981623
2313.3,1,09:45:25.339460677
2313.1,3,09:45:25.366280108
2313.1,2,09:45:26.850414864
2313.1,1,09:45:26.850589547
2313.0,3,09:45:26.858282612
2312.9,1,09:45:26.860518842
2313.1,1,09:45:28.301030335
2313.1,2,09:45:28.941657192
2313.0,1,09:45:29.402508348
2313.0,1,09:45:29.474452715
2313.0,1,09:45:29.474676723
2312.9,1,09:45:29.874058412
2312.9,4,09:45:31.304992837
2312.9,1,09:45:31.305601550
2312.8,3,09:45:31.637394952
2312.8,5,09:45:31.637671054
2312.8,2,09:45:31.637702790
2312.8,1,09:45:31.638552314
2312.8,1,09:45:31.638582766
2312.8,1,09:45:31.639196842
2312.9,1,09:45:31.640164615
2312.9,3,09:45:31.646524413
2312.8,1,09:45:31.653943430
2312.8,1,09:45:31.660290192
2312.8,1,09:45:31.660638820
2312.8,2,09:45:32.504358422
2313.0,1,09:45:34.918287625
2313.0,2,09:45:34.918396542
2313.0,2,09:45:34.931086625
2313.0,1,09:45:36.967975896
2313.0,1,09:45:36.968148433
2313.2,1,09:45:37.598036086
2313.1,2,09:45:37.598036086
2313.0,1,09:45:38.202662921
2313.0,1,09:45:38.203398113
2313.0,1,09:45:38.339033930
2313.0,1,09:45:38.974067632
2313.3,1,09:45:39.055467044
2313.4,1,09:45:39.228999689
2313.5,2,09:45:39.892295916
2313.5,1,09:45:40.180622048
2313.5,1,09:45:40.181046213
2313.5,1,09:45:42.036459267
2313.5,1,09:45:42.036524897
2313.5,3,09:45:42.036588655
2313.5,1,09:45:42.037665650
2313.6,1,09:45:43.606301824
2313.6,1,09:45:43.898862084
2313.6,1,09:45:43.898933693
2313.5,1,09:45:43.911753263
2313.5,2,09:45:43.912078253
2313.4,1,09:45:43.948261643
2313.4,1,09:45:43.948301766
2313.4,1,09:45:43.948325843
2313.4,2,09:45:43.948459359
2313.4,2,09:45:43.949595219
2313.2,1,09:45:43.970673936
2313.2,1,09:45:43.976457518
2313.3,1,09:45:44.250230575
2313.4,1,09:45:44.265507485
2313.3,2,09:45:44.789097890
2313.4,1,09:45:44.975696735
2313.2,1,09:45:45.372183027
2313.2,1,09:45:45.833842461
2313.3,1,09:45:45.834585833
2313.2,2,09:45:45.981154043
2313.1,1,09:45:45.989256674
2313.1,1,09:45:45.991544230
2313.1,1,09:45:46.893427777
2313.0,1,09:45:49.171287498
2312.8,3,09:45:50.418331266
2312.6,1,09:45:50.614898128
2312.6,1,09:45:52.421204713
2312.6,1,09:45:52.421966075
2312.7,2,09:45:52.651627163
2312.7,1,09:45:52.652601250
2312.5,1,09:45:53.660062469
2312.7,1,09:45:53.715497855
2312.8,5,09:45:53.716607621
2312.8,5,09:45:53.716679894
2312.8,1,09:45:53.716767276
2312.8,1,09:45:53.718101562
2312.7,2,09:45:53.718807752
2312.6,1,09:45:54.420642472
2312.7,1,09:45:55.222861977
2312.7,1,09:45:57.740998313
2312.7,1,09:45:57.755807214
2312.6,1,09:45:57.872389044
2312.6,1,09:45:57.872589778
2312.5,1,09:45:58.361105246
2312.5,1,09:45:58.361216006
2312.5,3,09:45:58.361357581
2312.5,1,09:45:58.362245250
2312.6,3,09:45:58.364518425
2312.5,1,09:45:58.637937551
2312.5,1,09:45:58.659240906
2312.5,1,09:46:00.004876137
2312.5,1,09:46:00.004939469
2312.4,2,09:46:00.260929709
2312.4,1,09:46:00.261218920
2312.6,1,09:46:00.584382621
2312.7,1,09:46:01.265487079
2312.8,3,09:46:01.851401991
2312.9,1,09:46:01.851401991
2312.9,1,09:46:02.285733682
2312.9,3,09:46:02.285974189
2312.9,1,09:46:02.286159517
2312.9,3,09:46:02.286191818
2312.9,2,09:46:02.286260371
2312.9,3,09:46:02.286316097
2312.8,1,09:46:02.461211972
2312.8,2,09:46:02.461407317
2312.7,1,09:46:02.501311643
2312.6,1,09:46:04.986810599
2312.7,4,09:46:07.306734350
2312.7,1,09:46:07.307633412
2312.7,1,09:46:07.308403093
2312.7,1,09:46:09.404365477
2312.9,1,09:46:09.950461059
2312.9,4,09:46:10.701749418
2312.9,1,09:46:10.702371623
2312.8,1,09:46:10.707209061
2312.7,2,09:46:12.790902701
2312.6,1,09:46:12.904003992
2312.6,4,09:46:13.877406950
2312.5,1,09:46:14.398524496
2312.4,1,09:46:14.566451815
2312.4,1,09:46:14.566644970
2312.3,2,09:46:15.407399768
2312.2,1,09:46:15.408736248
2312.1,2,09:46:15.408757368
2312.1,1,09:46:15.408757368
2312.1,2,09:46:15.598906811
2312.1,2,09:46:15.824031516
2312.1,1,09:46:16.006951370
2312.1,1,09:46:16.312207618
2312.1,2,09:46:17.777522440
2312.1,1,09:46:17.779261031
2312.0,1,09:46:17.911638677
2312.0,3,09:46:18.105877466
2312.0,1,09:46:18.129346788
2312.0,1,09:46:18.129581436
2312.0,1,09:46:18.130020261
2312.1,1,09:46:18.780937761
2312.2,1,09:46:18.780937761
2312.0,2,09:46:18.976798923
2312.1,4,09:46:19.159217736
2312.0,1,09:46:19.160875079
2312.1,4,09:46:19.707893855
2312.0,2,09:46:20.443419254
2312.1,3,09:46:20.443419254
2312.2,1,09:46:21.573461773
2312.2,1,09:46:21.573506938
2312.2,2,09:46:22.505652126
2312.4,8,09:46:24.801003754
2312.3,2,09:46:24.801003754
2312.4,2,09:46:24.801772115
2312.4,1,09:46:24.810470889
2312.3,1,09:46:24.812385702
2312.2,1,09:46:25.065155660
2312.1,2,09:46:25.240545856
2312.0,1,09:46:25.643280790
2312.0,1,09:46:25.646169559
2312.2,1,09:46:26.529746182
2312.4,1,09:46:28.049977409
2312.5,1,09:46:28.519390949
2312.4,1,09:46:29.182471774
2312.4,1,09:46:29.183441291
2312.4,1,09:46:30.919084281
2312.3,1,09:46:30.919959093
2312.3,1,09:46:31.117622625
2312.3,1,09:46:32.935441737
2312.4,2,09:46:32.936054696
2312.0,2,09:46:33.155441884
2312.3,5,09:46:33.155441884
2312.2,6,09:46:33.155441884
2312.1,6,09:46:33.155441884
2312.2,1,09:46:33.157855635
2312.2,1,09:46:33.157974738
2312.1,2,09:46:33.158890424
2312.1,1,09:46:33.159173486
2312.0,1,09:46:33.160995822
2312.0,1,09:46:33.167235940
2312.1,1,09:46:33.366405124
2311.9,2,09:46:35.344134917
2311.7,4,09:46:35.345900658
2311.8,5,09:46:35.345900658
2311.6,3,09:46:35.345919583
2311.6,1,09:46:35.345919583
2311.8,1,09:46:35.347066970
2311.6,1,09:46:35.348411004
2311.6,2,09:46:35.348549533
2311.7,1,09:46:35.348549533
2311.7,1,09:46:35.350052982
2311.6,1,09:46:35.351402363
2311.7,1,09:46:35.352620820
2311.7,1,09:46:35.585071782
2311.6,3,09:46:35.948216313
2311.6,1,09:46:35.949461581
2311.5,1,09:46:35.970201552
2311.5,1,09:46:35.970220103
2311.5,1,09:46:35.970463042
2311.5,1,09:46:35.970605829
2311.5,1,09:46:35.971107993
2311.5,1,09:46:35.971207912
2311.4,1,09:46:36.125388092
2311.5,2,09:46:36.156468513
2311.6,2,09:46:36.298140049
2311.5,3,09:46:36.982040729
2311.4,3,09:46:36.982470399
2311.4,1,09:46:36.982668045
2311.5,2,09:46:36.983965370
2311.5,10,09:46:36.984233018
2311.5,1,09:46:36.984298855
2311.5,3,09:46:36.984374653
2311.5,2,09:46:36.984673359
2311.5,4,09:46:36.984673359
2311.5,1,09:46:36.984673359
2311.5,13,09:46:36.984725491
2311.5,9,09:46:36.984725491
2311.6,1,09:46:36.985413598
2311.5,2,09:46:36.985745384
2311.6,1,09:46:36.985874663
2311.6,1,09:46:37.154678733
2311.6,1,09:46:38.374592904
2311.6,1,09:46:38.374787382
2311.6,1,09:46:38.375647421
2311.5,2,09:46:38.710184784
2311.5,1,09:46:38.710696224
2311.5,1,09:46:39.386326362
2311.6,1,09:46:39.880520570
2311.6,1,09:46:39.880691338
2311.7,1,09:46:40.307592042
2311.8,1,09:46:40.362135590
2311.8,2,09:46:40.362354138
2311.8,5,09:46:40.362507229
2311.9,3,09:46:40.966355294
2311.9,2,09:46:40.966734599
2311.9,3,09:46:41.412720085
2311.8,1,09:46:41.423167858
2311.8,1,09:46:43.275903698
2311.9,2,09:46:43.276266342
2311.8,2,09:46:43.276355431
2311.8,1,09:46:43.276897683
2311.7,1,09:46:44.482667092
2311.7,1,09:46:48.219104672
2311.7,1,09:46:48.798076238
2311.7,1,09:46:50.624810356
2311.7,1,09:46:53.078134416
2311.7,1,09:46:53.252274410
2311.7,1,09:46:53.589404344
2311.5,1,09:46:54.347794083
2311.7,3,09:46:55.332133071
2311.5,1,09:46:58.039305501
2311.7,1,09:46:58.502372700
2311.6,2,09:46:59.618593924
2311.7,1,09:46:59.771102073
2311.7,1,09:47:00.739888457
2311.7,1,09:47:00.740402013
2311.8,1,09:47:01.538755028
2311.8,1,09:47:01.539039194
2311.8,1,09:47:02.029386070
2311.8,1,09:47:02.342630074
2311.8,1,09:47:03.140541278
2311.5,5,09:47:03.206383867
2311.7,3,09:47:03.206383867
2311.6,6,09:47:03.206383867
2311.6,1,09:47:03.273667793
2311.8,2,09:47:03.341945167
2311.7,1,09:47:03.965216120
2311.7,1,09:47:03.975672406
2311.6,1,09:47:05.286045123
2311.5,1,09:47:06.282062280
2311.5,4,09:47:07.289323887
2311.4,2,09:47:07.289323887
2311.6,1,09:47:07.816798206
2311.6,1,09:47:09.458915065
2311.7,2,09:47:09.639502783
2311.7,1,09:47:09.640579627
2311.7,1,09:47:09.640923436
2311.8,1,09:47:10.926034643
2311.9,1,09:47:10.946181959
2312.0,1,09:47:11.066317545
2312.1,1,09:47:11.066391947
2312.1,2,09:47:11.117443851
2312.2,1,09:47:11.400170075
2312.3,1,09:47:11.561546131
2312.2,1,09:47:11.978760457
2312.3,2,09:47:14.152834685
2312.3,1,09:47:14.153210465
2312.3,1,09:47:14.222513087
2312.3,1,09:47:14.784716066
2312.2,1,09:47:15.533619819
2312.2,1,09:47:15.550902719
2312.1,2,09:47:15.731596713
2312.1,1,09:47:15.732754778
2312.1,1,09:47:16.043687605
2312.0,1,09:47:16.043687605
2312.0,1,09:47:18.323730235
2312.0,1,09:47:18.324108729
2312.0,1,09:47:18.324405007
2311.9,2,09:47:19.151456783
2311.9,1,09:47:19.164670938
2312.0,1,09:47:20.851050519
2312.0,1,09:47:20.926686677
2312.0,1,09:47:21.345599955
2312.0,3,09:47:21.346295971
2311.9,1,09:47:21.347735490
2312.0,2,09:47:23.323175315
2311.9,1,09:47:25.812018644
2311.9,3,09:47:25.812224391
2311.9,1,09:47:26.477350366
2311.9,1,09:47:26.477381640
2312.0,2,09:47:26.514935764
2312.1,1,09:47:27.107868996
2312.1,1,09:47:27.108305009
2312.0,1,09:47:27.143832397
2311.9,1,09:47:27.317663012
2312.0,1,09:47:29.646408525
2312.0,1,09:47:29.647095729
2312.1,1,09:47:29.813795934
2311.9,2,09:47:30.923760284
2312.0,1,09:47:30.924247967
2312.0,2,09:47:30.924949555
2312.0,1,09:47:31.142440741
2312.1,1,09:47:31.470564102
2312.1,1,09:47:31.478923634
2312.1,1,09:47:31.479532437
2312.2,1,09:47:31.748883545
2312.3,3,09:47:33.152033349
2312.3,1,09:47:33.153151558
2312.3,2,09:47:34.141719505
2312.2,1,09:47:34.567902163
2312.3,1,09:47:34.569195136
2312.4,3,09:47:34.655207419
2312.5,1,09:47:34.663701627
2312.5,1,09:47:34.665522777
2312.4,1,09:47:34.840642010
2312.5,1,09:47:35.141189828
2312.4,4,09:47:35.837149725
2312.4,1,09:47:35.845582777
2312.4,1,09:47:35.862837292
2312.2,3,09:47:36.090065702
2312.3,1,09:47:37.660282877
2312.0,10,09:47:38.134368972
2312.1,4,09:47:38.134368972
2311.9,3,09:47:38.137396454
2311.9,1,09:47:38.142739350
2311.8,2,09:47:39.151055467
2311.8,1,09:47:39.172074101
2311.8,1,09:47:39.172708206
2312.0,5,09:47:40.034544389
2312.0,2,09:47:40.672433289
2311.9,1,09:47:40.672433289
2312.1,1,09:47:41.413767702
2312.2,1,09:47:42.639436402
2312.1,2,09:47:42.837689425
2312.1,2,09:47:43.252733438
2312.1,1,09:47:46.437787606
2311.9,7,09:47:49.100820753
2311.8,2,09:47:49.100820753
2312.0,5,09:47:49.100820753
2311.8,3,09:47:49.103949133
2311.8,1,09:47:49.263523069
2311.9,1,09:47:49.818932673
2311.7,1,09:47:52.004953845
2311.5,1,09:47:54.744322274
2311.4,1,09:47:55.116617741
2311.4,1,09:47:55.116804166
2311.4,1,09:47:55.741028126
2311.5,1,09:47:55.742110353
2311.5,1,09:47:56.735399905
2311.6,2,09:47:56.750379129
2311.6,1,09:47:57.193594281
2311.6,2,09:47:57.256208280
2311.6,2,09:47:57.270285701
2311.8,2,09:47:58.156190306
2311.8,2,09:47:58.156227222
2311.8,4,09:47:58.156381200
2311.8,2,09:47:58.164813054
2311.7,1,09:47:59.004415099
2311.7,3,09:48:00.709864558
2311.6,1,09:48:00.922580708
2311.7,1,09:48:04.503423412
2311.7,1,09:48:04.505907143
2311.7,1,09:48:04.913021843
2311.6,4,09:48:06.868821901
2311.5,6,09:48:06.868821901
2311.4,2,09:48:06.868821901
2311.6,3,09:48:08.337547439
2311.6,1,09:48:11.466785928
2311.6,1,09:48:12.495977601
2311.6,2,09:48:12.575002633
2311.5,3,09:48:12.575503027
2311.5,1,09:48:12.576681893
2311.4,1,09:48:12.577352767
2311.4,1,09:48:12.577467316
2311.4,2,09:48:12.577506108
2311.4,1,09:48:12.578217441
2311.4,1,09:48:12.583846278
2311.4,2,09:48:12.584071892
2311.4,2,09:48:12.638267443
2311.4,1,09:48:12.833247573
2311.4,1,09:48:12.838275045
2311.3,11,09:48:13.419639501
2311.2,3,09:48:13.842010853
2311.2,3,09:48:13.842500314
2311.1,1,09:48:13.842764200
2311.2,3,09:48:13.843110549
2311.2,3,09:48:13.843175568
2311.2,3,09:48:13.843290067
2311.1,1,09:48:13.843629409
2311.2,10,09:48:13.843734393
2311.2,2,09:48:13.843831502
2311.2,1,09:48:13.844519810
2311.2,1,09:48:13.844551056
2311.2,3,09:48:13.844971791
2311.2,1,09:48:13.845000691
2311.2,1,09:48:13.845049367
2311.2,1,09:48:13.845185565
2311.2,1,09:48:13.845497529
2311.2,1,09:48:13.851241892
2311.2,1,09:48:13.851798870
2311.1,1,09:48:14.761306759
2311.1,1,09:48:14.961527201
2311.0,1,09:48:15.183697573
2311.0,1,09:48:15.183713230
2311.0,1,09:48:17.193226222
2311.0,6,09:48:17.471290742
2310.9,4,09:48:17.472438132
2310.9,2,09:48:17.472459294
2310.9,2,09:48:17.473288636
2310.9,1,09:48:17.498310448
2310.9,1,09:48:17.498571868
2311.0,1,09:48:17.871617962
2311.0,2,09:48:17.871905180
2311.0,11,09:48:17.872028780
2311.0,2,09:48:18.181857885
2311.0,1,09:48:18.284666773
2311.0,2,09:48:18.285308856
2311.1,2,09:48:19.097813690
2311.0,1,09:48:19.099010456
2311.0,1,09:48:19.544201830
2311.0,1,09:48:21.285867219
2311.1,1,09:48:22.352266049
2311.1,1,09:48:23.692847750
2311.1,1,09:48:24.051159389
2311.0,1,09:48:24.077286100
2310.9,1,09:48:24.085960791
2310.9,3,09:48:24.086070143
2311.0,2,09:48:24.210527245
2310.9,1,09:48:24.380942057
2310.9,1,09:48:25.066763583
2310.8,1,09:48:25.188097365
2310.7,1,09:48:25.312949835
2310.7,1,09:48:26.447135583
2310.7,1,09:48:26.448224722
2310.7,1,09:48:26.448352667
2310.7,1,09:48:26.456487869
2310.8,1,09:48:27.001538868
2310.8,2,09:48:27.001739044
2310.7,2,09:48:27.232226450
2310.6,4,09:48:27.613145531
2310.7,1,09:48:27.620754658
2310.6,1,09:48:28.456779214
2310.6,1,09:48:28.456814059
2310.6,1,09:48:28.456863782
2310.6,1,09:48:28.458968244
2310.6,1,09:48:28.892946566
2310.6,1,09:48:30.377400926
2310.7,2,09:48:30.378534796
2310.7,1,09:48:30.379443297
2310.7,2,09:48:30.379729223
2310.8,2,09:48:30.591467089
2310.9,2,09:48:30.916803500
2310.6,3,09:48:32.687592503
2310.7,5,09:48:32.687592503
2310.8,10,09:48:32.687592503
2310.7,1,09:48:32.689993825
2310.6,2,09:48:34.097008761
2310.6,1,09:48:34.097141017
2310.5,10,09:48:34.666001837
2310.5,4,09:48:34.666216354
2310.6,1,09:48:34.667978111
2310.5,1,09:48:34.668046976
2310.6,3,09:48:34.668241457
2310.6,1,09:48:34.668349994
2310.5,5,09:48:34.668827700
2310.6,1,09:48:34.668827700
2310.6,1,09:48:34.669847192
2310.5,1,09:48:34.671401192
2310.6,3,09:48:35.411600655
2310.5,1,09:48:35.413982039
2310.4,6,09:48:36.094221476
2310.6,1,09:48:36.094221476
2310.5,3,09:48:36.094221476
2310.4,1,09:48:36.094235780
2310.6,3,09:48:36.581849786
2310.6,1,09:48:36.582388153
2310.6,1,09:48:36.582682661
2310.6,1,09:48:36.829403719
2310.6,1,09:48:36.861551462
2310.6,2,09:48:36.881826086
2310.6,3,09:48:36.882298438
2310.5,1,09:48:37.326374440
2310.5,1,09:48:37.326739321
2310.5,1,09:48:37.504758506
2310.6,1,09:48:38.396427225
2310.6,1,09:48:38.818470748
2310.6,1,09:48:38.818661273
2310.6,1,09:48:38.818762386
2310.6,1,09:48:38.818844071
2310.7,1,09:48:38.957452061
2310.7,1,09:48:39.510454682
2310.7,1,09:48:39.517976415
2310.7,1,09:48:39.518346506
2310.6,1,09:48:39.897541196
2310.8,1,09:48:41.145568179
2310.8,2,09:48:41.145894675
2310.9,1,09:48:41.156909263
2311.0,3,09:48:41.337379922
2311.1,1,09:48:41.710339004
2311.0,3,09:48:41.750960229
2311.0,1,09:48:42.162908802
2311.0,1,09:48:43.165653690
2310.9,1,09:48:43.280519677
2310.9,1,09:48:43.280715041
2310.8,1,09:48:44.331248934
2310.8,1,09:48:44.984737716
2310.9,1,09:48:44.984737716
2310.8,1,09:48:45.005198259
2310.8,1,09:48:45.714763919
2310.8,1,09:48:45.735581727
2311.0,2,09:48:45.898754238
2311.0,1,09:48:45.899068072
2311.0,1,09:48:45.899107193
2311.0,1,09:48:45.899165306
2311.0,1,09:48:45.899303952
2310.9,1,09:48:45.899588227
2310.9,2,09:48:45.900881027
2310.7,7,09:48:46.304223923
2310.8,5,09:48:46.304223923
2310.7,1,09:48:46.306894464
2310.8,1,09:48:46.847779273
2310.8,1,09:48:47.884913146
2310.8,1,09:48:47.885310431
2310.7,1,09:48:48.142560192
2310.7,1,09:48:48.320928310
2310.7,1,09:48:48.332921049
2310.7,2,09:48:50.650943395
2310.8,5,09:48:52.025101064
2310.8,3,09:48:52.364448264
2310.8,1,09:48:52.439818543
2310.8,3,09:48:53.126752433
2310.8,1,09:48:56.147368698
2310.9,1,09:48:57.288995423
2310.9,2,09:48:57.289278527
2311.0,1,09:48:57.315590076
2311.0,1,09:48:57.315795114
2311.1,1,09:48:58.090570964
2311.2,1,09:49:01.166066783
2311.2,1,09:49:01.868246640
2311.3,5,09:49:02.876047246
2311.3,2,09:49:02.876484259
2311.3,1,09:49:02.876585313
2311.3,1,09:49:03.564112608
2311.2,1,09:49:03.715342443
2311.0,4,09:49:03.720352833
2311.1,4,09:49:03.720352833
2310.9,4,09:49:03.720352833
2311.0,1,09:49:03.724148944
2311.0,1,09:49:03.728047816
2311.2,2,09:49:03.854233721
2311.1,1,09:49:04.349494817
2311.3,1,09:49:06.457601094
2311.3,1,09:49:08.536527781
2311.2,1,09:49:09.081627053
2311.1,1,09:49:13.326414644
2311.1,4,09:49:13.326668605
2311.1,1,09:49:13.326795500
2311.0,1,09:49:13.880381540
2310.9,2,09:49:14.085325166
2310.9,2,09:49:14.085534426
2310.8,3,09:49:14.184585090
2310.8,1,09:49:16.053105690
2310.9,2,09:49:18.486497244
2311.0,1,09:49:18.989652462
2311.0,2,09:49:18.989894892
2311.0,1,09:49:19.003285544
2310.9,4,09:49:19.234698510
2310.8,1,09:49:19.266006604
2310.7,1,09:49:20.347273251
2310.7,2,09:49:20.347596867
2310.7,1,09:49:20.347870489
2310.7,1,09:49:20.347961637
2310.7,1,09:49:21.585726886
2310.7,1,09:49:22.331545248
2310.7,1,09:49:22.332114197
2310.7,1,09:49:23.605485905
2310.8,3,09:49:26.169120458
2310.9,1,09:49:28.436479284
2311.1,4,09:49:30.575666384
2311.1,1,09:49:30.577885972
2311.0,1,09:49:30.579263453
2311.0,1,09:49:30.584404933
2310.9,1,09:49:31.322806012
2310.9,1,09:49:31.322877059
2310.9,2,09:49:31.323101102
2310.9,2,09:49:31.568109901
2310.8,1,09:49:33.940292948
2310.8,2,09:49:39.859327282
2310.9,2,09:49:40.599796030
2311.0,2,09:49:40.881274205
2311.1,1,09:49:41.819540244
2311.1,2,09:49:41.819779909
2311.0,1,09:49:41.894253926
2311.1,1,09:49:42.573789842
2311.0,3,09:49:44.315427151
2311.1,1,09:49:44.316471118
2311.1,1,09:49:44.316799211
2310.9,2,09:49:45.514545287
2310.9,1,09:49:45.514811685
2310.8,1,09:49:49.474701582
2310.8,2,09:49:49.475063791
2310.9,1,09:49:49.477897326
2311.0,2,09:49:50.645733943
2311.1,1,09:49:53.788056698
2311.1,2,09:49:53.788399662
2311.2,1,09:49:55.295203386
2311.4,2,09:49:56.162556265
2311.4,3,09:49:56.163044300
2311.4,1,09:49:56.163166785
2311.4,1,09:49:56.163188994
2311.3,1,09:49:56.164016774
2311.3,2,09:49:56.164517056
2311.3,1,09:49:56.164880196
2311.3,1,09:49:56.193621214
2311.4,1,09:49:56.414330637
2311.4,1,09:49:57.201736333
2311.5,9,09:49:57.204278292
2311.6,1,09:49:57.207250886
2311.7,1,09:49:57.281546855
2311.7,1,09:49:57.282286138
2311.7,1,09:50:00.014358695
2311.8,1,09:50:00.018250553
2311.8,1,09:50:00.018328426
2311.8,1,09:50:00.504985776
2311.8,3,09:50:00.896420729
2311.8,1,09:50:00.896498058
2311.8,1,09:50:00.896679608
2311.8,1,09:50:01.205558915
2311.7,1,09:50:01.697465730
2311.6,1,09:50:02.048381422
2311.7,4,09:50:02.048381422
2311.7,1,09:50:02.049824924
2311.7,1,09:50:02.575820309
2311.7,1,09:50:03.126156989
2311.7,3,09:50:03.567175523
2311.6,1,09:50:04.428397607
2311.6,1,09:50:04.428449518
2311.7,1,09:50:04.707902047
2311.8,1,09:50:04.915651149
2311.9,1,09:50:05.897851040
2311.9,1,09:50:05.897871271
2311.9,3,09:50:05.897957935
2311.9,1,09:50:05.899293329
2311.9,2,09:50:05.900391085
2312.0,1,09:50:05.917936323
2312.0,1,09:50:05.919300779
2312.1,4,09:50:08.864858100
2312.0,1,09:50:09.168798176
2312.1,1,09:50:09.475296739
2312.1,1,09:50:10.725502253
2312.1,2,09:50:11.789034187
2312.1,1,09:50:11.802749582
2312.1,1,09:50:11.951401907
2312.2,5,09:50:12.234435890
2312.2,1,09:50:13.016621632
2312.3,1,09:50:13.777429407
2312.2,3,09:50:13.869267372
2312.4,1,09:50:14.724350007
2312.4,1,09:50:14.724364409
2312.2,1,09:50:15.089919082
2312.1,3,09:50:18.010899784
2312.2,2,09:50:18.950086120
2312.2,1,09:50:18.960540484
2312.3,1,09:50:18.960540484
2312.1,1,09:50:19.305566175
2312.3,1,09:50:19.988626251
2312.2,2,09:50:19.988626251
2312.2,1,09:50:20.158446741
2312.2,1,09:50:21.265641763
2312.3,1,09:50:22.379792182
2312.4,1,09:50:24.522331460
2312.4,1,09:50:24.522602858
2312.4,1,09:50:24.616548519
2312.6,2,09:50:25.035382516
2312.4,1,09:50:26.036443589
2312.4,1,09:50:26.036662314
2312.4,1,09:50:26.507028079
2312.4,1,09:50:26.507279949
2312.4,1,09:50:26.507337736
2312.6,6,09:50:26.603458269
2312.7,3,09:50:26.603458269
2312.5,3,09:50:26.603458269
2312.5,1,09:50:26.605696842
2312.6,2,09:50:26.605840721
2312.5,1,09:50:27.395076141
2312.5,1,09:50:28.475624476
2312.7,1,09:50:28.553809013
2312.5,1,09:50:29.092771339
2312.4,4,09:50:29.519075326
2312.3,1,09:50:29.540583502
2312.4,1,09:50:30.940247726
2312.4,1,09:50:31.608330741
2312.3,1,09:50:31.866427734
2312.4,1,09:50:31.912335254
2312.6,5,09:50:32.758527893
2312.5,5,09:50:32.758527893
2312.5,1,09:50:32.760716259
2312.5,1,09:50:33.449268005
2312.4,1,09:50:34.266883705
2312.6,1,09:50:36.050546636
2312.6,2,09:50:36.720724529
2312.5,1,09:50:37.829680880
2312.6,1,09:50:37.833196502
2312.5,4,09:50:38.006220189
2312.5,1,09:50:38.007167735
2312.5,1,09:50:38.007508701
2312.6,1,09:50:38.060867162
2312.6,1,09:50:38.061331565
2312.6,1,09:50:38.061851410
2312.6,1,09:50:38.062526082
2312.6,1,09:50:38.062806936
2312.6,1,09:50:38.063001734
2312.5,1,09:50:39.049838849
2312.4,2,09:50:39.243233921
2312.4,1,09:50:39.243314989
2312.3,1,09:50:39.252175104
2312.3,1,09:50:39.252440309
2312.3,1,09:50:39.274207091
2312.4,1,09:50:40.100052098
2312.4,2,09:50:41.225739748
2312.3,1,09:50:42.332174126
2312.3,1,09:50:42.332523359
2312.3,1,09:50:42.333155164
2312.2,2,09:50:44.104476518
2312.2,1,09:50:44.276023593
2312.1,1,09:50:45.554640874
2312.2,1,09:50:45.648457516
2312.2,1,09:50:45.648794982
2312.0,2,09:50:48.304774405
2311.9,1,09:50:48.304786977
2312.0,1,09:50:50.473008189
2312.0,1,09:50:50.473069605
2312.0,1,09:50:50.473249959
2311.9,1,09:50:50.956263284
2311.9,1,09:50:50.956794575
2311.9,1,09:50:50.965252470
2311.8,1,09:50:51.981052524
2311.8,3,09:50:55.053658989
2311.9,1,09:50:55.054878486
2311.9,1,09:50:55.070004344
2311.9,1,09:50:55.070243686
2311.7,1,09:51:00.015789262
2311.6,1,09:51:00.022151257
2311.6,1,09:51:00.024410291
2311.6,1,09:51:00.024451646
2311.6,1,09:51:00.053280885
2311.6,1,09:51:00.671231268
2311.7,2,09:51:01.285638253
2311.8,1,09:51:01.789744245
2311.8,1,09:51:02.354346170
2311.7,1,09:51:03.505271226
2311.6,1,09:51:03.542342859
2311.6,1,09:51:03.542577875
2311.5,1,09:51:04.052885110
2311.5,3,09:51:04.053116791
2311.5,1,09:51:04.470660988
2311.8,1,09:51:05.735778333
2311.7,3,09:51:05.735778333
2311.8,1,09:51:05.738715633
2311.8,1,09:51:05.738738952
2311.6,1,09:51:05.922200910
2311.6,1,09:51:06.420965747
2311.6,1,09:51:06.421143585
2311.6,1,09:51:06.974101172
2311.6,1,09:51:06.974361161
2311.5,1,09:51:07.262857534
2311.5,1,09:51:09.530767793
2311.7,1,09:51:10.138421532
2311.7,1,09:51:11.908431506
2311.4,1,09:51:12.133609264
2311.4,1,09:51:14.228829779
2311.3,1,09:51:16.337361566
2311.4,1,09:51:16.677281624
2311.4,1,09:51:16.677583279
2311.3,1,09:51:20.872876563
2311.4,1,09:51:21.205651941
2311.4,1,09:51:22.873282351
2311.4,1,09:51:22.877086306
2311.4,1,09:51:23.968181711
2311.4,1,09:51:23.968699352
2311.3,2,09:51:25.202127590
2311.3,1,09:51:25.202855675
2311.3,1,09:51:25.203525593
2311.3,1,09:51:25.204146914
2311.3,1,09:51:25.214973216
2311.2,1,09:51:25.231502005
2311.1,1,09:51:25.694042262
2311.0,1,09:51:26.116154480
2311.1,4,09:51:26.117884089
2311.1,3,09:51:26.572085594
2311.1,1,09:51:26.573063705
2311.0,1,09:51:26.600104115
2310.9,2,09:51:26.614291701
2310.8,1,09:51:26.625285178
2310.9,1,09:51:26.626551863
2311.1,1,09:51:26.650267958
2311.0,2,09:51:26.650267958
2311.0,1,09:51:26.673324764
2310.8,1,09:51:27.378528016
2310.8,1,09:51:27.606748024
2310.7,1,09:51:28.463134317
2310.8,1,09:51:28.463777978
2310.7,1,09:51:29.224279337
2310.7,1,09:51:29.575173077
2310.6,2,09:51:29.576311081
2310.6,2,09:51:29.576360848
2310.7,1,09:51:29.576740558
2310.7,1,09:51:29.576840103
2310.7,1,09:51:29.585325718
2310.7,1,09:51:29.590119642
2310.8,1,09:51:29.593102867
2310.7,1,09:51:29.737550949
2310.7,1,09:51:30.064018554
2310.7,1,09:51:30.105632090
2310.7,3,09:51:30.783185679
2310.7,4,09:51:32.117080487
2310.6,1,09:51:32.117080487
2310.9,1,09:51:34.398128244
2310.9,3,09:51:34.631730850
2310.8,2,09:51:34.631730850
2310.8,2,09:51:35.176787611
2310.8,1,09:51:38.865813813
2310.8,1,09:51:39.285903328
2310.8,1,09:51:39.554215518
2310.8,1,09:51:39.832190484
2310.9,1,09:51:40.250322277
2310.7,3,09:51:41.043732629
2310.8,2,09:51:41.043732629
2310.9,1,09:51:41.078666588
2310.8,1,09:51:41.436460305
2310.7,2,09:51:43.392269092
2310.7,1,09:51:43.495576463
2310.6,1,09:51:44.121821203
2310.6,1,09:51:44.122037338
2310.7,1,09:51:46.398287369
2310.7,4,09:51:46.958690127
2310.7,1,09:51:46.958892573
2310.6,1,09:51:48.334760494
2310.6,1,09:51:48.335174429
2310.7,1,09:51:49.560164207
2310.8,1,09:51:50.156765596
2310.7,1,09:51:50.467030628
2310.9,4,09:51:51.473396383
2310.9,1,09:51:51.474312914
2310.9,1,09:51:52.184764888
2310.9,1,09:51:53.021520610
2310.9,1,09:51:53.022214996
2310.9,1,09:51:53.023818219
2311.0,2,09:51:53.858289674
2311.0,1,09:51:54.543193211
2311.0,1,09:51:54.885381451
2310.9,1,09:51:56.473052251
2311.0,1,09:51:57.453447157
2311.1,1,09:52:00.337506047
2311.1,1,09:52:00.337548067
2311.1,1,09:52:00.950593195
2311.1,1,09:52:01.437446788
2311.2,1,09:52:03.385521644
2311.2,2,09:52:03.748787041
2311.3,1,09:52:04.683878141
2311.2,1,09:52:06.402492309
2311.1,1,09:52:10.197218412
2311.1,3,09:52:10.197522984
2311.2,2,09:52:10.854323427
2311.2,1,09:52:11.789210971
2311.4,1,09:52:12.020363626
2311.5,1,09:52:12.112617277
2311.5,1,09:52:12.199148786
2311.4,1,09:52:14.638982514
2311.4,1,09:52:17.183774304
2311.3,1,09:52:17.417323289
2311.2,2,09:52:19.235345818
2311.2,1,09:52:20.303999839
2311.2,1,09:52:21.669944849
2311.2,2,09:52:21.670172159
2311.3,1,09:52:22.083745992
2311.4,1,09:52:22.405602648
2311.3,2,09:52:23.047739595
2311.1,1,09:52:23.723400829
2311.1,1,09:52:23.723603176
2311.1,1,09:52:23.806371757
2311.3,1,09:52:24.707481146
2311.7,3,09:52:28.341737060
2311.8,2,09:52:28.635770389
2311.6,1,09:52:29.298821014
2311.4,1,09:52:31.193312393
2311.5,1,09:52:31.773117236
2311.5,1,09:52:31.773378979
2311.4,1,09:52:32.063157590
2311.4,1,09:52:37.046079086
2311.2,1,09:52:38.260465651
2311.1,1,09:52:39.652473991
2311.1,2,09:52:41.185688730
2311.3,1,09:52:44.478682710
2311.3,1,09:52:44.499311453
2311.3,1,09:52:45.148424843
2311.3,1,09:52:45.151345741
2311.2,3,09:52:45.667207576
2311.2,1,09:52:49.815161058
2311.2,1,09:52:49.829423284
2311.1,1,09:52:53.013511596
2311.1,4,09:52:53.013837865
2311.0,1,09:52:53.073219354
2310.9,1,09:52:53.136394042
2310.9,1,09:52:53.136636182
2310.9,1,09:52:53.136767381
2310.9,1,09:52:53.136803455
2310.9,1,09:52:53.136870046
2310.9,1,09:52:53.137001767
2311.0,2,09:52:53.137840187
2310.9,6,09:52:53.138072773
2311.0,1,09:52:53.138994985
2310.9,1,09:52:55.657230698
2310.9,1,09:52:56.243031913
2310.8,1,09:52:56.329207696
2310.8,1,09:52:56.329919563
2310.7,6,09:52:56.360380122
2310.6,1,09:52:56.360380122
2310.7,1,09:52:56.363083207
2310.8,1,09:52:57.577315282
2310.9,2,09:52:57.603510116
2310.8,1,09:52:58.052343995
2311.0,2,09:52:58.554453921
2311.1,1,09:52:58.937891452
2311.2,1,09:52:59.508336092
2311.2,1,09:52:59.517557324
2311.2,1,09:52:59.542598567
2311.2,1,09:52:59.543058436
2311.3,2,09:52:59.627336662
2311.3,1,09:52:59.650749190
2311.3,1,09:52:59.651280987
2311.3,2,09:52:59.824303441
2311.3,1,09:53:00.792229949
2311.2,3,09:53:00.885958998
2311.3,2,09:53:01.205619758
2311.4,1,09:53:01.403643348
2311.4,3,09:53:01.403720018
2311.4,1,09:53:01.406044481
2311.4,1,09:53:01.406221432
2311.5,1,09:53:01.991184439
2311.5,4,09:53:01.991431077
2311.5,1,09:53:01.993263313
2311.5,1,09:53:02.005236359
2311.6,2,09:53:03.246331186
2311.4,1,09:53:04.278992927
2311.5,1,09:53:04.658366243
2311.5,1,09:53:04.658901197
2311.7,1,09:53:06.969757911
2311.6,1,09:53:06.971119986
2311.5,1,09:53:07.772216427
2311.5,1,09:53:08.274811766
2311.4,1,09:53:10.170469152
2311.4,1,09:53:17.952449057
2311.3,2,09:53:22.905040071
2311.2,1,09:53:24.153355367
2311.3,1,09:53:24.887670963
2311.3,1,09:53:25.471643593
2311.2,2,09:53:32.916663771
2311.4,2,09:53:33.654257049
2311.4,1,09:53:36.920899187
2311.5,1,09:53:40.600754276
2311.4,1,09:53:40.608919446
2311.5,1,09:53:41.226005663
2311.6,1,09:53:42.245605241
2311.6,1,09:53:42.935158771
2311.6,1,09:53:42.935266578
2311.6,2,09:53:42.935536017
2311.7,1,09:53:44.646929923
2311.7,2,09:53:44.647183781
2311.6,5,09:53:45.092150612
2311.7,3,09:53:45.092150612
2311.6,5,09:53:45.094165879
2311.7,1,09:53:45.094839310
2311.6,1,09:53:45.095709936
2311.6,1,09:53:45.096551300
2311.7,1,09:53:48.372681083
2311.7,1,09:53:48.373089289
2311.7,1,09:53:48.374026970
2311.8,1,09:53:50.236686094
2311.9,1,09:53:50.495529308
2312.0,1,09:53:50.495537205
2312.0,1,09:53:50.495549625
2312.0,2,09:53:50.496243891
2312.0,1,09:53:50.504585712
2312.0,1,09:53:50.504865462
2312.0,2,09:53:50.505066499
2312.0,1,09:53:50.505234557
2312.0,1,09:53:50.505267668
2312.0,4,09:53:50.506574424
2312.0,2,09:53:51.580005496
2312.1,1,09:53:53.706264757
2312.2,1,09:53:53.725802452
2312.2,2,09:53:53.731772854
2312.3,1,09:53:53.737390318
2312.3,1,09:53:53.858756753
2312.3,1,09:53:53.859282796
2312.4,1,09:53:54.799041196
2312.4,1,09:53:54.799055589
2312.3,2,09:53:54.829063794
2312.2,1,09:53:55.671743297
2312.2,4,09:53:55.672022803
2312.2,1,09:53:56.013618137
2312.3,3,09:53:57.816445517
2312.2,1,09:53:57.816445517
2312.3,1,09:53:57.817027676
2312.2,1,09:53:57.818217412
2312.1,1,09:53:58.402120716
2312.2,1,09:53:59.947680521
2312.2,1,09:54:01.133234830
2312.2,1,09:54:01.133600392
2312.2,1,09:54:01.133676400
2312.2,2,09:54:01.493576583
2312.2,2,09:54:02.166041479
2312.2,1,09:54:02.166942166
2312.2,3,09:54:02.652334735
2312.2,1,09:54:02.652722174
2312.2,1,09:54:02.652927736
2312.3,1,09:54:04.205828761
2312.3,1,09:54:05.789417900
2312.3,1,09:54:05.789445616
2312.2,1,09:54:05.789543458
2312.2,3,09:54:05.851494290
2312.1,1,09:54:05.852440197
2312.0,1,09:54:05.884694589
2312.0,1,09:54:06.212150178
2312.0,1,09:54:08.238129586
2312.0,1,09:54:08.238174108
2312.1,2,09:54:08.238216688
2312.0,1,09:54:08.239223704
2312.0,1,09:54:08.240306007
2312.2,7,09:54:10.769392096
2312.3,2,09:54:11.794402674
2312.3,1,09:54:13.152308733
2312.2,4,09:54:14.390438214
2312.3,2,09:54:14.391481423
2312.1,7,09:54:15.221100860
2312.2,3,09:54:15.221100860
2312.1,2,09:54:15.222399604
2312.1,2,09:54:15.222478277
2312.1,2,09:54:15.222623694
2312.1,3,09:54:15.222798072
2312.1,2,09:54:15.223271637
2312.1,2,09:54:15.224050284
2312.1,1,09:54:15.224171796
2312.0,3,09:54:15.224280550
2312.0,1,09:54:15.224415030
2312.0,1,09:54:15.224526293
2312.0,1,09:54:15.224586269
2312.1,1,09:54:15.225489877
2312.0,1,09:54:16.497990761
2312.1,5,09:54:17.689792769
2312.1,3,09:54:17.690301141
2312.0,1,09:54:18.629805563
2311.9,1,09:54:19.274953230
2311.9,1,09:54:19.274963368
2311.9,1,09:54:19.507050680
2311.9,2,09:54:19.507652763
2311.9,1,09:54:19.516006334
2312.1,19,09:54:20.474620031
2312.2,3,09:54:20.475418975
2312.2,1,09:54:20.475634616
2312.3,2,09:54:20.477863736
2312.4,2,09:54:20.479254718
2312.4,4,09:54:20.481151771
2312.4,3,09:54:20.481556249
2312.4,1,09:54:20.493104195
2312.4,1,09:54:21.206066799
2312.5,1,09:54:21.556022522
2312.5,1,09:54:21.556185492
2312.5,1,09:54:21.608389628
2312.5,1,09:54:21.608660619
2312.5,1,09:54:22.090511732
2312.4,2,09:54:23.456076847
2312.3,1,09:54:23.960951663
2312.3,1,09:54:23.960996118
2312.4,2,09:54:24.910645777
2312.4,1,09:54:24.911188355
2312.6,3,09:54:25.797506139
2312.6,1,09:54:25.800591910
2312.6,1,09:54:26.198852038
2312.6,1,09:54:26.582563264
2312.5,1,09:54:27.604613770
2312.5,1,09:54:27.604987883
2312.4,1,09:54:29.493487747
2312.6,2,09:54:32.625313426
2312.5,1,09:54:32.909297838
2312.5,2,09:54:32.909647295
2312.6,2,09:54:32.928349956
2312.7,1,09:54:33.791178916
2312.6,1,09:54:35.137471862
2312.8,2,09:54:35.735671547
2312.8,1,09:54:39.122771655
2312.8,1,09:54:39.123289410
2312.7,1,09:54:40.667983347
2312.8,1,09:54:42.859515294
2312.8,1,09:54:42.859827689
2312.9,1,09:54:43.755872388
2312.9,1,09:54:43.931583820
2312.8,1,09:54:45.876534387
2312.8,1,09:54:45.876792497
2312.8,5,09:54:47.334984084
2312.8,3,09:54:47.335542964
2312.8,1,09:54:47.336500164
2312.7,2,09:54:47.899499044
2312.7,2,09:54:47.966469329
2312.8,5,09:54:47.966469329
2312.8,1,09:54:47.967256699
2312.7,1,09:54:47.968579084
2312.8,1,09:54:48.099595439
2312.8,1,09:54:51.451486167
2312.8,2,09:54:51.451882075
2312.8,1,09:54:51.452270175
2312.8,1,09:54:51.794003283
2312.6,1,09:54:52.340842037
2312.7,3,09:54:52.425379257
2312.7,2,09:54:54.869928640
2312.8,3,09:54:54.941138665
2312.6,1,09:54:56.681265710
2312.6,2,09:54:56.699478579
2312.6,1,09:54:56.700316099
2312.6,1,09:54:56.710389849
2312.6,1,09:54:57.270940638
2312.5,6,09:54:57.536908055
2312.5,1,09:54:57.536955128
2312.5,1,09:54:57.537281349
2312.6,2,09:54:57.539221959
2312.6,1,09:54:57.986145794
2312.7,4,09:54:58.706027512
2312.7,1,09:54:58.706567597
2312.7,1,09:54:58.706710268
2312.7,1,09:54:58.706770267
2312.7,1,09:54:58.706852319
2312.7,1,09:54:58.706944440
2312.7,1,09:54:58.706983288
2312.7,3,09:54:58.707341238
2312.7,1,09:54:58.707405671
2312.8,4,09:54:58.708034315
2312.8,1,09:54:58.708079304
2312.8,2,09:54:58.709497381
2312.7,1,09:54:58.710156041
2312.7,1,09:54:58.710478911
2312.7,5,09:54:58.791366995
2312.6,1,09:54:58.791745423
2312.6,1,09:54:58.791907548
2312.5,3,09:54:58.792791462
2312.5,2,09:54:58.792861224
2312.6,1,09:54:59.021729019
2312.6,1,09:54:59.326103187
2312.6,1,09:54:59.804391765
2312.6,1,09:55:00.173440384
2312.6,1,09:55:00.847382178
2312.7,4,09:55:00.867179313
2312.8,1,09:55:00.869541413
2312.8,1,09:55:01.325606649
2312.8,1,09:55:04.303935238
2312.8,1,09:55:06.487953836
2312.8,1,09:55:06.488270761
2312.7,1,09:55:06.763083859
2312.7,2,09:55:06.763293671
2312.6,1,09:55:07.317783162
2312.5,2,09:55:07.358495788
2312.5,1,09:55:09.209774711
2312.4,1,09:55:10.797314668
2312.3,1,09:55:10.797322479
2312.5,2,09:55:14.842244194
2312.5,1,09:55:14.842304573
2312.5,1,09:55:14.842735711
2312.4,3,09:55:16.278658992
2312.6,7,09:55:16.278658992
2312.5,6,09:55:16.278658992
2312.6,4,09:55:16.280065620
2312.5,1,09:55:16.570864218
2312.6,2,09:55:18.100011456
2312.7,1,09:55:18.795424798
2312.7,1,09:55:18.795466432
2312.7,2,09:55:18.795653652
2312.7,3,09:55:18.795685621
2312.7,3,09:55:18.795794845
2312.7,1,09:55:18.795873042
2312.7,1,09:55:18.960568954
2312.6,1,09:55:19.385409703
2312.6,1,09:55:20.327077306
2312.7,1,09:55:20.457580601
2312.7,1,09:55:20.557659831
2312.7,1,09:55:20.630434330
2312.7,1,09:55:20.630705723
2312.8,1,09:55:20.904166324
2312.8,1,09:55:21.077760268
2312.7,3,09:55:21.122336572
2312.6,3,09:55:21.911248302
2312.5,1,09:55:22.870699461
2312.4,1,09:55:22.871251053
2312.4,1,09:55:22.880352524
2312.3,1,09:55:26.672401180
2312.3,1,09:55:26.672602182
2312.2,1,09:55:27.479706287
2312.2,1,09:55:29.385020350
2312.4,1,09:55:30.648602975
2312.5,1,09:55:31.683277527
2312.5,1,09:55:32.041225478
2312.6,1,09:55:32.245965193
2312.6,1,09:55:34.405491226
2312.4,1,09:55:35.401536830
2312.5,1,09:55:35.445033441
2312.4,1,09:55:35.631560496
2312.3,1,09:55:36.626685283
2312.3,1,09:55:38.214314080
2312.2,7,09:55:38.214847723
2312.2,1,09:55:38.215315470
2312.2,2,09:55:38.215421600
2312.1,1,09:55:38.217494743
2312.1,2,09:55:38.217576354
2312.1,1,09:55:38.217614227
2312.1,2,09:55:38.217777350
2312.1,1,09:55:38.237026374
2312.1,1,09:55:38.441869296
2312.2,1,09:55:39.208002012
2312.0,2,09:55:39.658281622
2312.0,1,09:55:40.060990746
2312.2,1,09:55:40.771345184
2312.1,3,09:55:41.094557095
2312.0,1,09:55:41.116529921
2312.0,1,09:55:41.136328149
2312.1,1,09:55:42.045741318
2312.1,1,09:55:42.173382578
2312.2,1,09:55:42.944600174
2312.3,1,09:55:43.945504782
2312.3,1,09:55:45.099727295
2312.4,1,09:55:46.985497030
2312.4,1,09:55:49.213607263
2312.4,1,09:55:50.411097223
2312.4,2,09:55:50.505618728
2312.4,3,09:55:50.505702349
2312.4,3,09:55:50.505808037
2312.4,2,09:55:50.505808037
2312.5,1,09:55:51.124957211
2312.5,1,09:55:51.125155464
2312.5,1,09:55:51.946106901
2312.4,5,09:55:52.411703063
2312.4,1,09:55:53.025493415
2312.3,1,09:55:54.045606075
2312.5,2,09:55:55.486486929
2312.5,4,09:55:55.486685717
2312.5,4,09:55:55.486743324
2312.6,3,09:55:55.487730279
2312.6,1,09:55:55.488412909
2312.6,1,09:55:56.240950550
2312.7,1,09:55:56.506498413
2312.8,1,09:55:57.734865165
2312.8,1,09:55:57.816683740
2312.8,1,09:55:58.350924105
2312.8,1,09:55:59.054873118
2312.9,2,09:56:00.388697284
2313.0,1,09:56:00.388713827
2313.0,1,09:56:00.401877105
2313.0,7,09:56:00.402320914
2313.0,2,09:56:00.402436447
2313.0,2,09:56:00.403618632
2313.0,1,09:56:00.404192592
2313.0,1,09:56:00.404318908
2313.0,1,09:56:00.404365194
2313.0,1,09:56:00.404604859
2312.9,1,09:56:00.644555550
2313.1,1,09:56:02.925441780
2313.1,1,09:56:02.925791557
2313.2,1,09:56:03.080743358
2313.1,1,09:56:03.116149927
2313.1,1,09:56:03.116604537
2313.1,1,09:56:03.222263710
2313.0,1,09:56:03.265811755
2313.1,1,09:56:03.344015016
2313.2,1,09:56:03.772990831
2313.0,1,09:56:05.045741838
2313.2,1,09:56:05.425725986
2313.2,1,09:56:05.426862403
2313.2,1,09:56:05.713890854
2313.1,1,09:56:06.043332476
2313.0,9,09:56:06.332476915
2313.1,3,09:56:06.332476915
2312.9,2,09:56:06.333810340
2313.0,1,09:56:06.334416004
2313.0,1,09:56:06.334426599
2313.0,1,09:56:06.334630277
2313.0,1,09:56:06.334634715
2313.0,1,09:56:06.334732195
2313.0,1,09:56:06.334843398
2313.0,1,09:56:06.335144508
2313.0,1,09:56:06.335326659
2313.0,1,09:56:06.335497117
2312.9,1,09:56:06.335676943
2312.9,1,09:56:06.335773580
2313.0,1,09:56:06.336341313
2313.0,1,09:56:06.336666491
2313.0,1,09:56:06.337050643
2313.0,1,09:56:06.337137022
2313.0,1,09:56:06.338104280
2313.2,1,09:56:06.349255805
2313.2,1,09:56:06.349545916
2313.1,1,09:56:06.369950406
2313.1,2,09:56:06.492828670
2313.1,1,09:56:06.505433062
2313.2,1,09:56:07.551500189
2313.2,1,09:56:07.713680226
2313.0,1,09:56:07.776514670
2313.1,1,09:56:07.876944726
2313.2,1,09:56:08.330329386
2313.2,2,09:56:08.441004321
2313.1,1,09:56:08.488475519
2313.2,1,09:56:08.878134406
2313.2,1,09:56:09.013880520
2313.1,4,09:56:09.014266623
2313.2,1,09:56:09.779818453
2313.3,2,09:56:09.780764207
2313.3,1,09:56:09.781532402
2313.3,1,09:56:09.782876099
2313.3,1,09:56:10.316502619
2313.2,1,09:56:10.615049067
2313.3,1,09:56:10.699045869
2313.4,1,09:56:11.355527671
2313.3,1,09:56:11.356081004
2313.2,1,09:56:11.388342641
2313.3,1,09:56:11.813743191
2313.3,1,09:56:11.822433078
2313.4,2,09:56:12.044147444
2313.3,1,09:56:12.045502321
2313.3,2,09:56:12.817257313
2313.3,1,09:56:13.176149191
2313.2,4,09:56:13.849689432
2313.2,4,09:56:13.850238208
2313.2,3,09:56:13.850310714
2313.2,1,09:56:13.850458501
2313.1,3,09:56:13.851115753
2313.1,1,09:56:13.851164039
2313.1,4,09:56:13.851228821
2313.0,4,09:56:14.387165429
2313.0,1,09:56:14.387182973
2313.0,1,09:56:14.869142572
2313.0,1,09:56:14.869960278
2312.9,1,09:56:15.202901616
2312.9,1,09:56:15.507454216
2312.8,1,09:56:17.385734929
2312.7,2,09:56:17.965935252
2312.7,1,09:56:19.004082897
2312.6,4,09:56:20.597656093
2312.6,1,09:56:20.598259257
2312.7,1,09:56:20.725837460
2312.5,1,09:56:20.786903991
2312.5,2,09:56:20.949541433
2312.6,1,09:56:21.075283365
2312.6,1,09:56:21.075357491
2312.7,2,09:56:21.325948296
2312.6,6,09:56:23.268271428
2312.6,3,09:56:23.269500676
2312.6,1,09:56:23.269976961
2312.7,1,09:56:24.605827725
2312.6,1,09:56:25.653615514
2312.5,1,09:56:25.656579139
2312.5,1,09:56:29.641113863
2312.5,1,09:56:29.936348047
2312.5,1,09:56:33.674094671
2312.7,2,09:56:35.546634081
2312.7,1,09:56:35.999695636
2312.7,1,09:56:37.665477370
2312.7,1,09:56:40.509250368
2312.8,1,09:56:40.565331742
2312.8,1,09:56:40.565569379
2312.9,1,09:56:40.708031201
2312.9,1,09:56:41.565477176
2313.0,1,09:56:41.587620561
2313.0,1,09:56:41.588240062
2313.0,3,09:56:42.644536010
2313.0,1,09:56:42.645301719
2313.0,1,09:56:42.645334593
2313.0,1,09:56:42.645397849
2313.0,1,09:56:44.096690388
2313.0,4,09:56:44.096920985
2313.0,1,09:56:45.383982056
2312.9,1,09:56:45.893752221
2313.0,3,09:56:48.360428666
2313.0,2,09:56:48.361392157
2313.0,1,09:56:48.361664195
2313.0,1,09:56:49.703775942
2312.9,5,09:56:51.677157057
2312.8,1,09:56:53.462670182
2312.8,1,09:56:54.239343813
2313.0,1,09:56:55.332715106
2312.9,1,09:56:56.709411055
2312.9,1,09:56:57.155049760
2312.9,1,09:56:57.155450878
2312.7,1,09:56:59.404316502
2312.6,1,09:57:00.795970827
2312.8,1,09:57:01.225590852
2312.8,2,09:57:01.225747053
2312.8,3,09:57:01.225856148
2312.8,3,09:57:01.225952553
2312.8,1,09:57:01.226643811
2312.8,1,09:57:01.226881352
2313.0,1,09:57:03.689417017
2313.1,1,09:57:03.691204387
2313.2,1,09:57:05.220943882
2313.2,1,09:57:05.223678267
2313.2,2,09:57:05.225117519
2313.3,1,09:57:05.425386806
2313.3,1,09:57:06.126329245
2313.3,2,09:57:06.126635987
2313.3,1,09:57:06.126668570
2313.3,1,09:57:06.137596065
2313.3,1,09:57:09.724569714
2313.2,1,09:57:10.876913400
2313.2,1,09:57:10.877216804
2313.2,1,09:57:10.879221408
2313.3,1,09:57:11.040428982
2313.2,1,09:57:11.250760901
2313.4,4,09:57:11.260089099
2313.4,1,09:57:11.261407826
2313.5,6,09:57:13.091585825
2313.5,1,09:57:13.091725255
2313.5,1,09:57:13.092023245
2313.5,1,09:57:13.092130448
2313.5,1,09:57:13.104357261
2313.5,1,09:57:13.104414763
2313.6,4,09:57:13.110475804
2313.5,1,09:57:13.110475804
2313.6,1,09:57:13.272513046
2313.6,2,09:57:13.272775609
2313.6,6,09:57:13.272815933
2313.6,1,09:57:13.273110812
2313.5,2,09:57:13.273443539
2313.5,1,09:57:13.273483645
2313.6,1,09:57:13.394808400
2313.5,1,09:57:14.438068908
2313.4,4,09:57:15.133571579
2313.4,2,09:57:15.134045081
2313.4,1,09:57:15.135633685
2313.4,2,09:57:15.137441104
2313.5,1,09:57:15.138331202
2313.4,1,09:57:15.664700789
2313.5,1,09:57:15.750678617
2313.6,1,09:57:17.399392319
2313.4,1,09:57:18.770881276
2313.5,1,09:57:19.565785808
2313.6,1,09:57:19.567943234
2313.5,1,09:57:21.305689411
2313.5,1,09:57:21.996702972
2313.6,3,09:57:22.326011399
2313.5,2,09:57:22.568883394
2313.6,1,09:57:23.869773393
2313.7,1,09:57:23.871069573
2313.7,1,09:57:23.875825336
2313.6,1,09:57:23.925036878
2313.7,1,09:57:25.324436841
2313.7,1,09:57:25.325085021
2313.8,1,09:57:25.329955484
2313.8,1,09:57:26.216837171
2313.6,1,09:57:26.313193477
2313.7,1,09:57:27.153793834
2313.7,1,09:57:27.271459123
2313.8,1,09:57:29.058132194
2313.8,1,09:57:29.689948602
2313.8,1,09:57:30.505573591
2313.8,1,09:57:30.506022099
2313.8,1,09:57:30.506227674
2313.9,5,09:57:31.554667585
2314.0,1,09:57:32.660438378
2314.0,2,09:57:32.660450750
2314.0,5,09:57:32.660765290
2314.1,1,09:57:34.371926178
2314.1,1,09:57:34.371942286
2314.0,1,09:57:35.733862603
2314.0,1,09:57:35.742527776
2314.0,1,09:57:36.113027447
2314.1,2,09:57:36.191698823
2314.1,1,09:57:36.193364181
2314.2,4,09:57:37.218249696
2314.2,4,09:57:37.218563849
2314.2,3,09:57:37.218746369
2314.2,1,09:57:37.220075426
2314.2,3,09:57:37.220167652
2314.1,2,09:57:37.350717984
2314.1,1,09:57:37.350763037
2314.2,2,09:57:37.454992947
2314.1,1,09:57:38.026802100
2314.0,1,09:57:38.974456814
2314.0,1,09:57:38.974669323
2313.9,1,09:57:39.822711621
2313.9,2,09:57:40.030582418
2313.9,1,09:57:40.548798759
2313.8,5,09:57:40.553117243
2313.8,1,09:57:40.554627747
2313.8,1,09:57:40.555862416
2313.8,1,09:57:40.555966856
2313.8,1,09:57:40.556030320
2313.8,1,09:57:40.765029589
2313.7,1,09:57:40.938448953
2313.7,1,09:57:40.938798006
2313.7,1,09:57:41.378610191
2313.7,1,09:57:41.640430998
2313.7,1,09:57:45.613723993
2313.6,2,09:57:46.236252180
2313.6,1,09:57:46.236653754
2313.7,2,09:57:46.695650434
2313.6,1,09:57:47.544539675
2313.6,4,09:57:47.544846791
2313.8,5,09:57:48.102825600
2313.8,10,09:57:48.154141871
2313.8,1,09:57:48.154690522
2313.7,1,09:57:48.206854199
2313.6,5,09:57:49.813574474
2313.6,3,09:57:49.813927563
2313.6,1,09:57:49.814443282
2313.7,5,09:57:51.111455628
2313.7,4,09:57:51.139998130
2313.7,1,09:57:51.140253198
2313.6,1,09:57:51.149977577
2313.5,1,09:57:53.051924631
2313.4,1,09:57:53.051936395
2313.5,1,09:57:53.053262335
2313.6,1,09:57:55.370598467
2313.7,1,09:57:56.598642858
2313.8,8,09:57:56.598854965
2313.8,1,09:57:56.600241876
2313.8,1,09:57:56.600639910
2313.9,1,09:57:56.601404185
2314.0,4,09:57:56.735988232
2314.0,1,09:57:56.736165394
2314.0,1,09:57:56.736529216
2314.0,5,09:57:56.736621209
2314.0,1,09:57:56.736643663
2314.0,1,09:57:56.736750785
2314.0,1,09:57:56.736777640
2313.9,3,09:57:56.738020826
2314.0,1,09:57:56.738476529
2314.0,1,09:57:57.149066447
2313.9,4,09:57:57.149066447
2313.8,1,09:57:57.442556910
2313.9,2,09:58:00.413097561
2313.8,1,09:58:01.146931405
2313.9,1,09:58:01.466609945
2313.9,1,09:58:01.467286618
2313.7,1,09:58:04.111910408
2313.8,2,09:58:04.117523654
2313.8,1,09:58:05.713398458
2313.9,1,09:58:08.621181225
2313.4,9,09:58:11.019476440
2313.6,8,09:58:11.019476440
2313.5,6,09:58:11.019476440
2313.7,4,09:58:11.019476440
2313.2,11,09:58:11.019476440
2313.1,3,09:58:11.019476440
2313.3,9,09:58:11.019476440
2313.1,2,09:58:11.019572589
2313.5,1,09:58:11.022660689
2313.5,1,09:58:11.022936065
2313.4,1,09:58:11.027852222
2313.4,1,09:58:11.028715833
2313.4,1,09:58:11.034365978
2313.4,1,09:58:11.042604684
2313.3,1,09:58:11.133772236
2313.3,2,09:58:11.180034654
2313.3,1,09:58:11.180821998
2313.3,1,09:58:11.181596746
2313.3,1,09:58:11.181915245
2313.4,2,09:58:13.255360018
2313.5,1,09:58:13.575133812
2313.4,1,09:58:13.852932160
2313.3,3,09:58:14.096243324
2313.3,1,09:58:16.545216571
2313.3,2,09:58:16.546717876
2313.2,1,09:58:16.547331289
2313.3,1,09:58:16.547331289
2313.1,1,09:58:16.557612393
2313.2,1,09:58:16.557612393
2313.3,1,09:58:18.356150641
2313.2,1,09:58:19.104257582
2313.2,1,09:58:19.104588337
2313.3,3,09:58:20.789963998
2313.2,2,09:58:20.816140140
2313.1,2,09:58:21.409001674
2313.1,1,09:58:21.410002299
2313.2,1,09:58:21.625567615
2313.3,1,09:58:22.022177233
2313.2,1,09:58:25.483429756
2313.3,1,09:58:26.236264925
2313.2,1,09:58:26.539342290
2313.3,1,09:58:27.607790519
2313.2,1,09:58:27.776241916
2313.1,1,09:58:29.944017940
2313.1,1,09:58:29.944084905
2313.1,3,09:58:31.176508836
2313.1,1,09:58:31.549200872
2313.2,2,09:58:33.580274885
2313.3,1,09:58:34.410914052
2313.3,1,09:58:34.411126889
2313.4,2,09:58:34.441383075
2313.4,1,09:58:34.441644786
2313.4,1,09:58:34.441878957
2313.4,1,09:58:34.441917159
2313.4,1,09:58:35.417528889
2313.4,1,09:58:35.417808738
2313.4,1,09:58:35.418089720
2313.5,2,09:58:36.192633903
2313.5,2,09:58:36.193320138
2313.6,1,09:58:36.339167197
2313.6,2,09:58:36.549842459
2313.7,1,09:58:36.636409461
2313.6,1,09:58:36.699027531
2313.7,1,09:58:40.446113531
2313.6,2,09:58:41.470201584
2313.6,1,09:58:43.986547918
2313.6,1,09:58:43.986598604
2313.5,3,09:58:46.103843843
2313.4,1,09:58:46.103843843
2313.7,3,09:58:46.261363047
2313.6,1,09:58:46.261363047
2313.6,1,09:58:46.262912601
2313.6,1,09:58:49.636407520
2313.5,1,09:58:49.827867894
2313.5,1,09:58:49.828449756
2313.5,1,09:58:50.645002217
2313.4,3,09:58:54.685874779
2313.4,2,09:58:54.743918436
2313.5,1,09:58:54.744620949
2313.4,3,09:58:55.122114182
2313.4,3,09:58:56.319369663
2313.5,3,09:58:56.319844590
2313.5,1,09:58:56.664521403
2313.6,1,09:58:58.042690776
2316.8,1,10:00:07.790697625
2316.7,1,10:00:07.816936325
2316.6,4,10:00:07.842635245
2316.5,2,10:00:07.842635245
2316.7,1,10:00:07.842635245
2316.7,1,10:00:07.843260515
2316.7,1,10:00:07.843830895
2316.7,1,10:00:07.843996764
2317.1,1,10:00:07.965206948
2317.1,1,10:00:07.965791756
2317.2,4,10:00:08.154817722
2317.2,2,10:00:08.154909487
2317.5,1,10:00:08.155880048
2317.3,1,10:00:08.183035913
2317.2,1,10:00:08.231457219
2317.6,1,10:00:08.302784307
2317.2,3,10:00:08.329303259
2317.3,1,10:00:08.363181322
2317.0,1,10:00:08.729130539
2317.2,2,10:00:08.957513624
2317.0,1,10:00:08.963625226
2316.9,2,10:00:08.985805255
2316.9,1,10:00:08.986088036
2316.7,1,10:00:09.066957639
2316.6,3,10:00:09.067276301
2316.6,1,10:00:09.067639262
2316.5,1,10:00:09.067868467
2316.3,2,10:00:09.099727988
2316.2,1,10:00:09.100167219
2316.3,2,10:00:09.100340064
2316.2,1,10:00:09.100340064
2316.2,2,10:00:09.101041134
2316.2,2,10:00:09.103510611
2316.3,1,10:00:09.109074689
2316.3,1,10:00:09.109260712
2316.4,1,10:00:09.147282866
2316.3,2,10:00:09.168537363
2316.3,2,10:00:09.169047396
2316.4,1,10:00:09.169264014
2316.4,1,10:00:09.202100413
2316.5,2,10:00:09.214228018
2316.6,2,10:00:09.214468625
2316.7,1,10:00:09.221970312
2316.7,1,10:00:09.222205510
2316.4,1,10:00:09.224012180
2316.4,1,10:00:09.234036511
2316.5,1,10:00:09.326949811
2316.5,3,10:00:09.327025118
2316.7,1,10:00:09.491425906
2316.7,1,10:00:09.491635081
2316.7,1,10:00:09.545068061
2316.7,1,10:00:09.591365114
2316.8,1,10:00:09.709101625
2316.7,1,10:00:10.022014797
2316.8,2,10:00:10.039714705
2316.8,1,10:00:10.039948096
2316.9,1,10:00:10.062690555
2316.9,1,10:00:10.184979066
2317.0,1,10:00:10.185308737
2316.9,2,10:00:10.199177337
2316.9,1,10:00:10.205972251
2316.9,1,10:00:10.229495635
2316.9,1,10:00:10.250451079
2316.8,1,10:00:10.302342395
2316.7,1,10:00:10.323917381
2316.6,1,10:00:10.327202507
2316.5,4,10:00:10.331129664
2316.4,2,10:00:10.346732284
2316.3,3,10:00:10.367445991
2316.4,1,10:00:10.414931194
2316.4,1,10:00:10.415208485
2316.4,1,10:00:10.575911877
2316.3,2,10:00:10.697044381
2316.5,3,10:00:10.735787355
2316.4,1,10:00:10.735787355
2317.1,6,10:00:10.735787355
2316.6,3,10:00:10.735787355
2316.8,4,10:00:10.735787355
2316.7,2,10:00:10.735787355
2317.2,3,10:00:10.735787355
2316.9,2,10:00:10.735787355
2317.0,6,10:00:10.735787355
2317.3,3,10:00:10.735787355
2317.3,2,10:00:10.736869533
2317.3,1,10:00:10.737415190
2317.3,1,10:00:10.737593910
2317.4,3,10:00:10.738017727
2317.5,2,10:00:10.738220528
2317.3,2,10:00:10.738632181
2317.3,1,10:00:10.739005957
2317.4,1,10:00:10.739533185
2317.6,2,10:00:10.739744130
2317.4,1,10:00:10.741184901
2317.8,1,10:00:10.743806135
2317.5,2,10:00:10.744052818
2317.5,1,10:00:10.745426958
2317.4,3,10:00:10.745901009
2317.3,2,10:00:10.746230901
2317.3,1,10:00:10.746668436
2317.6,1,10:00:10.752277922
2317.3,1,10:00:10.758865006
2317.3,1,10:00:10.794151395
2317.3,1,10:00:10.794243887
2317.3,1,10:00:10.819055035
2317.3,2,10:00:10.850894952
2317.3,3,10:00:10.851197057
2317.3,1,10:00:10.929258929
2317.3,1,10:00:10.929341132
2317.3,1,10:00:10.929491935
2317.3,1,10:00:10.929768034
2317.3,1,10:00:10.929866304
2317.3,1,10:00:10.938346959
2317.3,2,10:00:10.970596110
2317.6,1,10:00:11.022140302
2317.6,3,10:00:11.123263338
2317.7,2,10:00:11.123263338
2317.8,3,10:00:11.123263338
2317.7,1,10:00:11.124499773
2317.7,4,10:00:11.126438663
2317.5,1,10:00:11.162515322
2317.5,2,10:00:11.162760435
2317.4,5,10:00:11.162970512
2317.5,2,10:00:11.163625137
2317.3,6,10:00:11.163980929
2317.3,4,10:00:11.171127111
2317.2,21,10:00:11.199713991
2317.3,2,10:00:11.199713991
2317.4,2,10:00:11.199713991
2317.4,1,10:00:11.200541707
2317.3,1,10:00:11.253800776
2317.2,1,10:00:11.253909662
2317.3,1,10:00:11.255615623
2317.3,5,10:00:11.402972834
2317.2,3,10:00:11.403132463
2317.2,1,10:00:11.403236222
2317.2,2,10:00:11.403363568
2317.3,1,10:00:11.403452553
2317.2,15,10:00:11.443648958
2317.2,3,10:00:11.471002740
2317.1,1,10:00:11.478258755
2317.1,3,10:00:11.508842068
2317.1,2,10:00:11.509061701
2317.1,2,10:00:11.509141824
2317.1,1,10:00:11.517521577
2317.1,1,10:00:11.517859626
2317.1,1,10:00:11.518048327
2317.1,1,10:00:11.518258431
2317.1,1,10:00:11.518325891
2317.2,1,10:00:11.518362455
2317.1,1,10:00:11.518612889
2317.1,1,10:00:11.518680557
2317.2,1,10:00:11.519364287
2317.2,1,10:00:11.519559849
2317.1,1,10:00:11.520442100
2317.1,2,10:00:11.520677983
2317.3,1,10:00:11.592753884
2317.4,1,10:00:11.593120781
2317.4,1,10:00:11.593364806
2317.4,1,10:00:11.609400176
2317.3,1,10:00:11.890378941
2317.3,3,10:00:11.890456466
2317.3,1,10:00:11.890718759
2317.2,1,10:00:11.890848514
2317.1,1,10:00:11.902957425
2317.1,1,10:00:11.903166758
2317.1,1,10:00:11.903288913
2317.1,1,10:00:11.903383235
2317.1,1,10:00:11.903481049
2317.1,1,10:00:11.903517801
2317.1,1,10:00:11.903582634
2317.1,1,10:00:11.911055739
2317.1,1,10:00:11.911560860
2317.1,1,10:00:11.911714837
2317.1,1,10:00:11.912175621
2317.0,1,10:00:11.912463643
2316.9,2,10:00:11.912832150
2316.9,2,10:00:11.968930019
2316.8,1,10:00:11.990825152
2316.7,1,10:00:11.990825152
2316.8,1,10:00:12.011409511
2317.0,2,10:00:12.050756644
2317.1,1,10:00:12.051096812
2317.0,1,10:00:12.051488349
2317.4,1,10:00:12.115188890
2317.4,1,10:00:12.325309717
2317.5,1,10:00:12.328208006
2317.5,3,10:00:12.328462955
2317.2,1,10:00:12.397548415
2317.0,2,10:00:12.397548415
2316.9,2,10:00:12.397548415
2317.3,2,10:00:12.397548415
2316.8,4,10:00:12.397548415
2316.7,1,10:00:12.397548415
2317.0,1,10:00:12.398323887
2317.5,2,10:00:12.398562801
2317.0,1,10:00:12.399080126
2317.0,1,10:00:12.399115292
2317.2,1,10:00:12.468086228
2317.0,1,10:00:12.580321847
2317.1,1,10:00:12.589145949
2317.2,2,10:00:12.626110843
2317.2,1,10:00:12.626445807
2317.4,1,10:00:12.649288195
2317.4,4,10:00:12.689384305
2317.4,2,10:00:12.692429403
2317.5,3,10:00:12.696530996
2317.5,1,10:00:12.698080381
2317.6,2,10:00:12.767612363
2317.7,2,10:00:12.779374956
2317.6,1,10:00:12.848582822
2317.6,1,10:00:12.848794292
2317.5,1,10:00:12.909317679
2317.4,1,10:00:12.943609885
2317.4,1,10:00:13.014890101
2317.5,3,10:00:13.100995150
2317.5,1,10:00:13.101152718
2317.5,1,10:00:13.102381745
2317.6,1,10:00:13.167540920
2317.5,1,10:00:13.273419973
2317.6,1,10:00:13.280244630
2317.7,1,10:00:13.280347316
2317.9,2,10:00:13.381177445
2317.9,2,10:00:13.381397985
2317.9,1,10:00:13.381994757
2318.0,1,10:00:13.401018612
2318.0,1,10:00:13.401287870
2318.0,1,10:00:13.402595324
2317.9,1,10:00:13.402850343
2317.7,1,10:00:13.410573136
2317.8,1,10:00:13.462630877
2317.7,1,10:00:13.463910983
2317.8,2,10:00:13.762302298
2317.7,1,10:00:13.870572060
2317.8,1,10:00:13.899572044
2317.9,1,10:00:14.202531847
2317.7,1,10:00:14.453698693
2317.7,1,10:00:14.454239856
2317.7,1,10:00:14.787679831
2317.6,2,10:00:14.795657570
2317.8,2,10:00:14.932452954
2317.8,3,10:00:14.932555337
2317.8,3,10:00:14.932635325
2317.8,2,10:00:14.932697019
2317.8,4,10:00:14.932756086
2317.8,1,10:00:14.932832795
2317.8,1,10:00:14.932891413
2317.8,2,10:00:14.933193564
2317.8,1,10:00:14.933435652
2317.7,2,10:00:14.933726189
2317.8,1,10:00:14.933891258
2317.8,1,10:00:14.933907210
2317.7,2,10:00:14.933922084
2317.8,1,10:00:14.934026073
2317.8,1,10:00:14.934093044
2317.8,1,10:00:14.934128034
2317.8,1,10:00:14.934432328
2317.8,1,10:00:14.934625538
2317.8,1,10:00:14.935346423
2317.8,1,10:00:14.941181888
2317.7,1,10:00:15.009448792
2317.7,1,10:00:15.009783196
2317.8,1,10:00:15.111828107
2317.7,1,10:00:15.267791149
2317.6,1,10:00:15.270223608
2317.5,3,10:00:15.271067769
2317.5,2,10:00:15.272066695
2317.6,3,10:00:15.272720689
2317.5,1,10:00:15.279280249
2317.5,1,10:00:15.279748450
2317.5,1,10:00:15.368808846
2317.4,2,10:00:15.387798837
2317.3,1,10:00:15.761222648
2317.3,1,10:00:15.761670590
2317.3,1,10:00:15.761942359
2317.3,2,10:00:15.762218888
2317.2,1,10:00:15.762485906
2317.1,1,10:00:15.838010556
2317.2,1,10:00:15.839012864
2317.2,1,10:00:15.839675671
2317.1,1,10:00:15.926379133
2317.2,1,10:00:15.928640974
2317.2,1,10:00:15.932053533
2317.1,1,10:00:16.025036811
2317.1,1,10:00:16.030042771
2317.2,3,10:00:16.087433598
2316.9,1,10:00:16.227607572
2316.8,1,10:00:16.358854183
2316.7,1,10:00:16.359859468
2316.5,3,10:00:16.365196645
2316.6,5,10:00:16.365386820
2316.6,1,10:00:16.365503969
2316.6,1,10:00:16.366289975
2316.6,1,10:00:16.366715277
2316.6,1,10:00:16.366864422
2316.7,1,10:00:16.366993374
2316.7,1,10:00:16.367241659
2316.5,1,10:00:16.521195267
2316.7,2,10:00:16.618700412
2316.7,2,10:00:16.618981592
2316.8,2,10:00:16.619857040
2316.7,1,10:00:16.666291469
2316.6,4,10:00:16.666291469
2316.7,1,10:00:16.835511805
2316.7,1,10:00:16.835942729
2316.6,1,10:00:16.836571375
2316.6,2,10:00:16.836851345
2316.6,2,10:00:16.839336737
2316.4,2,10:00:16.874140144
2316.4,3,10:00:16.874427158
2316.4,1,10:00:16.874914278
2316.5,1,10:00:16.912600413
2316.4,1,10:00:17.168876850
2316.4,1,10:00:17.172165576
2316.3,1,10:00:17.260534354
2316.2,1,10:00:17.500516451
2316.3,1,10:00:17.505546988
2316.3,1,10:00:17.505803237
2316.2,1,10:00:17.511960510
2316.1,1,10:00:17.541442290
2316.2,1,10:00:17.541442290
2316.0,3,10:00:17.541442290
2316.0,2,10:00:17.541459049
2315.9,1,10:00:17.694599462
2316.0,3,10:00:17.694599462
2316.1,1,10:00:17.694599462
2316.2,1,10:00:17.695836460
2316.1,1,10:00:17.696026051
2316.0,3,10:00:17.852063790
2316.0,1,10:00:17.852604556
2316.0,1,10:00:17.852624234
2316.0,1,10:00:17.852735012
2316.0,1,10:00:17.858010352
2316.0,1,10:00:17.896657395
2316.0,1,10:00:17.896954814
2316.0,1,10:00:17.897188719
2315.8,1,10:00:17.968800289
2315.8,1,10:00:17.968985839
2315.8,1,10:00:17.969597787
2315.9,1,10:00:18.001427410
2316.0,3,10:00:18.556234859
2316.0,2,10:00:18.556464973
2316.0,1,10:00:18.556522625
2315.9,1,10:00:18.556823175
2316.0,1,10:00:18.556922969
2316.0,1,10:00:18.564640293
2316.0,1,10:00:18.564929499
2316.0,1,10:00:18.564966712
2316.0,2,10:00:18.565141865
2316.0,1,10:00:18.573306244
2316.0,1,10:00:18.573484245
2316.0,1,10:00:18.573560607
2316.0,1,10:00:18.573593479
2316.0,2,10:00:18.573661259
2316.0,1,10:00:18.573708274
2315.9,1,10:00:18.585923248
2315.7,1,10:00:18.594570885
2315.5,1,10:00:18.619902798
2315.8,1,10:00:18.732572298
2315.5,4,10:00:18.885453069
2315.6,1,10:00:18.908542612
2315.5,1,10:00:19.122595620
2315.5,5,10:00:19.157570707
2315.5,4,10:00:19.157815458
2315.5,1,10:00:19.157841305
2315.5,6,10:00:19.157913248
2315.6,2,10:00:19.158135816
2315.6,1,10:00:19.158242589
2315.5,1,10:00:19.158318124
2315.7,2,10:00:19.159361261
2315.7,4,10:00:19.159368849
2315.6,1,10:00:19.159521495
2315.8,2,10:00:19.168815626
2315.9,1,10:00:19.184312514
2315.6,1,10:00:19.222287438
2315.4,1,10:00:19.233683431
2315.5,3,10:00:19.233683431
2315.4,1,10:00:19.301910193
2315.4,1,10:00:19.302575033
2315.5,1,10:00:19.356473799
2315.6,2,10:00:19.449711194
2315.7,3,10:00:19.449711194
2315.6,1,10:00:19.450818580
2315.5,2,10:00:19.705403075
2315.5,1,10:00:19.705569191
2315.4,1,10:00:19.714586384
2315.3,2,10:00:19.981570739
2315.3,1,10:00:19.981635889
2315.3,1,10:00:20.007337391
2315.3,1,10:00:20.105165602
2316.0,22,10:00:20.118765352
2315.4,4,10:00:20.118765352
2315.5,3,10:00:20.118765352
2315.6,3,10:00:20.118765352
2315.7,5,10:00:20.118765352
2315.8,5,10:00:20.118765352
2315.9,8,10:00:20.118765352
2315.6,1,10:00:20.120605469
2315.6,1,10:00:20.120977864
2315.8,1,10:00:20.122683024
2315.8,2,10:00:20.123635380
2315.6,1,10:00:20.126555010
2315.5,1,10:00:20.127738448
2315.6,2,10:00:20.132146329
2315.5,1,10:00:20.301955344
2315.6,2,10:00:20.327028906
2315.5,1,10:00:20.575813179
2315.6,1,10:00:20.783316492
2315.5,1,10:00:21.011637684
2315.4,1,10:00:21.026176298
2315.3,1,10:00:21.035078158
2315.4,1,10:00:21.148031506
2315.3,1,10:00:21.160636736
2315.2,1,10:00:21.329060318
2315.1,1,10:00:21.478495826
2315.2,1,10:00:21.522812495
2315.2,1,10:00:21.565659319
2315.2,1,10:00:21.842357427
2315.1,3,10:00:21.844296587
2315.0,2,10:00:21.906769261
2315.0,2,10:00:21.907141121
2314.8,1,10:00:22.139021337
2314.8,2,10:00:22.139235188
2314.8,1,10:00:22.166393823
2314.9,1,10:00:22.218242570
2314.8,2,10:00:22.642231662
2314.7,1,10:00:22.643183505
2314.7,1,10:00:22.643376606
2314.7,4,10:00:22.643831861
2314.8,1,10:00:22.644278929
2315.0,1,10:00:22.946638843
2315.1,1,10:00:23.004346550
2315.0,1,10:00:23.016246173
2315.2,2,10:00:23.205844612
2315.0,2,10:00:23.206079308
2315.3,2,10:00:23.206250134
2315.1,2,10:00:23.213923697
2315.0,2,10:00:23.236213258
2315.1,1,10:00:23.236695933
2315.2,1,10:00:23.268236391
2315.2,1,10:00:23.270189963
2315.3,1,10:00:23.823590332
2315.3,2,10:00:23.823825358
2315.3,1,10:00:24.107139369
2315.2,2,10:00:24.107557163
2315.3,1,10:00:24.159200114
2315.3,1,10:00:24.159584003
2315.3,1,10:00:24.159826971
2315.4,1,10:00:24.160387005
2315.3,1,10:00:24.251244704
2315.2,2,10:00:24.587792868
2315.3,1,10:00:24.590257002
2315.4,2,10:00:24.683893183
2315.4,1,10:00:24.867031873
2315.5,3,10:00:24.867383972
2315.4,1,10:00:24.867499326
2315.5,1,10:00:24.875796825
2315.4,1,10:00:25.003219282
2315.3,1,10:00:25.072575980
2315.2,1,10:00:25.074528541
2315.1,1,10:00:25.091554597
2315.2,1,10:00:25.115018051
2315.0,1,10:00:25.124425370
2314.9,1,10:00:25.129243551
2314.8,1,10:00:25.179052519
2314.8,1,10:00:25.362282476
2314.8,1,10:00:25.381892607
2314.6,8,10:00:25.860854076
2314.5,1,10:00:25.861036716
2314.5,1,10:00:26.013748674
2314.6,1,10:00:26.390628320
2314.6,1,10:00:26.390850115
2314.5,1,10:00:26.496542048
2314.5,1,10:00:26.605902279
2314.5,1,10:00:26.993172497
2314.5,1,10:00:26.998294844
2314.5,2,10:00:26.998515974
2314.5,1,10:00:26.999082690
2314.6,1,10:00:26.999205576
2314.6,1,10:00:26.999546047
2314.4,1,10:00:27.133193726
2314.4,3,10:00:27.146261936
2314.6,3,10:00:27.385517275
2314.5,2,10:00:27.385517275
2314.4,1,10:00:27.639356441
2315.1,3,10:00:27.926363461
2315.0,6,10:00:27.926363461
2314.9,3,10:00:27.926363461
2314.6,4,10:00:27.926363461
2314.8,3,10:00:27.926363461
2314.7,5,10:00:27.926363461
2314.9,1,10:00:27.930081152
2314.7,1,10:00:27.930140385
2314.7,3,10:00:27.930981360
2314.6,2,10:00:27.931956282
2314.7,4,10:00:27.936899072
2314.6,1,10:00:28.054805181
2314.7,1,10:00:28.074243407
2314.5,1,10:00:28.210445978
2314.4,1,10:00:28.360485938
2314.3,1,10:00:28.396151148
2314.1,3,10:00:28.396164012
2313.9,3,10:00:28.396164012
2314.2,1,10:00:28.396164012
2314.0,4,10:00:28.396164012
2314.2,1,10:00:28.396764687
2314.1,1,10:00:28.397642910
2314.2,3,10:00:28.432586662
2314.1,1,10:00:28.607643597
2314.2,1,10:00:28.729267478
2314.3,1,10:00:28.771259060
2314.2,1,10:00:28.920664308
2314.0,1,10:00:29.021548669
2314.3,1,10:00:29.122782138
2314.2,1,10:00:29.131967360
2314.4,1,10:00:29.132963716
2314.3,2,10:00:29.212069148
2314.1,1,10:00:29.229766049
2314.3,1,10:00:29.230710436
2314.3,1,10:00:29.230969094
2314.2,1,10:00:29.489943692
2314.3,1,10:00:29.851770923
2314.2,1,10:00:29.966512653
2314.2,1,10:00:29.981311474
2314.3,1,10:00:30.045194675
2314.4,1,10:00:30.046013117
2314.4,1,10:00:30.060423466
2314.4,1,10:00:30.079143105
2314.5,2,10:00:30.148579453
2314.6,1,10:00:30.500117123
2314.7,1,10:00:30.513280698
2314.7,1,10:00:30.513554800
2314.7,6,10:00:30.513585875
2314.7,1,10:00:30.513735223
2314.7,1,10:00:30.513774148
2314.7,2,10:00:30.513847161
2314.7,5,10:00:30.513881542
2314.7,2,10:00:30.513964555
2314.6,1,10:00:30.514113275
2314.6,2,10:00:30.514324496
2314.6,1,10:00:30.514359554
2314.6,2,10:00:30.514655408
2314.5,1,10:00:30.514955750
2314.4,5,10:00:30.546801826
2314.5,1,10:00:30.546801826
2314.5,1,10:00:30.547758941
2314.5,1,10:00:30.596609000
2314.5,1,10:00:30.821572200
2314.5,1,10:00:30.832971740
2314.4,1,10:00:30.835695977
2314.1,4,10:00:30.835695977
2314.0,6,10:00:30.835695977
2313.8,5,10:00:30.835695977
2314.2,4,10:00:30.835695977
2313.9,4,10:00:30.835695977
2313.7,1,10:00:30.835695977
2314.3,5,10:00:30.835695977
2314.1,1,10:00:30.838226085
2314.1,1,10:00:30.840109282
2314.2,1,10:00:30.840445711
2314.1,1,10:00:30.840723426
2314.2,1,10:00:30.840756985
2314.2,1,10:00:30.840764345
2314.2,1,10:00:30.840834979
2314.2,1,10:00:30.840864464
2314.2,1,10:00:30.842823932
2314.3,3,10:00:30.843813401
2314.4,1,10:00:30.845049219
2314.4,1,10:00:30.845117329
2314.4,1,10:00:30.845156706
2314.3,2,10:00:30.845271971
2314.2,1,10:00:30.845271971
2314.3,1,10:00:30.845714999
2314.3,1,10:00:30.847646202
2314.3,2,10:00:30.847711551
2314.3,1,10:00:30.847806567
2314.2,3,10:00:30.848759406
2314.3,1,10:00:30.849019517
2314.3,2,10:00:30.870420624
2314.3,1,10:00:30.870862140
2314.3,3,10:00:30.871312363
2314.4,3,10:00:30.989274915
2314.6,1,10:00:30.998142647
2314.4,1,10:00:31.004400809
2314.3,3,10:00:31.060678982
2314.1,1,10:00:31.209112376
2314.0,2,10:00:31.209112376
2314.2,3,10:00:31.209112376
2314.0,1,10:00:31.212875646
2314.3,2,10:00:31.248136364
2314.2,2,10:00:31.248136364
2314.1,1,10:00:31.248136364
2314.0,1,10:00:31.649153841
2314.0,1,10:00:31.649419491
2314.1,1,10:00:31.722477008
2314.0,1,10:00:31.818813878
2314.0,1,10:00:31.819052005
2314.0,1,10:00:31.819285967
2313.9,1,10:00:31.828041277
2314.0,1,10:00:31.836394797
2313.9,1,10:00:31.849839050
2313.7,2,10:00:32.026236363
2313.8,2,10:00:32.111152014
2313.8,1,10:00:32.111313099
2313.7,3,10:00:32.113945859
2313.6,1,10:00:32.223901322
2313.6,1,10:00:32.224691217
2313.6,1,10:00:32.240025597
2313.5,1,10:00:32.246039898
2313.5,1,10:00:32.247189595
2313.5,1,10:00:32.247768979
2313.7,1,10:00:32.336859265
2313.7,1,10:00:32.337117261
2313.8,1,10:00:32.520062349
2313.7,1,10:00:32.523372359
2313.9,2,10:00:32.549773653
2314.0,4,10:00:32.549773653
2314.0,1,10:00:32.925453798
2314.2,1,10:00:32.987242919
2314.0,1,10:00:33.031515782
2314.0,1,10:00:33.115032106
2314.0,1,10:00:33.128066616
2313.9,1,10:00:33.189933393
2313.8,1,10:00:33.465485157
2313.8,1,10:00:33.617969268
2313.8,1,10:00:34.125577668
2314.0,1,10:00:34.472124368
2314.1,3,10:00:34.694245884
2314.2,2,10:00:34.694245884
2314.3,4,10:00:34.795458884
2314.4,1,10:00:34.796248631
2314.3,1,10:00:34.804439856
2314.4,1,10:00:34.804690255
2314.3,1,10:00:34.816150323
2314.4,1,10:00:34.959161070
2314.5,4,10:00:34.977120431
2314.5,2,10:00:34.977357380
2314.5,4,10:00:34.977485018
2314.6,1,10:00:34.983695758
2314.6,1,10:00:34.985996111
2314.6,1,10:00:35.078225374
2314.6,1,10:00:35.299211352
2314.6,1,10:00:35.299580304
2314.5,1,10:00:35.300109444
2314.6,1,10:00:35.300172225
2314.5,1,10:00:35.394173979
2314.4,1,10:00:35.395904018
2314.2,1,10:00:35.570139014
2314.2,1,10:00:36.185646084
2314.1,1,10:00:36.186411230
2314.2,1,10:00:36.214018998
2314.1,1,10:00:36.787509568
2314.0,1,10:00:36.816838561
2314.2,1,10:00:36.890738768
2314.2,2,10:00:37.193860822
2314.2,1,10:00:37.833562509
2314.3,1,10:00:37.834324827
2314.3,1,10:00:37.834434368
2314.3,1,10:00:37.834781642
2314.3,2,10:00:38.157599144
2314.2,1,10:00:38.607426486
2314.2,1,10:00:38.706107821
2314.3,1,10:00:38.706655365
2314.2,1,10:00:38.880403759
2314.4,1,10:00:39.035628022
2314.3,1,10:00:39.036031992
2314.2,1,10:00:39.441788343
2314.3,1,10:00:39.570112381
2314.4,1,10:00:39.574740865
2314.5,1,10:00:39.653399512
2314.6,1,10:00:39.671632495
2314.7,2,10:00:39.711284023
2314.7,1,10:00:39.712031581
2314.6,1,10:00:39.739763966
2314.5,1,10:00:39.766127987
2314.4,1,10:00:39.846152978
2314.5,1,10:00:39.852229987
2314.5,1,10:00:39.852565587
2314.5,3,10:00:39.854405660
2314.3,2,10:00:40.091058970
2314.2,1,10:00:40.093681829
2314.3,1,10:00:40.097095501
2314.3,4,10:00:40.097301688
2314.2,1,10:00:40.097647157
2314.1,3,10:00:40.196409519
2314.2,1,10:00:40.196409519
2314.0,4,10:00:40.196409519
2314.0,1,10:00:40.197237815
2314.0,1,10:00:40.197373981
2314.0,1,10:00:40.197399267
2314.0,1,10:00:40.197547616
2314.0,1,10:00:40.197742862
2314.0,1,10:00:40.197863286
2314.0,2,10:00:40.197863286
2314.0,1,10:00:40.197914753
2314.0,2,10:00:40.198030579
2314.0,1,10:00:40.198030579
2314.0,1,10:00:40.198249487
2314.0,3,10:00:40.198249487
2314.0,6,10:00:40.198364327
2314.0,1,10:00:40.198513188
2314.0,5,10:00:40.198776589
2314.0,1,10:00:40.198882091
2314.0,1,10:00:40.198976941
2314.0,1,10:00:40.199066764
2313.9,3,10:00:40.199281824
2313.9,1,10:00:40.199638641
2313.9,1,10:00:40.199918704
2313.9,1,10:00:40.200315979
2313.8,1,10:00:40.201089278
2313.8,1,10:00:40.201451827
2313.8,1,10:00:40.201780620
2313.9,1,10:00:40.201780620
2313.9,2,10:00:40.202483946
2313.8,1,10:00:40.202483946
2313.9,1,10:00:40.203774277
2313.8,1,10:00:40.204867595
2313.9,2,10:00:40.205019601
2313.9,1,10:00:40.307484707
2314.0,1,10:00:40.461276736
2314.0,2,10:00:40.461712316
2314.0,2,10:00:40.462036271
2314.0,2,10:00:40.602119158
2314.0,1,10:00:40.609822856
2314.0,1,10:00:40.610057712
2314.0,1,10:00:40.621258633
2314.0,1,10:00:40.621501758
2314.0,1,10:00:40.636012317
2314.0,1,10:00:40.636180215
2313.9,1,10:00:40.742422290
2313.9,1,10:00:40.743091298
2313.9,1,10:00:40.747570128
2314.0,1,10:00:40.748132303
2314.0,1,10:00:40.797178926
2313.9,1,10:00:40.817725425
2313.9,1,10:00:40.817767134
2314.0,2,10:00:40.926373308
2314.0,2,10:00:40.926548854
2314.0,2,10:00:40.926694736
2314.2,3,10:00:40.927168953
2314.3,2,10:00:40.935447569
2314.4,1,10:00:40.935988498
2314.3,2,10:00:41.069618409
2314.0,6,10:00:41.327602811
2314.1,4,10:00:41.327602811
2314.2,2,10:00:41.327602811
2314.0,1,10:00:41.328992971
2314.0,1,10:00:41.329054640
2314.0,1,10:00:41.329135464
2314.0,1,10:00:41.329477215
2314.0,3,10:00:41.329477215
2314.0,1,10:00:41.329505465
2314.0,1,10:00:41.329612559
2314.0,2,10:00:41.329670653
2314.0,1,10:00:41.329719600
2314.0,1,10:00:41.329803339
2314.0,1,10:00:41.330461292
2314.0,1,10:00:41.330497248
2314.0,1,10:00:41.330593304
2314.0,1,10:00:41.330630413
2314.0,1,10:00:41.330864305
2314.0,1,10:00:41.330947445
2314.0,1,10:00:41.331161303
2314.0,1,10:00:41.331397682
2314.0,1,10:00:41.331443203
2314.0,1,10:00:41.332992227
2314.0,1,10:00:41.334025028
2314.0,1,10:00:41.335061600
2313.9,1,10:00:41.353942423
2314.0,2,10:00:41.355016630
2314.0,1,10:00:41.355229662
2314.0,1,10:00:41.355297091
2314.0,1,10:00:41.355413860
2314.0,1,10:00:41.355502863
2314.0,1,10:00:41.368617644
2313.9,4,10:00:41.734366059
2313.8,1,10:00:41.734969531
2313.9,2,10:00:41.817254840
2314.0,1,10:00:41.945634276
2314.0,1,10:00:41.945954705
2314.0,1,10:00:41.950457727
2314.0,3,10:00:41.951456282
2313.9,1,10:00:41.951660299
2313.9,3,10:00:41.951888674
2313.9,1,10:00:41.952203602
2313.9,1,10:00:41.952450638
2313.9,1,10:00:42.126124917
2313.9,1,10:00:42.126326499
2313.8,4,10:00:42.242849811
2313.7,3,10:00:42.243438561
2313.6,2,10:00:42.243438561
2313.7,1,10:00:42.244358424
2313.6,1,10:00:42.245534771
2313.5,2,10:00:42.245534771
2313.4,1,10:00:42.245548439
2313.6,1,10:00:42.247246159
2313.7,1,10:00:42.411745514
2313.7,1,10:00:42.479525338
2313.6,1,10:00:42.547951034
2313.5,1,10:00:42.554790769
2313.5,1,10:00:42.555024812
2313.5,1,10:00:42.555264375
2313.5,2,10:00:42.555611012
2313.5,2,10:00:42.555863411
2313.6,1,10:00:42.556332953
2313.6,1,10:00:42.567471425
2313.8,3,10:00:42.936707118
2313.8,2,10:00:42.937008196
2313.8,1,10:00:42.937178682
2313.8,1,10:00:42.937218753
2313.8,1,10:00:42.937285999
2313.8,33,10:00:42.937285999
2313.8,4,10:00:42.937353681
2313.9,1,10:00:42.945978399
2313.9,1,10:00:42.946080168
2313.9,1,10:00:42.946155766
2313.9,2,10:00:42.946327882
2313.9,1,10:00:42.946385147
2313.9,1,10:00:42.946463296
2313.9,1,10:00:42.971343565
2313.9,1,10:00:43.100230165
2313.9,1,10:00:43.100438816
2314.0,3,10:00:43.333155612
2313.8,1,10:00:43.583516270
2313.8,2,10:00:43.583570594
2313.6,1,10:00:43.868207816
2313.8,2,10:00:43.869043629
2314.0,1,10:00:44.205801647
2314.0,1,10:00:44.251022190
2313.9,2,10:00:44.359700017
2313.8,1,10:00:45.186280019
2313.7,1,10:00:45.331379588
2313.8,1,10:00:45.331458469
2313.8,1,10:00:45.332533611
2313.8,1,10:00:45.350864954
2313.9,4,10:00:45.350864954
2314.0,1,10:00:45.775223371
2313.9,1,10:00:45.777004841
2313.9,3,10:00:45.777137746
2313.9,1,10:00:45.777617346
2313.9,3,10:00:45.924403694
2313.8,1,10:00:45.992266554
2313.9,1,10:00:45.993119320
2313.9,1,10:00:46.324104273
2313.9,1,10:00:46.324331113
2313.9,1,10:00:46.332264697
2313.9,2,10:00:46.387388848
2313.7,1,10:00:46.446055665
2313.7,1,10:00:46.449673012
2313.8,1,10:00:46.454294158
2313.8,1,10:00:46.462973422
2313.9,1,10:00:46.549372817
2313.8,1,10:00:46.561760719
2313.9,1,10:00:46.567082097
2313.9,1,10:00:46.699625108
2314.0,1,10:00:47.342270039
2313.9,1,10:00:47.389693519
2313.9,1,10:00:47.389917223
2314.0,1,10:00:47.553580696
2314.0,1,10:00:47.553760427
2314.0,1,10:00:47.734541103
2314.0,1,10:00:47.734737521
2314.0,1,10:00:47.735620783
2314.2,1,10:00:47.737224944
2314.3,5,10:00:47.737237449
2314.5,2,10:00:47.737244566
2314.4,3,10:00:47.737244566
2314.2,1,10:00:47.738889726
2314.2,1,10:00:47.740250070
2314.2,1,10:00:47.740416576
2314.2,1,10:00:47.740462030
2314.2,1,10:00:47.740559085
2314.2,1,10:00:47.740834822
2314.3,1,10:00:47.740956318
2314.2,1,10:00:47.745487927
2314.4,1,10:00:47.918362101
2314.4,1,10:00:48.026028781
2314.5,2,10:00:48.030232661
2314.6,1,10:00:48.030715455
2314.6,1,10:00:48.045604121
2314.6,1,10:00:48.107631343
2314.8,2,10:00:48.151132204
2314.8,1,10:00:48.152386741
2314.6,1,10:00:48.381121841
2314.7,2,10:00:48.412952209
2314.7,2,10:00:48.553769872
2314.7,1,10:00:48.575138928
2314.5,2,10:00:48.665519116
2314.6,1,10:00:48.918324146
2314.6,1,10:00:49.258803563
2314.4,1,10:00:49.286248521
2314.3,1,10:00:49.379650156
2314.2,1,10:00:49.430854097
2314.2,1,10:00:49.488393830
2314.1,1,10:00:49.756932426
2314.1,2,10:00:50.125156656
2314.1,1,10:00:50.126474701
2314.2,1,10:00:50.127277981
2314.1,1,10:00:50.154032347
2314.1,2,10:00:50.154616432
2314.1,1,10:00:50.154852215
2314.1,2,10:00:50.159486417
2314.0,3,10:00:50.159486417
2314.0,2,10:00:50.160071259
2314.0,2,10:00:50.310699393
2314.1,1,10:00:50.421503119
2314.0,3,10:00:50.422753652
2313.9,1,10:00:50.462880138
2313.9,1,10:00:50.501292402
2313.9,1,10:00:50.501713659
2313.8,2,10:00:50.504584085
2314.0,1,10:00:50.723419389
2314.0,2,10:00:50.860465286
2314.2,1,10:00:50.969097206
2314.1,2,10:00:51.658010417
2314.2,1,10:00:51.658010417
2314.0,1,10:00:51.724269622
2314.0,1,10:00:51.724743164
2313.9,1,10:00:51.772981899
2313.8,1,10:00:51.868601667
2313.8,1,10:00:52.346289946
2313.7,2,10:00:52.424858385
2313.8,1,10:00:53.182162400
2313.9,1,10:00:53.437507977
2313.8,1,10:00:53.835906977
2313.9,1,10:00:53.845412104
2313.8,1,10:00:54.165465300
2313.7,1,10:00:54.515383739
2313.8,1,10:00:54.929160386
2313.9,2,10:00:54.929160386
2313.7,1,10:00:54.950242335
2313.6,2,10:00:55.081266834
2313.5,1,10:00:55.344433481
2313.6,1,10:00:55.344771395
2313.9,1,10:00:55.782960239
2313.9,1,10:00:55.783136636
2314.0,1,10:00:55.921947998
2313.8,1,10:00:55.941192800
2313.9,1,10:00:55.966455659
2314.0,2,10:00:55.993800772
2314.0,1,10:00:55.993968634
2314.1,1,10:00:56.018471702
2314.2,6,10:00:56.114707483
2314.2,1,10:00:56.114834986
2314.3,2,10:00:56.132796563
2314.5,2,10:00:56.662916680
2314.5,1,10:00:56.748119033
2314.5,1,10:00:56.748845131
2314.5,1,10:00:56.749665285
2314.6,1,10:00:56.751975886
2314.5,1,10:00:56.753890446
2314.4,1,10:00:56.810393211
2314.3,2,10:00:57.031423483
2314.3,1,10:00:57.042179934
2314.5,2,10:00:57.508447347
2314.6,1,10:00:57.511161465
2314.5,1,10:00:57.732490998
2314.5,1,10:00:57.821491143
2314.5,1,10:00:57.965396273
2314.4,1,10:00:58.078660453
2314.3,1,10:00:58.221091646
2314.1,5,10:00:58.432502645
2314.2,2,10:00:58.432502645
2314.1,3,10:00:58.433127042
2314.2,1,10:00:58.444818671
2314.1,1,10:00:58.511986704
2314.2,1,10:00:58.940115440
2314.1,1,10:00:59.074776342
2314.1,1,10:00:59.074956557
2314.2,1,10:00:59.393377219
2314.2,1,10:00:59.483817044
2314.2,3,10:00:59.543840996
2314.1,3,10:00:59.543840996
2314.0,6,10:00:59.543840996
2314.0,13,10:00:59.544873269
2314.0,1,10:00:59.732923746
2314.0,1,10:00:59.732949450
2314.0,1,10:00:59.733832207
2313.8,4,10:00:59.736792360
2313.9,1,10:00:59.736792360
2314.0,1,10:00:59.739775067
2314.1,1,10:00:59.863972805
2314.3,1,10:01:05.568018223
2314.3,1,10:01:05.568058714
2314.3,2,10:01:05.568097569
2314.1,1,10:01:05.569345159
2314.1,1,10:01:05.569544200
2314.1,1,10:01:05.569579785
2314.1,1,10:01:05.570434388
2314.1,1,10:01:05.571073101
2314.1,1,10:01:05.571588929
2314.0,2,10:01:05.572036145
2314.1,1,10:01:05.573965512
2314.0,1,10:01:05.576182628
2314.0,2,10:01:05.578340249
2314.1,1,10:01:05.588695384
2314.0,1,10:01:05.600578251
2314.0,1,10:01:05.602612906
2314.1,1,10:01:05.603475072
2314.1,1,10:01:05.603841025
2314.1,1,10:01:05.610349143
2314.0,1,10:01:05.622830688
2314.1,1,10:01:05.623204533
2314.0,1,10:01:05.624154303
2314.1,2,10:01:05.625683508
2314.0,1,10:01:05.628126063
2314.2,1,10:01:05.628831024
2314.0,1,10:01:05.636956136
2314.0,1,10:01:05.639456551
2313.9,1,10:01:05.641411893
2314.0,1,10:01:05.642203282
2314.1,1,10:01:05.708876083
2314.0,3,10:01:05.778527045
2314.1,2,10:01:05.778644069
2314.1,1,10:01:05.779774883
2314.1,1,10:01:05.780400575
2314.1,1,10:01:05.780631473
2314.2,1,10:01:05.792137523
2314.1,1,10:01:05.810209722
2314.2,1,10:01:05.827603528
2314.3,1,10:01:06.363094974
2313.8,5,10:01:06.372808543
2313.7,19,10:01:06.372808543
2313.9,5,10:01:06.372808543
2314.0,5,10:01:06.372808543
2314.1,1,10:01:06.372808543
2313.7,1,10:01:06.374494542
2313.7,2,10:01:06.374589171
2313.7,2,10:01:06.374992610
2313.7,8,10:01:06.375180024
2313.7,1,10:01:06.375247975
2313.7,1,10:01:06.375307777
2313.9,1,10:01:06.375968159
2313.7,1,10:01:06.378759005
2313.8,4,10:01:06.379220503
2313.8,1,10:01:06.379251838
2313.8,2,10:01:06.379338669
2313.9,1,10:01:06.379555553
2313.8,1,10:01:06.380227554
2313.8,2,10:01:06.380605133
2313.8,1,10:01:06.381463627
2313.8,1,10:01:06.381897143
2313.8,1,10:01:06.382047404
2313.9,1,10:01:06.383667416
2314.0,1,10:01:06.384772977
2313.9,1,10:01:06.384772977
2313.7,1,10:01:06.397261747
2313.9,1,10:01:06.402207016
2313.9,1,10:01:06.403866854
2313.7,1,10:01:06.405618816
2313.6,1,10:01:06.412761658
2313.7,1,10:01:06.419897729
2313.6,1,10:01:06.423645305
2313.7,1,10:01:06.423645305
2313.7,1,10:01:06.423992640
2313.8,1,10:01:06.527180733
2313.8,1,10:01:06.527461858
2313.9,1,10:01:06.528352958
2314.0,1,10:01:06.530164636
2314.0,1,10:01:06.530353200
2314.0,2,10:01:06.530586705
2314.0,1,10:01:06.531473200
2314.0,1,10:01:06.531706139
2314.1,1,10:01:06.531706139
2314.2,3,10:01:06.533699558
2314.3,2,10:01:06.536307403
2314.2,1,10:01:06.536307403
2314.1,1,10:01:06.536530288
2314.1,1,10:01:06.536563738
2314.2,1,10:01:06.536835225
2314.3,2,10:01:06.537077681
2314.3,1,10:01:06.538579760
2314.4,9,10:01:06.546022584
2314.5,6,10:01:06.546022584
2314.5,1,10:01:06.548123104
2314.6,4,10:01:06.548393634
2314.5,3,10:01:06.548393634
2314.6,1,10:01:06.552796741
2314.7,1,10:01:06.554250114
2314.6,1,10:01:06.554968369
2314.6,1,10:01:06.555082934
2314.6,1,10:01:06.555112890
2314.6,2,10:01:06.555494556
2314.7,1,10:01:06.555602436
2314.6,1,10:01:06.558036786
2314.6,1,10:01:06.574865408
2314.6,2,10:01:06.574936548
2314.7,1,10:01:06.579948684
2314.7,1,10:01:06.604030080
2314.6,1,10:01:06.624003917
2314.6,1,10:01:06.661674173
2314.8,3,10:01:06.713802429
2314.8,1,10:01:06.714980876
2314.7,1,10:01:06.715046819
2314.9,2,10:01:06.715512259
2314.8,1,10:01:06.715750459
2314.8,1,10:01:06.749285239
2314.8,1,10:01:06.751808842
2314.9,1,10:01:06.769092926
2315.0,3,10:01:06.907172570
2314.9,1,10:01:06.946742755
2315.1,1,10:01:07.026512265
2315.2,2,10:01:07.087546132
2315.3,2,10:01:07.139203020
2315.2,3,10:01:07.158770413
2315.2,1,10:01:07.218505781
2315.2,1,10:01:07.218615457
2315.3,1,10:01:07.226802816
2315.4,3,10:01:07.306542664
2315.3,1,10:01:07.321083383
2315.4,1,10:01:07.435001001
2315.3,2,10:01:07.435101576
2315.3,1,10:01:07.436016266
2315.4,1,10:01:07.436520728
2315.3,1,10:01:07.467887000
2315.3,1,10:01:07.516332916
2315.2,1,10:01:07.694829845
2314.8,4,10:01:07.743983750
2314.7,6,10:01:07.743983750
2315.0,3,10:01:07.743983750
2315.1,3,10:01:07.743983750
2314.5,4,10:01:07.743983750
2314.4,10,10:01:07.743983750
2314.3,6,10:01:07.743983750
2314.9,4,10:01:07.743983750
2314.6,10,10:01:07.743983750
2314.7,1,10:01:07.747466393
2314.8,1,10:01:07.749810943
2314.7,1,10:01:07.750698263
2314.7,1,10:01:07.751271165
2314.7,1,10:01:07.751339283
2314.7,1,10:01:07.751380798
2314.8,1,10:01:07.751475667
2314.7,1,10:01:07.751765507
2314.7,1,10:01:07.751974952
2314.8,2,10:01:07.752060166
2314.8,2,10:01:07.752482305
2314.6,1,10:01:07.753553216
2314.6,1,10:01:07.753619192
2314.7,2,10:01:07.753667949
2314.7,1,10:01:07.753836368
2314.7,1,10:01:07.754142464
2314.8,1,10:01:07.756574744
2314.9,2,10:01:07.757238546
2314.9,3,10:01:07.757621389
2314.8,1,10:01:07.779047690
2314.7,1,10:01:07.782586404
2314.7,1,10:01:07.793448858
2314.8,1,10:01:07.794190915
2314.7,1,10:01:07.808593052
2314.8,1,10:01:07.874235309
2314.9,1,10:01:08.025789394
2315.0,1,10:01:08.083605647
2315.0,2,10:01:08.088480497
2314.8,1,10:01:08.120143066
2315.0,1,10:01:08.141836359
2314.9,3,10:01:08.269294271
2314.9,2,10:01:08.271477594
2314.8,1,10:01:08.430237454
2315.0,1,10:01:08.699249653
2314.8,1,10:01:08.717097364
2314.9,1,10:01:08.759916055
2314.7,5,10:01:08.872645690
2314.8,1,10:01:08.998899150
2314.9,1,10:01:09.019458128
2314.9,1,10:01:09.019820001
2315.0,2,10:01:09.021098853
2315.1,5,10:01:09.040671839
2315.1,2,10:01:09.040992432
2315.0,1,10:01:09.041427484
2315.0,1,10:01:09.061665298
2315.0,1,10:01:09.062611406
2315.1,2,10:01:09.062739972
2314.8,1,10:01:09.137453654
2314.9,4,10:01:09.137453654
2314.7,4,10:01:09.368214517
2314.8,1,10:01:09.368214517
2314.9,3,10:01:09.665232507
2315.0,5,10:01:09.719260406
2314.9,1,10:01:09.743452776
2315.0,1,10:01:09.766221272
2315.1,1,10:01:10.001150929
2315.0,1,10:01:10.162138792
2315.0,1,10:01:10.165806435
2315.0,1,10:01:10.166200223
2315.0,1,10:01:10.168245269
2315.0,1,10:01:10.170777461
2315.0,1,10:01:10.174020361
2315.0,1,10:01:10.185773130
2315.1,1,10:01:10.271234658
2315.1,1,10:01:10.271269746
2315.2,1,10:01:10.438528944
2315.2,2,10:01:10.438869754
2315.0,1,10:01:10.457898461
2315.0,1,10:01:10.492288657
2315.0,1,10:01:11.202463374
2315.1,1,10:01:11.204333956
2315.0,1,10:01:11.222825943
2315.2,1,10:01:11.463928756
2315.1,1,10:01:11.757252301
2315.0,2,10:01:11.935720364
2315.1,1,10:01:12.029826162
2315.1,1,10:01:12.030314492
2315.1,2,10:01:12.217617189
2315.0,1,10:01:12.236401018
2315.0,1,10:01:12.266662413
2314.9,1,10:01:12.557440250
2314.9,1,10:01:12.568299858
2315.0,1,10:01:12.580345810
2315.0,1,10:01:12.581235083
2315.1,3,10:01:13.012654544
2315.1,7,10:01:13.013049212
2315.1,1,10:01:13.014298856
2315.1,2,10:01:13.015155914
2315.0,1,10:01:13.031395099
2315.0,1,10:01:13.047407525
2314.9,3,10:01:13.263976473
2314.9,3,10:01:13.264496596
2315.0,1,10:01:13.265321696
2315.0,1,10:01:13.265508626
2315.1,2,10:01:13.265873578
2315.0,1,10:01:13.283249495
2315.0,2,10:01:13.852794949
2315.0,1,10:01:13.852898167
2315.0,1,10:01:14.071290344
2315.0,1,10:01:14.160526487
2314.9,1,10:01:14.418633409
2314.8,1,10:01:14.428343362
2314.8,1,10:01:14.428610446
2314.7,1,10:01:14.746820934
2314.6,2,10:01:14.748312820
2314.6,5,10:01:14.748422639
2314.7,1,10:01:14.751011655
2314.7,1,10:01:14.751235432
2314.6,1,10:01:14.759041638
2314.6,1,10:01:14.759555063
2314.7,1,10:01:14.802976657
2314.6,2,10:01:14.841844332
2314.6,1,10:01:14.843477418
2314.8,1,10:01:15.248012432
2314.5,3,10:01:15.482457039
2314.6,2,10:01:15.486452945
2314.7,1,10:01:15.486897667
2314.6,8,10:01:15.487171410
2314.5,4,10:01:15.592717643
2314.6,2,10:01:15.728484441
2314.6,1,10:01:15.728998275
2314.5,1,10:01:15.729334141
2314.5,1,10:01:15.730233234
2314.6,1,10:01:15.768206611
2314.7,1,10:01:15.829698565
2314.7,1,10:01:15.829945859
2314.6,1,10:01:15.840892113
2314.5,1,10:01:15.948180465
2314.5,1,10:01:15.950163695
2314.6,1,10:01:16.181621678
2314.5,1,10:01:16.264831198
2314.5,1,10:01:16.265900612
2314.5,1,10:01:16.283691055
2314.4,11,10:01:16.584277648
2314.3,1,10:01:16.585027980
2314.3,1,10:01:16.585067373
2314.4,1,10:01:16.585998381
2314.1,1,10:01:16.711345526
2314.3,1,10:01:17.166768060
2314.3,1,10:01:17.274865465
2314.4,1,10:01:17.277603853
2314.5,2,10:01:17.299531132
2314.5,1,10:01:17.301461003
2314.6,2,10:01:17.310009824
2314.5,1,10:01:17.313301906
2314.5,1,10:01:17.339754297
2314.5,1,10:01:17.386958138
2314.7,2,10:01:17.498567663
2314.7,1,10:01:17.498763993
2314.8,1,10:01:17.524721481
2314.8,1,10:01:17.525186015
2314.9,1,10:01:17.539497486
2314.8,1,10:01:17.551692164
2315.0,1,10:01:17.565935649
2314.9,1,10:01:17.576202276
2315.0,1,10:01:17.653030899
2314.9,2,10:01:17.820427818
2314.8,2,10:01:17.821158943
2314.7,3,10:01:17.822536762
2314.8,1,10:01:17.823624049
2314.7,1,10:01:17.824123044
2314.8,1,10:01:17.826402278
2314.8,1,10:01:18.052403636
2314.8,1,10:01:18.381945306
2314.9,1,10:01:18.382833677
2314.8,1,10:01:18.443738669
2315.0,1,10:01:18.765624168
2315.0,1,10:01:18.765706182
2315.0,1,10:01:18.766015955
2315.1,1,10:01:18.930199051
2315.1,1,10:01:18.930542421
2315.2,1,10:01:18.931896605
2315.1,1,10:01:18.937603134
2315.2,1,10:01:19.075982537
2315.2,1,10:01:19.076070891
2315.3,2,10:01:19.215307883
2315.3,1,10:01:19.216595579
2315.4,3,10:01:19.216687676
2315.4,1,10:01:19.218780717
2315.4,1,10:01:19.219295861
2315.5,4,10:01:19.230795638
2315.4,1,10:01:19.253519535
2315.2,5,10:01:19.272625838
2315.3,6,10:01:19.272625838
2315.0,4,10:01:19.272625838
2315.4,2,10:01:19.272625838
2315.1,5,10:01:19.272625838
2315.0,1,10:01:19.274116998
2315.0,1,10:01:19.274370670
2315.0,2,10:01:19.274370670
2315.0,8,10:01:19.274392926
2315.0,8,10:01:19.274702005
2315.2,1,10:01:19.276995699
2315.2,1,10:01:19.277026442
2315.2,1,10:01:19.277075522
2315.2,3,10:01:19.277111110
2315.2,1,10:01:19.277509377
2315.2,1,10:01:19.277582082
2315.2,1,10:01:19.277763664
2315.2,1,10:01:19.277824362
2315.1,2,10:01:19.278076720
2315.0,1,10:01:19.281333947
2315.1,1,10:01:19.281640993
2315.0,1,10:01:19.281944369
2315.0,1,10:01:19.282167420
2315.1,1,10:01:19.283015738
2315.2,1,10:01:19.283109609
2315.0,1,10:01:19.300928894
2315.2,1,10:01:19.302648529
2315.0,1,10:01:19.304000697
2315.1,1,10:01:19.307265175
2314.9,1,10:01:19.307799257
2315.1,2,10:01:19.334817538
2315.3,1,10:01:19.468990414
2315.2,1,10:01:19.469077398
2315.3,1,10:01:19.470680090
2315.3,2,10:01:19.472141796
2315.2,1,10:01:19.491049836
2315.2,1,10:01:19.497448302
2315.2,1,10:01:19.497927223
2315.3,2,10:01:19.504524080
2315.1,1,10:01:19.690376700
2315.1,1,10:01:19.967235124
2315.2,2,10:01:20.051171654
2315.3,1,10:01:20.055620624
2315.3,1,10:01:20.138485221
2315.3,1,10:01:20.175581850
2315.3,1,10:01:20.176099739
2315.4,4,10:01:20.980735260
2315.3,1,10:01:20.999084729
2315.3,1,10:01:21.024109532
2315.3,1,10:01:21.599853035
2315.3,1,10:01:21.600206722
2315.2,1,10:01:21.645605924
2315.2,1,10:01:21.721641784
2315.2,1,10:01:22.330426771
2315.3,1,10:01:22.331864295
2315.4,1,10:01:22.434759228
2315.4,1,10:01:22.450776496
2315.5,2,10:01:22.517738480
2315.4,1,10:01:22.639175378
2315.5,1,10:01:22.639282637
2315.5,1,10:01:22.639551177
2315.5,1,10:01:22.640246903
2315.6,1,10:01:22.643607221
2315.5,1,10:01:22.647449465
2315.5,2,10:01:22.800504179
2315.4,1,10:01:22.801610349
2315.5,1,10:01:23.068152658
2315.7,6,10:01:23.419066098
2315.6,1,10:01:23.419066098
2315.7,1,10:01:23.421129606
2315.6,2,10:01:23.440709442
2315.5,1,10:01:23.454581847
2315.6,1,10:01:23.455097077
2315.5,1,10:01:23.605381536
2315.3,1,10:01:24.289955385
2315.3,3,10:01:24.290218576
2315.4,1,10:01:24.290464038
2315.4,1,10:01:24.291677458
2315.3,1,10:01:24.318432868
2315.3,1,10:01:24.319097148
2315.3,1,10:01:24.393581681
2315.2,4,10:01:24.617684933
2315.2,1,10:01:24.644146512
2315.1,1,10:01:24.872509734
2315.0,2,10:01:24.880564652
2315.1,2,10:01:24.880712254
2315.0,1,10:01:24.880996082
2315.1,2,10:01:25.167251531
2315.1,1,10:01:25.171802519
2315.0,1,10:01:25.229112011
2315.0,1,10:01:25.454402735
2314.9,1,10:01:25.454402735
2315.2,1,10:01:25.622299282
2314.9,5,10:01:25.881361103
2314.9,4,10:01:25.881541495
2314.9,1,10:01:25.881684983
2314.8,1,10:01:25.908705789
2315.0,1,10:01:26.472103740
2314.8,1,10:01:27.018688719
2315.0,1,10:01:27.030452331
2315.0,1,10:01:27.074138043
2314.8,1,10:01:27.198092699
2314.8,1,10:01:27.219362569
2314.8,1,10:01:27.356178673
2314.7,1,10:01:27.566608593
2314.6,1,10:01:27.566623874
2314.7,1,10:01:27.566623874
2314.7,1,10:01:27.955053070
2314.9,1,10:01:28.159855189
2315.0,1,10:01:28.199673200
2315.1,1,10:01:28.524960345
2315.1,1,10:01:28.525133850
2315.1,1,10:01:28.526084106
2315.2,1,10:01:28.545354361
2315.2,1,10:01:28.545439985
2315.2,1,10:01:28.546725198
2315.1,1,10:01:29.095767922
2315.1,1,10:01:29.096017267
2315.2,1,10:01:29.388559064
2315.0,2,10:01:30.089073053
2314.8,1,10:01:30.786974946
2314.8,1,10:01:31.042095227
2314.7,1,10:01:31.365802932
2314.6,1,10:01:31.490833544
2314.5,1,10:01:31.490833544
2314.5,1,10:01:31.490843695
2314.8,2,10:01:31.686098952
2314.9,2,10:01:31.687517871
2314.9,1,10:01:31.701452735
2314.9,3,10:01:31.703072220
2314.9,1,10:01:31.731548095
2315.0,1,10:01:31.813006807
2315.2,2,10:01:32.053845781
2315.2,1,10:01:32.073518205
2315.3,1,10:01:32.163284385
2315.3,1,10:01:32.167588097
2315.2,1,10:01:32.217300404
2315.2,1,10:01:32.218226584
2315.2,1,10:01:32.264770085
2315.1,1,10:01:32.294910336
2315.0,1,10:01:32.894026958
2315.1,1,10:01:32.894026958
2315.2,3,10:01:32.976812245
2315.3,5,10:01:32.976812245
2315.4,4,10:01:32.979943438
2315.2,1,10:01:32.981529467
2315.2,1,10:01:32.989120065
2315.2,1,10:01:33.042698617
2315.2,1,10:01:33.065193715
2315.3,1,10:01:33.065575083
2315.4,1,10:01:33.066501284
2315.4,2,10:01:33.066822228
2315.4,4,10:01:33.067366774
2315.2,1,10:01:33.157804240
2315.2,1,10:01:33.274094438
2315.2,1,10:01:33.274157987
2315.4,1,10:01:33.827646696
2315.3,1,10:01:33.856047763
2315.2,1,10:01:34.231460609
2315.4,1,10:01:34.612678007
2315.4,1,10:01:34.614814431
2315.5,8,10:01:34.615426747
2315.4,1,10:01:34.617112644
2315.4,1,10:01:34.669698805
2315.5,2,10:01:34.684827300
2315.6,1,10:01:34.702682829
2315.6,1,10:01:34.712352292
2315.6,2,10:01:34.717710092
2315.5,1,10:01:34.723684409
2315.7,1,10:01:34.778704831
2315.7,1,10:01:34.838764574
2315.7,1,10:01:35.052640413
2315.6,3,10:01:35.185643633
2315.5,1,10:01:35.497702668
2315.5,1,10:01:35.497894582
2315.6,1,10:01:35.832788557
2315.6,1,10:01:35.843500921
2315.3,2,10:01:36.802647096
2315.3,1,10:01:36.802679317
2315.3,1,10:01:36.802851778
2315.1,1,10:01:36.822490316
2315.1,1,10:01:36.868461484
2315.1,2,10:01:37.072260997
2314.9,1,10:01:37.148016924
2315.0,1,10:01:37.168856878
2315.1,1,10:01:37.287336457
2315.3,3,10:01:37.343561637
2315.4,1,10:01:37.446568462
2315.5,2,10:01:37.461106430
2315.6,1,10:01:37.462138713
2315.5,1,10:01:37.481388846
2315.5,1,10:01:37.481573141
2315.3,1,10:01:38.192742205
2315.3,1,10:01:38.744842782
2315.2,1,10:01:38.895956509
2315.1,2,10:01:40.153375318
2315.2,1,10:01:40.380177273
2315.2,1,10:01:40.380323238
2315.2,1,10:01:40.400745503
2315.1,2,10:01:40.516010240
2315.1,1,10:01:42.564375514
2315.1,1,10:01:42.564433642
2315.1,1,10:01:42.571807675
2315.1,1,10:01:42.572203761
2315.0,2,10:01:42.577666614
2314.9,1,10:01:43.214363092
2314.8,1,10:01:43.214372875
2314.9,1,10:01:43.216125939
2314.7,1,10:01:43.660789765
2314.7,1,10:01:43.679597108
2314.7,1,10:01:43.680061712
2314.8,2,10:01:43.728887953
2314.8,2,10:01:43.766716660
2314.9,1,10:01:43.767331325
2314.8,1,10:01:43.768094537
2314.7,1,10:01:43.779723065
2314.7,1,10:01:44.051696557
2314.8,2,10:01:44.266259352
2314.7,1,10:01:45.116104078
2314.7,1,10:01:45.142876119
2314.8,2,10:01:45.144554297
2314.6,1,10:01:45.334326475
2314.6,1,10:01:45.334791604
2314.5,1,10:01:45.335587259
2314.5,1,10:01:45.336102348
2314.6,2,10:01:45.462521694
2314.6,1,10:01:45.592363992
2314.5,5,10:01:45.597130425
2314.4,3,10:01:45.598034196
2314.3,1,10:01:45.838250386
2314.3,3,10:01:45.838399593
2314.3,1,10:01:45.848204345
2314.2,1,10:01:45.876672989
2314.3,1,10:01:46.101957542
2314.1,1,10:01:46.152676514
2314.1,1,10:01:46.152825334
2314.1,1,10:01:46.174509589
2314.3,3,10:01:46.313903964
2314.2,2,10:01:46.313903964
2314.1,1,10:01:46.331458109
2314.1,1,10:01:46.332274783
2314.1,1,10:01:46.431425397
2314.1,1,10:01:46.431837415
2314.0,3,10:01:46.434301698
2314.0,1,10:01:46.435324266
2314.1,1,10:01:46.684741064
2313.9,1,10:01:46.742903126
2313.9,2,10:01:46.951730192
2313.9,1,10:01:47.117735362
2313.8,6,10:01:47.212542623
2313.8,1,10:01:47.214071892
2313.8,2,10:01:47.277008019
2313.9,1,10:01:47.277008019
2313.8,1,10:01:47.277412927
2313.7,2,10:01:47.952381745
2313.7,1,10:01:47.953418729
2313.9,1,10:01:48.061400051
2313.8,1,10:01:48.213642364
2314.0,1,10:01:48.368074413
2314.0,1,10:01:48.368316758
2313.9,2,10:01:48.368554286
2314.0,2,10:01:48.406355511
2314.0,1,10:01:48.406576645
2314.2,1,10:01:48.710427550
2314.2,2,10:01:48.710537728
2314.5,1,10:01:49.538976655
2314.5,2,10:01:49.539403495
2314.6,1,10:01:49.640980293
2314.4,1,10:01:50.109850735
2314.3,1,10:01:50.109850735
2314.3,3,10:01:50.131784461
2314.3,1,10:01:50.133020327
2314.2,1,10:01:50.209187603
2314.1,1,10:01:50.209187603
2314.2,1,10:01:50.210669242
2314.4,2,10:01:50.661007889
2314.4,1,10:01:50.661731129
2314.5,2,10:01:50.807328992
2314.5,1,10:01:50.957413480
2314.4,1,10:01:50.981538454
2314.3,2,10:01:51.738639716
2314.4,1,10:01:51.739023973
2314.3,1,10:01:51.739719408
2314.4,1,10:01:51.740286648
2314.3,3,10:01:51.740804556
2314.3,1,10:01:51.742684518
2314.2,1,10:01:51.747899460
2314.2,1,10:01:51.749474530
2314.1,1,10:01:51.768478447
2314.1,1,10:01:51.853504245
2314.1,1,10:01:53.197147233
2314.1,1,10:01:53.263301838
2314.0,4,10:01:53.816137142
2314.0,1,10:01:53.816202583
2314.0,3,10:01:53.816248513
2314.0,3,10:01:53.816409656
2313.9,3,10:01:53.861876975
2313.9,1,10:01:53.861990881
2313.9,1,10:01:53.862015519
2313.8,1,10:01:53.862843421
2313.8,1,10:01:54.070316248
2313.8,1,10:01:54.121433189
2314.0,2,10:01:55.380980255
2314.1,1,10:01:56.256527418
2314.1,1,10:01:56.257418223
2314.1,2,10:01:56.257520824
2314.1,1,10:01:56.257591952
2314.1,1,10:01:56.329374933
2314.0,1,10:01:56.450501275
2313.9,1,10:01:56.855873915
2313.8,2,10:01:57.843323160
2313.8,1,10:01:57.847690883
2313.7,3,10:01:58.234982261
2313.7,1,10:01:58.257986724
2313.6,1,10:01:58.276115522
2313.7,3,10:01:58.556199048
2313.8,2,10:01:58.556199048
2313.7,1,10:01:58.747440315
2313.6,1,10:01:58.748479123
2313.7,1,10:01:58.748638288
2313.8,2,10:01:58.763439369
2313.6,4,10:01:58.786345531
2313.7,1,10:01:58.786345531
2313.7,1,10:01:59.702044191
2313.7,2,10:01:59.702451041
2313.7,1,10:01:59.702714886
2313.6,1,10:02:00.017221382
2313.7,2,10:02:00.082738313
2313.8,1,10:02:00.084224429
2313.8,1,10:02:00.108643502
2313.9,3,10:02:00.132041297
2313.8,1,10:02:00.180548261
2313.7,4,10:02:00.280065607
2313.9,1,10:02:00.290520670
2313.9,1,10:02:01.405694203
2314.1,1,10:02:01.696286988
2314.1,1,10:02:01.901644700
2314.1,3,10:02:01.901898971
2314.1,4,10:02:01.901999103
2314.2,1,10:02:01.928998975
2314.3,1,10:02:01.947278045
2314.3,1,10:02:02.053536844
2314.2,1,10:02:02.116281611
2314.2,1,10:02:02.116321599
2314.1,1,10:02:02.262422897
2314.1,1,10:02:02.272691901
2314.2,1,10:02:02.278769378
2314.2,2,10:02:02.279146819
2314.2,1,10:02:02.284319103
2314.1,1,10:02:02.846816052
2314.0,1,10:02:02.960673514
2313.9,1,10:02:03.249580647
2314.3,1,10:02:03.656647514
2314.2,1,10:02:03.726592333
2314.1,1,10:02:03.735250409
2313.9,1,10:02:04.438694851
2313.8,1,10:02:04.560482853
2313.7,1,10:02:04.660036528
2313.6,2,10:02:04.895419818
2313.7,1,10:02:05.207319860
2313.5,4,10:02:05.535875391
2313.5,1,10:02:05.536204754
2313.6,1,10:02:05.778673713
2313.7,2,10:02:05.925278349
2313.6,1,10:02:05.925543823
2313.5,2,10:02:05.927814605
2313.6,1,10:02:05.939903662
2313.6,1,10:02:06.370014011
2313.7,1,10:02:06.424368022
2313.8,2,10:02:06.456416799
2314.0,4,10:02:06.547837445
2313.9,2,10:02:06.760695389
2313.8,1,10:02:07.465450500
2313.8,1,10:02:07.465500882
2313.7,1,10:02:08.230968240
2313.8,1,10:02:08.563643026
2313.8,1,10:02:08.573709575
2313.9,1,10:02:08.919191348
2313.9,2,10:02:08.919457936
2313.9,1,10:02:08.978022960
2313.7,1,10:02:09.122747740
2313.6,1,10:02:09.339380524
2313.6,1,10:02:09.426009085
2313.6,1,10:02:09.828937695
2313.8,1,10:02:10.280778817
2313.6,1,10:02:10.503145492
2313.7,1,10:02:10.737144732
2313.8,1,10:02:10.830058077
2313.7,1,10:02:11.176424419
2313.8,1,10:02:11.491205884
2313.9,2,10:02:11.491814898
2314.0,2,10:02:11.673139533
2314.0,1,10:02:11.747682514
2314.2,1,10:02:11.934837264
2314.1,1,10:02:11.988338526
2314.1,1,10:02:12.105815803
2314.0,2,10:02:12.178315478
2314.0,1,10:02:12.178863159
2314.2,3,10:02:12.207003524
2314.2,1,10:02:12.207555174
2314.1,1,10:02:12.208334165
2314.1,1,10:02:12.208722951
2313.9,1,10:02:13.354181168
2313.8,1,10:02:13.430209459
2313.7,1,10:02:13.710601590
2313.7,1,10:02:13.717133585
2313.6,1,10:02:13.780016715
2313.6,1,10:02:13.780074706
2313.6,1,10:02:13.780782311
2313.7,1,10:02:13.781645701
2313.9,1,10:02:14.152566674
2313.8,1,10:02:14.557611379
2313.6,1,10:02:14.684956455
2313.7,4,10:02:14.684956455
2313.8,1,10:02:15.555146108
2314.0,4,10:02:15.795836233
2313.9,2,10:02:15.795836233
2314.0,1,10:02:15.843159148
2314.0,1,10:02:15.843401976
2314.2,1,10:02:16.029725530
2314.3,2,10:02:16.044599556
2314.4,1,10:02:16.094919150
