price,volume,timestamp
2352.3,1,08:45:00.127030088
2352.2,2,08:45:00.270873593
2352.3,1,08:45:00.497010442
2352.2,1,08:45:00.515275064
2352.3,1,08:45:01.012307549
2352.1,6,08:45:01.576912145
2352.0,4,08:45:01.576912145
2352.0,1,08:45:02.003177534
2352.2,3,08:45:02.074069320
2352.2,1,08:45:03.616882364
2352.2,1,08:45:03.617129412
2352.1,1,08:45:03.840814673
2352.2,2,08:45:04.268936980
2351.9,1,08:45:04.496782110
2351.9,2,08:45:04.496796804
2351.9,1,08:45:04.506379910
2351.9,1,08:45:04.703938492
2351.7,1,08:45:04.872299032
2351.6,1,08:45:04.872311058
2351.7,1,08:45:04.873605020
2351.6,1,08:45:04.900429554
2351.5,2,08:45:05.836736149
2351.4,1,08:45:05.836736149
2351.4,1,08:45:06.252558299
2351.4,1,08:45:06.271819213
2351.5,1,08:45:06.473325711
2351.5,1,08:45:06.473799891
2351.5,4,08:45:06.474166788
2351.5,1,08:45:06.475024716
2351.4,3,08:45:06.724855411
2351.4,1,08:45:06.725257601
2351.4,1,08:45:07.223663892
2351.3,2,08:45:07.612695994
2351.3,2,08:45:07.613019392
2351.1,2,08:45:07.825733809
2351.1,1,08:45:07.829226762
2351.0,2,08:45:07.832368516
2351.1,1,08:45:07.922476964
2351.2,4,08:45:08.133141736
2351.0,2,08:45:08.421203102
2351.0,1,08:45:08.445414087
2351.0,1,08:45:08.462672070
2351.1,2,08:45:08.462796825
2350.9,1,08:45:08.679169830
2350.9,1,08:45:08.679202538
2350.9,2,08:45:08.707801877
2350.9,2,08:45:09.121663692
2351.1,2,08:45:09.257380311
2351.1,1,08:45:09.352364306
2350.9,1,08:45:09.589952436
2350.8,4,08:45:09.598751993
2350.7,5,08:45:09.758889084
2350.6,5,08:45:09.758889084
2350.5,1,08:45:09.827062012
2350.5,1,08:45:09.944964435
2350.5,1,08:45:09.974360124
2350.6,1,08:45:09.995340705
2350.7,1,08:45:10.063761876
2350.7,1,08:45:10.064019917
2350.7,1,08:45:10.212793918
2350.7,1,08:45:10.213061223
2350.7,1,08:45:10.270834211
2350.9,1,08:45:10.871574014
2351.0,1,08:45:10.968402404
2351.0,1,08:45:11.275095720
2351.1,2,08:45:11.376825121
2351.1,1,08:45:12.295861851
2351.1,2,08:45:12.299046261
2351.2,1,08:45:12.416183438
2351.0,1,08:45:12.633620577
2350.8,1,08:45:14.395383064
2350.8,3,08:45:14.730032038
2350.8,3,08:45:14.731014820
2350.8,4,08:45:14.731553100
2350.8,1,08:45:14.731906694
2350.7,2,08:45:14.971595124
2350.9,1,08:45:17.024259195
2351.1,2,08:45:17.565813584
2351.0,1,08:45:17.565813584
2351.0,1,08:45:17.866428389
2351.0,1,08:45:17.867663726
2351.2,1,08:45:18.608029189
2351.2,1,08:45:18.617872501
2351.2,2,08:45:19.359173606
2351.3,3,08:45:19.618538491
2351.1,1,08:45:19.765374674
2351.1,4,08:45:20.184361576
2351.0,1,08:45:20.184361576
2351.0,1,08:45:20.621476384
2351.0,1,08:45:21.043703080
2351.1,1,08:45:21.499777318
2351.1,1,08:45:21.512829699
2351.1,1,08:45:21.513128935
2350.9,1,08:45:22.156181881
2350.9,5,08:45:22.224304811
2350.9,2,08:45:22.224855140
2350.9,1,08:45:22.254842644
2350.8,4,08:45:22.555474120
2350.8,2,08:45:23.601544312
2350.8,1,08:45:23.601655032
2350.8,2,08:45:23.601687641
2350.9,1,08:45:23.797513842
2351.0,1,08:45:23.947100955
2350.9,1,08:45:25.194527187
2350.9,1,08:45:25.410680618
2350.9,2,08:45:25.788001252
2350.9,2,08:45:25.896042410
2350.9,1,08:45:26.053192585
2350.9,2,08:45:27.203526842
2350.9,1,08:45:27.204576511
2351.0,5,08:45:28.028902789
2351.0,1,08:45:28.775930296
2351.1,6,08:45:28.817644553
2351.2,7,08:45:28.817644553
2351.2,2,08:45:28.818937888
2351.2,6,08:45:28.819010603
2351.2,1,08:45:28.819848294
2351.3,2,08:45:28.819986447
2351.3,3,08:45:28.820247729
2351.3,1,08:45:28.820277515
2351.3,6,08:45:28.820711770
2351.3,1,08:45:28.820897569
2351.2,2,08:45:28.821236136
2351.3,3,08:45:28.821929199
2351.3,28,08:45:28.821961033
2351.3,2,08:45:28.821987242
2351.2,1,08:45:28.822676981
2351.3,1,08:45:28.823031448
2351.2,4,08:45:28.823269831
2351.2,3,08:45:28.823325045
2351.2,1,08:45:28.823354259
2351.2,12,08:45:28.823411357
2351.2,1,08:45:28.823438875
2351.2,3,08:45:28.823472632
2351.3,1,08:45:28.823498278
2351.2,1,08:45:28.823526221
2351.2,1,08:45:28.823565777
2351.3,4,08:45:28.823650866
2351.2,6,08:45:28.823697917
2351.2,1,08:45:28.823755512
2351.2,3,08:45:28.823820172
2351.2,3,08:45:28.823907646
2351.2,1,08:45:28.824078219
2351.2,1,08:45:28.824104386
2351.2,1,08:45:28.824131774
2351.2,1,08:45:28.824176883
2351.3,6,08:45:28.824256219
2351.2,2,08:45:28.824650544
2351.2,2,08:45:28.824815283
2351.2,1,08:45:28.824847627
2351.2,1,08:45:28.825110374
2351.2,1,08:45:28.825224050
2351.2,1,08:45:28.825282813
2351.3,13,08:45:28.825496097
2351.3,1,08:45:28.825542882
2351.3,1,08:45:28.825559119
2351.3,1,08:45:28.825654644
2351.3,1,08:45:28.825670290
2351.3,1,08:45:28.825701509
2351.3,1,08:45:28.825718409
2351.3,4,08:45:28.825801118
2351.3,1,08:45:28.825853269
2351.3,1,08:45:28.826066867
2351.3,1,08:45:28.826202780
2351.3,3,08:45:28.826350526
2351.3,1,08:45:28.826443272
2351.3,1,08:45:28.826626357
2351.3,1,08:45:28.826642104
2351.3,1,08:45:28.826657273
2351.3,1,08:45:28.826673279
2351.3,1,08:45:28.826917723
2351.2,1,08:45:28.826933314
2351.3,1,08:45:28.827065783
2351.3,4,08:45:28.827184890
2351.3,1,08:45:28.827220154
2351.3,1,08:45:28.827259038
2351.3,3,08:45:28.827275512
2351.3,1,08:45:28.827377978
2351.3,2,08:45:28.827474460
2351.3,1,08:45:28.827561707
2351.3,1,08:45:28.827717096
2351.3,6,08:45:28.827830215
2351.3,1,08:45:28.827882910
2351.3,1,08:45:28.827933100
2351.3,1,08:45:28.827949516
2351.3,1,08:45:28.827980419
2351.3,1,08:45:28.828062133
2351.3,1,08:45:28.828095695
2351.3,1,08:45:28.828183208
2351.3,1,08:45:28.828198181
2351.3,1,08:45:28.828304032
2351.3,1,08:45:28.828665864
2351.3,1,08:45:28.828880374
2351.3,1,08:45:28.829601915
2351.3,1,08:45:28.829736967
2351.3,1,08:45:28.830060900
2351.4,2,08:45:28.830279868
2351.4,1,08:45:28.831055432
2351.4,1,08:45:28.831815895
2351.4,1,08:45:28.832969195
2351.4,1,08:45:28.833216371
2351.5,4,08:45:28.833216371
2351.5,1,08:45:28.835507458
2351.5,1,08:45:28.836348384
2351.5,1,08:45:28.836421803
2351.5,1,08:45:28.836891121
2351.5,1,08:45:28.837500775
2351.5,1,08:45:28.860986779
2351.5,1,08:45:28.861204412
2351.5,1,08:45:28.886194657
2351.5,1,08:45:28.886227020
2351.6,1,08:45:29.171259184
2351.6,2,08:45:29.446746773
2351.5,1,08:45:29.895221718
2351.5,1,08:45:29.895259276
2351.5,1,08:45:29.895292353
2351.4,1,08:45:29.895733510
2351.4,1,08:45:29.916966186
2351.4,1,08:45:30.614951363
2351.5,1,08:45:31.031062451
2351.6,2,08:45:31.108911822
2351.6,1,08:45:31.109363965
2351.5,1,08:45:31.127213145
2351.7,2,08:45:31.746097609
2351.6,2,08:45:31.754803829
2351.7,1,08:45:31.808913133
2351.6,2,08:45:31.978568352
2351.4,3,08:45:31.978568352
2351.5,5,08:45:31.978568352
2351.5,1,08:45:31.980826683
2351.6,4,08:45:31.980924064
2351.6,2,08:45:32.722600215
2351.6,1,08:45:32.724112956
2351.6,1,08:45:32.724355274
2351.7,1,08:45:33.113419097
2351.8,1,08:45:35.031036779
2351.9,1,08:45:36.993668406
2351.9,1,08:45:36.993912523
2351.8,1,08:45:37.428981252
2351.8,1,08:45:37.429297898
2351.8,1,08:45:37.793648154
2351.7,1,08:45:38.655875801
2351.7,4,08:45:39.949871205
2351.6,1,08:45:40.061581535
2351.7,12,08:45:40.227523687
2351.7,3,08:45:40.606007393
2351.7,1,08:45:40.609441402
2351.9,1,08:45:41.636001283
2351.9,2,08:45:41.636379854
2351.8,3,08:45:42.570920598
2351.7,2,08:45:42.570920598
2351.8,1,08:45:42.571877277
2351.8,2,08:45:42.571953823
2351.9,1,08:45:42.991381381
2351.9,1,08:45:42.992233405
2351.8,3,08:45:44.969365394
2351.8,1,08:45:45.455302981
2351.8,1,08:45:45.455336469
2351.6,8,08:45:45.676448589
2351.7,5,08:45:45.676448589
2351.8,2,08:45:45.676448589
2351.6,2,08:45:45.677701687
2351.6,3,08:45:45.677882013
2351.6,3,08:45:45.679261261
2351.5,1,08:45:45.685597987
2351.5,1,08:45:45.685821256
2351.5,1,08:45:45.685860130
2351.5,1,08:45:45.686112560
2351.5,1,08:45:45.686350911
2351.5,4,08:45:45.846014544
2351.5,2,08:45:45.846187520
2351.5,6,08:45:45.846268034
2351.5,1,08:45:45.846268034
2351.5,28,08:45:45.846435496
2351.5,1,08:45:45.846473113
2351.5,2,08:45:45.846533476
2351.5,3,08:45:45.846767587
2351.5,1,08:45:45.846837790
2351.5,3,08:45:45.846972803
2351.5,1,08:45:45.847006375
2351.5,1,08:45:45.847137754
2351.6,18,08:45:45.847394399
2351.6,5,08:45:45.847448061
2351.6,1,08:45:45.847588675
2351.6,1,08:45:45.847762989
2351.6,7,08:45:45.847790219
2351.6,1,08:45:45.848048025
2351.6,11,08:45:45.848113035
2351.6,2,08:45:45.848154834
2351.6,4,08:45:45.848181420
2351.6,1,08:45:45.848208988
2351.6,1,08:45:45.848250129
2351.6,1,08:45:45.848345487
2351.6,3,08:45:45.848487404
2351.6,3,08:45:45.848840214
2351.5,10,08:45:45.849198900
2351.5,2,08:45:45.849226952
2351.5,16,08:45:45.849261998
2351.5,16,08:45:45.849289842
2351.6,1,08:45:45.849332611
2351.5,2,08:45:45.849358919
2351.5,1,08:45:45.849521079
2351.5,1,08:45:45.849738251
2351.5,1,08:45:45.849772012
2351.5,1,08:45:45.849837418
2351.5,1,08:45:45.849958869
2351.5,3,08:45:45.850117789
2351.6,3,08:45:45.850566889
2351.6,3,08:45:45.850740208
2351.5,1,08:45:45.851028341
2351.5,5,08:45:45.851170693
2351.5,3,08:45:45.851258157
2351.5,1,08:45:45.851286449
2351.5,15,08:45:45.851324600
2351.5,18,08:45:45.851352723
2351.5,1,08:45:45.851417073
2351.5,4,08:45:45.851484491
2351.5,2,08:45:45.851700166
2351.5,1,08:45:45.851726538
2351.5,1,08:45:45.851806082
2351.5,1,08:45:45.851926254
2351.5,1,08:45:45.851964908
2351.4,2,08:45:45.852078081
2351.5,10,08:45:45.852078081
2351.6,16,08:45:45.852440840
2351.6,10,08:45:45.852469407
2351.6,27,08:45:45.852537457
2351.6,2,08:45:45.852594683
2351.6,2,08:45:45.852775612
2351.4,1,08:45:45.853640320
2351.3,9,08:45:45.853640320
2351.4,1,08:45:45.854505938
2351.4,1,08:45:45.855356595
2351.4,2,08:45:45.856016077
2351.3,1,08:45:45.856016077
2351.3,1,08:45:45.857710611
2351.3,1,08:45:45.857778776
2351.2,3,08:45:45.857778776
2351.2,2,08:45:45.857934798
2351.3,1,08:45:45.858113857
2351.1,2,08:45:45.859578434
2351.2,1,08:45:45.859911743
2351.2,1,08:45:45.860479646
2351.2,1,08:45:45.861431611
2351.2,1,08:45:45.861522029
2351.2,1,08:45:45.861803586
2351.2,1,08:45:45.861829158
2351.2,1,08:45:45.861869101
2351.2,1,08:45:45.862372440
2351.2,1,08:45:45.862624707
2351.2,1,08:45:45.863555097
2351.3,1,08:45:45.872283936
2351.3,1,08:45:45.872457315
2351.3,1,08:45:45.872868236
2351.2,1,08:45:45.913738946
2351.3,3,08:45:46.090899492
2351.3,1,08:45:46.091471248
2351.3,1,08:45:46.091791095
2351.3,1,08:45:46.092108455
2351.2,2,08:45:46.369117530
2351.2,1,08:45:46.369913149
2351.2,1,08:45:46.371096981
2351.1,4,08:45:46.770471669
2351.2,1,08:45:46.770471669
2351.2,1,08:45:46.771257224
2351.2,1,08:45:46.771285532
2351.2,1,08:45:46.771369380
2351.3,1,08:45:46.772768736
2351.2,2,08:45:46.773102398
2351.2,1,08:45:46.773228595
2351.3,2,08:45:46.773429275
2351.2,1,08:45:46.774153100
2351.2,1,08:45:46.774329062
2351.3,3,08:45:47.248766537
2351.3,2,08:45:47.410337158
2351.4,4,08:45:47.410337158
2351.4,3,08:45:47.411612651
2351.3,2,08:45:47.525103963
2351.3,1,08:45:47.546611265
2351.4,6,08:45:47.546611265
2351.4,1,08:45:47.547957311
2351.4,1,08:45:47.548006835
2351.4,1,08:45:47.859798450
2351.3,1,08:45:49.379454063
2351.4,1,08:45:49.536703230
2351.4,1,08:45:50.393636666
2351.4,1,08:45:50.393715666
2351.4,1,08:45:50.394545087
2351.4,1,08:45:50.400699090
2351.3,2,08:45:51.117831645
2351.1,1,08:45:51.130999635
2351.3,3,08:45:51.792655265
2351.2,1,08:45:51.793907582
2351.2,2,08:45:52.405207786
2351.1,3,08:45:53.117362664
2351.0,6,08:45:53.117362664
2351.1,1,08:45:53.150945846
2351.1,1,08:45:53.369355248
2351.2,2,08:45:55.448356752
2351.1,3,08:45:55.602492539
2351.1,1,08:45:56.290984367
2351.0,3,08:45:56.691027864
2350.8,6,08:45:56.959679815
2350.8,5,08:45:56.959775911
2350.8,1,08:45:56.960836668
2350.8,1,08:45:56.960885405
2350.8,1,08:45:56.961606619
2351.0,1,08:45:57.012114913
2350.9,2,08:45:57.120034029
2350.8,1,08:45:57.417239989
2350.7,1,08:45:58.006473387
2350.7,1,08:45:58.007354554
2350.6,1,08:45:58.673342836
2350.7,1,08:45:58.674432836
2350.6,1,08:45:58.674463626
2350.8,9,08:45:58.927478969
2350.9,1,08:45:58.927478969
2350.4,1,08:46:00.160159292
2350.3,1,08:46:00.160169718
2350.4,1,08:46:00.161590511
2350.4,1,08:46:00.161997179
2350.4,1,08:46:00.343924237
2350.5,1,08:46:00.352114582
2350.6,1,08:46:00.964711039
2350.5,1,08:46:01.219707340
2350.5,1,08:46:01.219744636
2350.5,2,08:46:01.220265613
2350.6,1,08:46:01.648950773
2350.5,2,08:46:02.259005671
2350.5,1,08:46:02.259046075
2350.5,1,08:46:02.259142045
2350.5,1,08:46:02.259294531
2350.6,1,08:46:02.260676508
2350.6,1,08:46:02.358839329
2350.5,1,08:46:03.134829612
2350.4,1,08:46:03.362927051
2350.4,1,08:46:04.024116935
2350.4,1,08:46:04.024163345
2350.4,1,08:46:04.024921578
2350.4,1,08:46:04.025389393
2350.5,1,08:46:04.352901866
2350.3,1,08:46:06.227564777
2350.3,1,08:46:06.227700015
2350.2,2,08:46:06.405654150
2350.1,1,08:46:06.405669474
2350.2,2,08:46:06.405669474
2350.2,1,08:46:06.408341427
2350.1,3,08:46:06.428946410
2350.2,1,08:46:06.428946410
2350.2,1,08:46:07.002011656
2350.2,1,08:46:07.002252112
2350.1,1,08:46:07.482067483
2350.0,2,08:46:07.526741042
2350.2,2,08:46:07.913841587
2350.2,1,08:46:07.914158486
2350.2,1,08:46:07.914600383
2350.3,1,08:46:08.305064834
2350.3,4,08:46:08.810323880
2350.3,2,08:46:09.160839524
2350.4,3,08:46:09.163001861
2350.3,1,08:46:09.167039546
2350.5,7,08:46:09.906291501
2350.4,5,08:46:09.906291501
2350.6,8,08:46:09.906291501
2350.7,2,08:46:09.906311600
2350.6,2,08:46:09.908148892
2350.6,3,08:46:09.908286303
2350.6,24,08:46:09.908342947
2350.6,8,08:46:09.908429941
2350.6,2,08:46:09.908488665
2350.6,3,08:46:09.908620181
2350.6,3,08:46:09.909160107
2350.6,1,08:46:09.909197780
2350.6,1,08:46:09.909296823
2350.6,1,08:46:09.909520776
2350.6,7,08:46:09.909682363
2350.6,1,08:46:09.910354668
2350.6,1,08:46:09.910438430
2350.6,1,08:46:09.910532073
2350.7,5,08:46:09.910801858
2350.7,1,08:46:09.910876905
2350.6,1,08:46:09.910947474
2350.7,26,08:46:09.911055959
2350.7,2,08:46:09.911128556
2350.7,1,08:46:09.911229537
2350.7,1,08:46:09.911360900
2350.7,1,08:46:09.911387364
2350.7,1,08:46:09.911445215
2350.7,1,08:46:09.911471958
2350.6,1,08:46:09.911497411
2350.7,2,08:46:09.911546622
2350.7,1,08:46:09.911572632
2350.7,1,08:46:09.911616210
2350.7,5,08:46:09.911639760
2350.7,6,08:46:09.911690058
2350.7,2,08:46:09.911862372
2350.7,2,08:46:09.911903073
2350.7,3,08:46:09.911946108
2350.7,3,08:46:09.911998391
2350.7,1,08:46:09.912384699
2350.7,1,08:46:09.912438000
2350.7,5,08:46:09.912647099
2350.7,4,08:46:09.912766627
2350.7,1,08:46:09.912915718
2350.7,1,08:46:09.912987796
2350.7,1,08:46:09.913131547
2350.7,1,08:46:09.913180123
2350.7,1,08:46:09.913294881
2350.7,1,08:46:09.913379251
2350.7,1,08:46:09.913559654
2350.7,1,08:46:09.913667359
2350.7,24,08:46:09.913667359
2350.7,2,08:46:09.913733296
2350.7,1,08:46:09.913733296
2350.7,1,08:46:09.913879031
2350.7,1,08:46:09.914001199
2350.7,1,08:46:09.914322083
2350.7,1,08:46:09.914355338
2350.6,1,08:46:09.915532254
2350.6,2,08:46:09.915575298
2350.7,1,08:46:09.915901107
2350.7,1,08:46:09.915951079
2350.8,1,08:46:09.916053145
2350.7,2,08:46:09.916053145
2350.6,1,08:46:09.916796033
2350.7,1,08:46:09.916973656
2350.7,1,08:46:09.917647708
2350.7,1,08:46:09.917759010
2350.7,1,08:46:09.918019121
2350.7,1,08:46:09.918135196
2350.7,1,08:46:09.918452377
2350.7,1,08:46:09.918631821
2350.7,1,08:46:09.919079400
2350.7,1,08:46:09.933641862
2350.6,3,08:46:10.226769795
2350.6,4,08:46:10.227110202
2350.6,1,08:46:10.227244054
2350.6,1,08:46:10.227398346
2350.7,3,08:46:10.227719347
2350.7,4,08:46:10.227832891
2350.8,1,08:46:10.229264287
2350.8,1,08:46:10.339037401
2350.8,2,08:46:11.135902120
2350.7,1,08:46:11.136323411
2350.7,1,08:46:11.137111366
2350.7,2,08:46:11.300014080
2350.6,1,08:46:11.300867444
2350.5,1,08:46:11.447040191
2350.6,3,08:46:11.510837307
2350.7,3,08:46:11.769678338
2350.7,4,08:46:12.186059969
2350.6,3,08:46:12.985656124
2350.7,2,08:46:12.985656124
2350.6,1,08:46:12.986792046
2350.5,1,08:46:13.166678132
2350.5,2,08:46:13.674476359
2350.5,1,08:46:14.153982097
2350.6,1,08:46:14.682283973
2350.5,2,08:46:14.682897138
2350.4,2,08:46:14.716178377
2350.6,1,08:46:15.566123359
2350.4,1,08:46:17.027119845
2350.4,2,08:46:17.962172542
2350.3,1,08:46:18.025720496
2350.3,1,08:46:18.926445212
2350.3,2,08:46:19.478416902
2350.4,1,08:46:19.651003668
2350.4,3,08:46:19.833600483
2350.4,1,08:46:19.834558477
2350.4,1,08:46:20.106855287
2350.4,1,08:46:20.701985565
2350.4,1,08:46:20.702249759
2350.5,1,08:46:21.991622075
2350.5,1,08:46:21.991947742
2350.5,2,08:46:21.991998621
2350.5,1,08:46:21.993905395
2350.5,2,08:46:23.024411130
2350.4,2,08:46:23.507073686
2350.4,1,08:46:24.221955832
2350.7,2,08:46:24.893031719
2350.6,2,08:46:25.251601333
2350.5,1,08:46:25.545641588
2350.6,2,08:46:25.617727572
2350.5,1,08:46:26.379339041
2350.6,1,08:46:26.874168589
2350.5,1,08:46:27.578482707
2350.5,1,08:46:27.858378572
2350.5,1,08:46:27.859232717
2350.5,1,08:46:28.171518591
2350.6,5,08:46:28.394349262
2350.7,1,08:46:30.151767806
2350.6,1,08:46:30.152567505
2350.5,1,08:46:30.154120771
2350.4,1,08:46:31.108017941
2350.4,1,08:46:31.108844531
2350.4,1,08:46:31.652452260
2350.5,1,08:46:31.755702002
2350.4,1,08:46:32.059278774
2350.4,5,08:46:32.140830918
2350.3,5,08:46:32.140830918
2350.2,2,08:46:32.143099909
2350.2,1,08:46:32.143106817
2350.2,1,08:46:32.143141817
2350.2,3,08:46:32.143484060
2350.2,1,08:46:32.143846794
2350.2,1,08:46:32.143880328
2350.2,1,08:46:32.143948796
2350.2,14,08:46:32.330439066
2350.2,2,08:46:32.330477102
2350.2,2,08:46:32.330714505
2350.2,4,08:46:32.330806888
2350.2,19,08:46:32.330928167
2350.2,1,08:46:32.331068746
2350.3,3,08:46:32.331268632
2350.3,24,08:46:32.331369239
2350.3,4,08:46:32.331501296
2350.3,1,08:46:32.331529808
2350.3,1,08:46:32.331557060
2350.3,2,08:46:32.331626508
2350.3,1,08:46:32.331649529
2350.3,6,08:46:32.331689066
2350.3,1,08:46:32.331756517
2350.3,5,08:46:32.331792182
2350.3,2,08:46:32.331840682
2350.3,1,08:46:32.331930520
2350.3,1,08:46:32.332125440
2350.3,1,08:46:32.332155130
2350.3,2,08:46:32.332236482
2350.3,1,08:46:32.332424319
2350.3,3,08:46:32.332564959
2350.3,1,08:46:32.332621174
2350.3,1,08:46:32.332656212
2350.3,28,08:46:32.332814833
2350.3,2,08:46:32.332932851
2350.3,1,08:46:32.333106659
2350.3,1,08:46:32.333156500
2350.3,2,08:46:32.333197314
2350.3,8,08:46:32.333487377
2350.2,2,08:46:32.333729750
2350.2,2,08:46:32.333810226
2350.2,10,08:46:32.333839724
2350.2,32,08:46:32.333937620
2350.2,1,08:46:32.334046064
2350.2,30,08:46:32.334071981
2350.2,2,08:46:32.334159391
2350.3,1,08:46:32.334279637
2350.2,1,08:46:32.334414059
2350.2,1,08:46:32.334495228
2350.2,1,08:46:32.334521376
2350.2,3,08:46:32.334727006
2350.2,1,08:46:32.334790885
2350.3,1,08:46:32.334949103
2350.2,3,08:46:32.335255359
2350.2,1,08:46:32.335669063
2350.3,16,08:46:32.335779980
2350.3,1,08:46:32.335846283
2350.3,2,08:46:32.336114944
2350.3,10,08:46:32.336181304
2350.3,1,08:46:32.336390047
2350.3,1,08:46:32.336937770
2350.3,1,08:46:32.337077364
2350.3,1,08:46:32.337192339
2350.2,16,08:46:32.337485605
2350.2,10,08:46:32.337539459
2350.2,2,08:46:32.337569204
2350.2,2,08:46:32.337657334
2350.2,4,08:46:32.337731562
2350.2,1,08:46:32.337919441
2350.3,24,08:46:32.337978972
2350.2,16,08:46:32.338167655
2350.2,1,08:46:32.338487728
2350.2,1,08:46:32.338862900
2350.3,2,08:46:32.338996407
2350.3,24,08:46:32.339025077
2350.3,10,08:46:32.339056002
2350.3,3,08:46:32.339169601
2350.3,2,08:46:32.339209346
2350.3,3,08:46:32.339235244
2350.3,2,08:46:32.339465706
2350.3,1,08:46:32.339492161
2350.3,1,08:46:32.340160133
2350.3,1,08:46:32.340187215
2350.3,1,08:46:32.340301281
2350.2,2,08:46:32.340383792
2350.2,5,08:46:32.340454215
2350.3,5,08:46:32.340586772
2350.2,1,08:46:32.340613246
2350.2,1,08:46:32.340737364
2350.2,1,08:46:32.340769800
2350.2,5,08:46:32.341096642
2350.2,1,08:46:32.341204500
2350.2,1,08:46:32.341369390
2350.2,1,08:46:32.341399301
2350.3,2,08:46:32.341645066
2350.2,1,08:46:32.341802464
2350.2,19,08:46:32.602496977
2350.2,2,08:46:32.602539324
2350.2,6,08:46:32.602883395
2350.2,1,08:46:32.602968641
2350.1,3,08:46:32.603094900
2350.2,30,08:46:32.603094900
2350.1,1,08:46:32.603519586
2350.0,9,08:46:32.603519586
2350.1,4,08:46:32.604897853
2350.0,2,08:46:32.607522679
2350.1,1,08:46:32.607685767
2350.1,1,08:46:32.627558486
2350.0,1,08:46:32.817389710
2350.0,1,08:46:32.817769894
2350.0,1,08:46:32.818138628
2350.0,1,08:46:32.818314295
2350.0,1,08:46:32.818937038
2350.1,2,08:46:32.882564597
2350.1,1,08:46:32.917850811
2350.1,2,08:46:33.339194503
2350.2,1,08:46:33.340418111
2350.2,1,08:46:33.521301992
2350.1,2,08:46:34.004312084
2350.1,1,08:46:34.004799336
2350.1,1,08:46:34.006066219
2350.0,2,08:46:34.044548716
2349.9,1,08:46:34.121585061
2349.9,1,08:46:34.121598946
2349.9,9,08:46:34.121598946
2349.8,4,08:46:34.121598946
2349.8,1,08:46:34.777736628
2349.8,1,08:46:34.987554042
2349.8,3,08:46:34.987747086
2349.8,1,08:46:35.575416346
2349.8,2,08:46:35.575637310
2349.8,1,08:46:35.575692239
2349.8,1,08:46:35.576020258
2349.7,4,08:46:35.860570128
2349.7,3,08:46:35.961246749
2349.9,5,08:46:35.961246749
2349.8,7,08:46:35.961246749
2349.9,3,08:46:35.963455695
2349.9,1,08:46:35.963483309
2349.9,1,08:46:35.963510977
2349.9,1,08:46:35.963540773
2349.9,1,08:46:35.963565893
2349.8,1,08:46:35.964374655
2349.8,1,08:46:35.965700560
2349.6,1,08:46:36.392163391
2349.7,1,08:46:36.392163391
2349.7,1,08:46:36.572193384
2349.9,10,08:46:36.906205731
2349.8,3,08:46:36.906205731
2349.9,1,08:46:36.907269861
2349.9,1,08:46:36.907416229
2349.8,3,08:46:36.913435899
2349.8,1,08:46:37.292019801
2349.9,1,08:46:37.722124908
2349.9,2,08:46:38.445893592
2349.9,1,08:46:38.724490990
2349.9,1,08:46:38.724530316
2349.9,1,08:46:38.756115365
2349.8,3,08:46:38.756115365
2350.0,1,08:46:39.087028319
2350.0,1,08:46:39.903807963
2349.9,1,08:46:39.906015441
2350.0,1,08:46:40.478276712
2350.0,1,08:46:40.478638505
2350.0,1,08:46:40.478993948
2350.0,1,08:46:40.479433525
2349.9,1,08:46:42.267007022
2350.0,1,08:46:42.850327130
2350.0,1,08:46:42.850700667
2349.9,3,08:46:43.035272421
2349.9,2,08:46:43.036663986
2349.9,2,08:46:44.086175452
2349.7,2,08:46:45.595137111
2349.8,1,08:46:45.595521941
2349.8,1,08:46:45.693252791
2349.8,1,08:46:46.954472259
2349.9,2,08:46:47.718794670
2349.9,2,08:46:48.013766588
2350.0,1,08:46:48.251278667
2349.9,1,08:46:48.262770430
2350.0,4,08:46:48.461044675
2350.0,1,08:46:49.255037008
2349.9,4,08:46:51.752634823
2349.9,1,08:46:51.753466616
2350.0,1,08:46:51.854225857
2350.1,2,08:46:52.193517855
2350.1,1,08:46:52.193852105
2350.1,5,08:46:52.193990488
2350.1,1,08:46:52.194065869
2350.1,1,08:46:53.024273828
2350.1,3,08:46:53.073288757
2350.1,1,08:46:53.160184240
2350.1,1,08:46:53.160636949
2350.1,1,08:46:53.160694618
2350.1,1,08:46:53.161253567
2350.1,1,08:46:53.190264809
2350.0,1,08:46:53.404250856
2350.0,1,08:46:53.404352522
2350.0,2,08:46:53.404745321
2350.1,1,08:46:53.548404716
2350.1,1,08:46:53.585928545
2350.0,1,08:46:53.805896727
2350.0,1,08:46:53.806107963
2350.1,1,08:46:53.852903283
2350.1,1,08:46:53.853246896
2350.2,1,08:46:53.853819673
2350.2,2,08:46:53.853834018
2350.2,1,08:46:53.918305567
2350.2,5,08:46:53.918472614
2350.2,3,08:46:53.918530659
2350.2,1,08:46:53.918577937
2350.2,2,08:46:53.918632595
2350.2,3,08:46:53.918704804
2350.2,1,08:46:53.918741423
2350.2,19,08:46:53.918797929
2350.3,2,08:46:53.919947975
2350.4,1,08:46:54.009796878
2350.4,2,08:46:54.060477972
2350.4,1,08:46:54.060914909
2350.4,1,08:46:54.064181714
2350.3,1,08:46:54.093844301
2350.4,1,08:46:54.127542581
2350.5,4,08:46:54.144294148
2350.5,1,08:46:54.278423274
2350.5,1,08:46:54.426736593
2350.5,1,08:46:54.493230321
2350.5,2,08:46:54.493388893
2350.5,1,08:46:54.493704332
2350.6,2,08:46:54.506082846
2350.6,1,08:46:54.506219853
2350.8,2,08:46:54.510254220
2350.7,2,08:46:54.510254220
2350.8,1,08:46:54.510267471
2350.6,2,08:46:54.565097184
2350.6,1,08:46:54.565387919
2350.7,2,08:46:54.567763369
2350.7,1,08:46:54.568356645
2350.7,1,08:46:54.569117143
2350.7,1,08:46:54.569334457
2350.7,2,08:46:54.571826587
2350.8,4,08:46:54.576582870
2350.9,1,08:46:54.582399085
2350.9,1,08:46:54.583544337
2350.9,1,08:46:54.583816839
2350.8,1,08:46:54.586266712
2350.8,2,08:46:54.586820221
2350.9,1,08:46:54.610365823
2350.8,7,08:46:54.646445838
2350.7,5,08:46:54.646445838
2350.8,1,08:46:54.648234550
2350.8,1,08:46:54.715117904
2350.9,3,08:46:54.724236078
2350.9,1,08:46:54.724497681
2350.9,1,08:46:54.724562396
2350.9,2,08:46:54.725649151
2351.0,5,08:46:54.730738082
2351.0,1,08:46:54.734723052
2351.0,1,08:46:54.784313629
2351.0,1,08:46:54.804242998
2351.2,3,08:46:54.818062025
2351.2,1,08:46:54.862949349
2351.2,1,08:46:54.863695415
2351.2,1,08:46:54.906479338
2351.2,1,08:46:54.906718502
2351.3,1,08:46:54.972643079
2351.3,1,08:46:55.090088597
2351.2,1,08:46:55.376170028
2351.2,1,08:46:55.395015065
2351.3,1,08:46:55.569200372
2351.1,5,08:46:55.763485494
2351.1,1,08:46:55.763906063
2351.0,1,08:46:55.914618228
2351.0,1,08:46:56.120566044
2351.0,2,08:46:56.195550141
2351.0,1,08:46:56.799325512
2351.1,4,08:46:57.013776136
2351.0,1,08:46:57.014817836
2351.0,1,08:46:57.430114146
2350.9,5,08:46:57.815111972
2351.0,1,08:46:57.874934701
2351.1,1,08:46:58.324241019
2351.1,2,08:46:58.538813051
2351.1,1,08:46:59.399705754
2351.0,1,08:47:00.373395117
2351.0,1,08:47:00.651045280
2351.1,2,08:47:01.145686872
2351.2,1,08:47:01.789644814
2351.2,1,08:47:02.379403459
2351.1,5,08:47:03.130950687
2351.1,1,08:47:04.005987995
2351.1,1,08:47:05.813839313
2351.0,1,08:47:06.262924589
2351.0,1,08:47:06.666504181
2351.0,1,08:47:07.603628532
2351.0,1,08:47:08.281912469
2351.0,1,08:47:08.594700796
2351.1,1,08:47:10.009749664
2351.2,1,08:47:10.947074903
2351.2,1,08:47:11.387869732
2351.1,1,08:47:11.387931400
2351.2,1,08:47:11.388008503
2351.2,1,08:47:11.392735005
2351.3,1,08:47:12.163402686
2351.3,1,08:47:14.523679691
2351.3,1,08:47:14.524361289
2351.4,1,08:47:15.190295160
2351.5,1,08:47:15.987844328
2351.5,2,08:47:15.988155672
2351.5,1,08:47:15.989018880
2351.5,1,08:47:15.989218628
2351.5,1,08:47:16.464364453
2351.6,3,08:47:17.137695990
2351.5,2,08:47:17.569105924
2351.6,1,08:47:17.984759947
2351.6,1,08:47:17.985160004
2351.6,1,08:47:17.986209312
2351.6,1,08:47:20.241606786
2351.5,1,08:47:21.815538125
2351.5,1,08:47:21.836949972
2351.5,1,08:47:21.837816153
2351.6,1,08:47:22.169593684
2351.5,4,08:47:22.331388259
2351.4,9,08:47:22.331959458
2351.4,1,08:47:22.332004185
2351.3,12,08:47:22.332506599
2351.1,1,08:47:22.338049661
2351.1,1,08:47:22.338081729
2351.1,2,08:47:22.338265249
2351.1,1,08:47:22.338378164
2351.2,2,08:47:22.343024590
2351.2,1,08:47:22.343313201
2351.2,1,08:47:22.343370207
2351.2,1,08:47:22.344032012
2351.2,1,08:47:22.356819794
2351.4,1,08:47:22.394596400
2351.3,1,08:47:22.395002261
2351.3,1,08:47:22.395199817
2351.4,3,08:47:22.398868300
2351.4,1,08:47:22.463954283
2351.4,1,08:47:22.469629034
2351.4,1,08:47:22.469849762
2351.3,1,08:47:22.480179544
2351.1,3,08:47:22.639541002
2351.1,1,08:47:22.640250051
2351.0,1,08:47:22.647984594
2351.2,1,08:47:22.675583977
2351.2,5,08:47:23.171258580
2351.2,1,08:47:23.172125033
2351.2,1,08:47:23.172418447
2351.2,1,08:47:23.251301872
2351.2,1,08:47:23.422693013
2351.1,3,08:47:23.719852833
2351.1,1,08:47:23.720198268
2351.0,5,08:47:23.779802601
2350.9,2,08:47:24.006708975
2350.9,5,08:47:24.007034053
2350.9,1,08:47:24.139634839
2350.9,1,08:47:24.173432926
2351.0,1,08:47:24.439567272
2351.0,1,08:47:25.102552583
2351.0,1,08:47:25.103004733
2351.0,1,08:47:25.103226628
2351.0,1,08:47:26.053945090
2351.1,2,08:47:26.054435279
2350.9,3,08:47:27.448168413
2350.9,2,08:47:27.448527393
2350.8,2,08:47:27.577334324
2350.8,3,08:47:27.577445507
2350.8,2,08:47:27.577507659
2351.0,1,08:47:27.933471320
2350.9,1,08:47:28.243804956
2350.9,1,08:47:28.566632355
2350.9,1,08:47:29.895299400
2350.9,3,08:47:29.895792731
2350.9,1,08:47:29.897209099
2351.0,1,08:47:30.012013808
2351.1,1,08:47:30.157152118
2351.1,1,08:47:31.320391383
2351.1,1,08:47:31.970415219
2351.1,1,08:47:31.970441622
2351.1,1,08:47:32.138193830
2351.1,1,08:47:32.353123279
2351.1,1,08:47:32.516494614
2351.2,1,08:47:32.524646008
2351.2,1,08:47:32.533234286
2351.1,1,08:47:32.923901333
2351.2,1,08:47:33.184605900
2351.3,1,08:47:35.079682073
2351.3,2,08:47:35.080087380
2351.4,1,08:47:35.192168348
2351.4,1,08:47:35.219306959
2351.4,1,08:47:35.222159929
2351.5,1,08:47:36.406927481
2351.4,3,08:47:36.466227469
2351.3,2,08:47:36.466227469
2351.4,1,08:47:36.698230157
2351.5,1,08:47:36.968222416
2351.5,1,08:47:38.112898599
2351.5,1,08:47:38.871404994
2351.5,1,08:47:39.161637577
2351.5,1,08:47:39.198769113
2351.4,4,08:47:39.517784254
2351.5,1,08:47:40.201366985
2351.4,1,08:47:40.490241589
2351.3,1,08:47:40.624163506
2351.2,1,08:47:40.691305408
2351.4,1,08:47:41.007845865
2351.4,1,08:47:41.545645790
2351.4,1,08:47:43.538779984
2351.5,4,08:47:44.950975833
2351.5,1,08:47:44.951171620
2351.5,1,08:47:44.959440254
2351.5,1,08:47:45.345378695
2351.5,1,08:47:45.345689329
2351.5,1,08:47:46.451179004
2351.5,1,08:47:47.479419491
2351.4,1,08:47:48.331575037
2351.5,1,08:47:48.977872917
2351.4,1,08:47:48.979421281
2351.4,1,08:47:49.311162829
2351.3,3,08:47:49.441724661
2351.3,1,08:47:50.250490946
2351.5,1,08:47:50.599212920
2351.6,1,08:47:50.848212482
2351.7,1,08:47:51.113930451
2351.6,1,08:47:51.215502340
2351.8,1,08:47:51.491679195
2351.6,2,08:47:52.243828632
2351.6,2,08:47:52.244434158
2351.6,1,08:47:52.252192410
2351.7,1,08:47:54.051432009
2351.7,1,08:47:54.051995255
2351.7,1,08:47:54.052604199
2351.7,1,08:47:54.476360614
2351.6,2,08:47:54.699218788
2351.6,1,08:47:54.740454223
2351.6,1,08:47:54.740653655
2351.6,1,08:47:55.297725011
2351.5,3,08:47:55.298549779
2351.6,1,08:47:55.813259197
2351.6,1,08:47:55.945573229
2351.6,3,08:47:57.440115496
2351.8,1,08:47:57.678103776
2351.7,2,08:47:57.678103776
2351.7,1,08:47:57.679397012
2351.6,1,08:47:57.680828221
2351.7,1,08:47:58.019210162
2351.7,1,08:47:59.565093385
2351.8,1,08:48:00.661562664
2351.8,1,08:48:00.661650970
2351.8,4,08:48:00.661740904
2351.8,1,08:48:00.661740904
2351.8,6,08:48:00.661900127
2351.8,1,08:48:00.662275949
2351.8,1,08:48:00.662892470
2351.8,1,08:48:00.662924918
2351.8,2,08:48:00.662981201
2351.9,2,08:48:00.671006144
2351.9,1,08:48:00.887929800
2351.9,1,08:48:00.888128371
2351.9,1,08:48:00.907286958
2351.9,2,08:48:00.907367168
2351.9,1,08:48:00.907984031
2351.9,1,08:48:00.908696375
2351.9,1,08:48:00.909130985
2351.9,1,08:48:00.909748924
2351.9,1,08:48:01.100185511
2351.8,1,08:48:01.166475039
2351.8,1,08:48:01.294299677
2351.8,2,08:48:01.355951808
2351.7,1,08:48:01.453898588
2351.7,1,08:48:01.454152309
2351.6,1,08:48:01.499479228
2351.6,1,08:48:01.623730872
2351.6,2,08:48:01.624205857
2351.5,1,08:48:01.643376595
2351.4,2,08:48:01.643970246
2351.4,1,08:48:01.644562014
2351.4,1,08:48:01.645751213
2351.5,1,08:48:01.667747460
2351.5,1,08:48:02.130293298
2351.3,1,08:48:02.151857569
2351.3,3,08:48:02.152983470
2351.2,2,08:48:02.188035875
2351.2,1,08:48:02.188354630
2351.2,2,08:48:02.399686516
2351.2,1,08:48:02.400048411
2351.3,1,08:48:02.418608936
2351.3,1,08:48:02.421143767
2351.2,2,08:48:02.536318223
2351.3,1,08:48:02.682929929
2351.3,3,08:48:02.695504023
2351.3,1,08:48:02.695787039
2351.4,1,08:48:03.094932272
2351.4,1,08:48:03.095525603
2351.4,1,08:48:03.095789493
2351.7,1,08:48:04.337164566
2351.6,1,08:48:04.337164566
2351.5,3,08:48:05.517297879
2351.5,2,08:48:05.740925245
2351.5,1,08:48:05.741082608
2351.5,1,08:48:05.890654474
2351.4,1,08:48:05.982502510
2351.5,1,08:48:06.035428913
2351.5,1,08:48:06.035719972
2351.6,1,08:48:06.064163825
2351.6,1,08:48:07.032163666
2351.5,1,08:48:07.528800514
2351.5,1,08:48:07.529009043
2351.5,1,08:48:07.529067946
2351.5,1,08:48:08.160333852
2351.5,1,08:48:08.247071305
2351.3,1,08:48:08.248221632
2351.4,1,08:48:08.405064306
2351.4,1,08:48:08.469615997
2351.4,1,08:48:08.708670472
2351.5,1,08:48:09.102281697
2351.5,4,08:48:09.258990313
2351.5,1,08:48:09.259688894
2351.6,5,08:48:10.582653906
2351.5,1,08:48:11.154157926
2351.5,1,08:48:12.559384849
2351.5,2,08:48:12.814540429
2351.5,1,08:48:12.855546238
2351.4,1,08:48:12.970954961
2351.5,1,08:48:13.125185734
2351.4,1,08:48:13.299766634
2351.4,2,08:48:13.300406957
2351.5,1,08:48:13.302327489
2351.6,1,08:48:14.343777886
2351.5,1,08:48:15.186286217
2351.4,1,08:48:15.316525241
2351.4,1,08:48:15.316824012
2351.4,6,08:48:15.535580215
2351.3,2,08:48:15.562167455
2351.2,2,08:48:16.853035350
2351.1,1,08:48:16.853046977
2351.2,1,08:48:16.853904473
2351.2,1,08:48:16.966036159
2351.2,1,08:48:16.966556525
2351.3,5,08:48:17.046982379
2351.3,1,08:48:18.190773443
2351.2,2,08:48:19.660374215
2351.2,1,08:48:21.391212013
2351.2,2,08:48:21.515770189
2351.2,1,08:48:23.856428462
2351.2,1,08:48:23.856467100
2351.3,1,08:48:24.568030959
2351.2,2,08:48:25.289374101
2351.2,1,08:48:25.914876668
2351.3,2,08:48:28.682262206
2351.2,7,08:48:28.954648542
2351.1,2,08:48:28.954648542
2351.2,1,08:48:28.955960872
2351.2,1,08:48:28.956910315
2351.2,1,08:48:28.957203275
2351.2,1,08:48:28.957691182
2351.2,1,08:48:28.957920828
2351.2,1,08:48:28.958170353
2351.2,1,08:48:28.959590519
2351.2,1,08:48:28.959719706
2351.2,1,08:48:28.959775976
2351.3,1,08:48:29.898640368
2351.3,1,08:48:30.848989802
2351.3,1,08:48:30.975336675
2351.4,1,08:48:32.157359669
2351.5,1,08:48:32.357173152
2351.5,1,08:48:32.757312484
2351.6,2,08:48:33.797205004
2351.5,1,08:48:33.843054780
2351.5,1,08:48:33.843460798
2351.5,1,08:48:34.279684183
2351.5,1,08:48:35.816467205
2351.5,1,08:48:37.996394126
2351.6,3,08:48:37.997869308
2351.7,5,08:48:39.380824859
2351.7,1,08:48:39.932782148
2351.7,2,08:48:40.822023748
2351.8,1,08:48:40.935344228
2351.9,1,08:48:41.388680022
2351.9,1,08:48:41.389251189
2352.0,1,08:48:41.713963580
2352.0,1,08:48:42.054509819
2352.0,5,08:48:42.054818753
2352.2,1,08:48:42.374903138
2352.2,1,08:48:42.374920351
2352.0,1,08:48:42.527418433
2352.2,1,08:48:42.805342176
2352.2,1,08:48:43.284081986
2352.2,1,08:48:43.284365310
2352.2,3,08:48:43.284438270
2352.3,1,08:48:43.290094852
2352.2,2,08:48:43.373035424
2352.3,2,08:48:44.103365699
2352.4,3,08:48:44.103365699
2352.4,1,08:48:44.103379766
2352.3,1,08:48:44.104427532
2352.3,1,08:48:44.106021858
2352.3,1,08:48:44.236803064
2352.4,4,08:48:44.236803064
2352.2,1,08:48:44.744062909
2352.3,1,08:48:46.928581303
2352.2,1,08:48:46.931712924
2352.3,1,08:48:46.942900285
2352.4,1,08:48:46.943933161
2352.5,2,08:48:47.271841813
2352.5,2,08:48:47.441934846
2352.5,2,08:48:47.641789900
2352.5,1,08:48:47.775558107
2352.6,1,08:48:47.865882253
2352.7,1,08:48:47.975663038
2352.7,1,08:48:47.975679854
2352.6,1,08:48:48.072153971
2352.7,1,08:48:48.478426382
2352.8,2,08:48:48.819847318
2352.9,4,08:48:48.844711747
2352.9,1,08:48:48.844725463
2352.9,1,08:48:48.990872378
2352.8,1,08:48:49.069970893
2352.9,1,08:48:49.150964309
2352.7,1,08:48:49.204596773
2352.8,1,08:48:49.221217901
2352.7,2,08:48:49.319900210
2352.8,3,08:48:49.319900210
2352.9,2,08:48:49.453170665
2352.8,3,08:48:49.453170665
2352.8,3,08:48:49.778224553
2352.8,3,08:48:50.034936007
2352.8,1,08:48:50.036200206
2352.9,1,08:48:50.079875491
2352.9,1,08:48:50.684406608
2352.9,5,08:48:50.684712944
2353.0,1,08:48:51.493685595
2353.0,3,08:48:51.493694081
2353.0,1,08:48:51.493950864
2353.0,1,08:48:51.496069844
2352.9,1,08:48:51.744149198
2353.0,1,08:48:52.005366216
2353.1,3,08:48:52.005581106
2353.2,1,08:48:52.005595753
2353.0,1,08:48:52.125131200
2353.0,1,08:48:52.294806928
2353.0,1,08:48:52.295004872
2353.0,1,08:48:52.645571372
2353.0,3,08:48:52.778643016
2353.1,1,08:48:53.061449587
2353.0,1,08:48:53.708691165
2353.1,3,08:48:53.822623862
2353.1,1,08:48:53.823131438
2353.0,2,08:48:54.116553161
2353.0,1,08:48:54.705928128
2353.1,1,08:48:54.824606421
2352.9,1,08:48:54.980713953
2353.0,2,08:48:55.200471370
2352.9,1,08:48:55.217229599
2353.0,1,08:48:55.229046903
2353.0,1,08:48:55.494173518
2352.9,2,08:48:56.626939159
2352.8,1,08:48:56.746519615
2352.9,1,08:48:56.768842352
2352.9,1,08:48:57.837848340
2353.0,3,08:48:58.020418864
2353.0,2,08:48:58.020447869
2353.0,5,08:48:58.020520030
2353.0,1,08:48:58.021649096
2352.9,1,08:48:58.037133577
2352.9,2,08:48:58.792463119
2352.9,1,08:48:58.793968324
2352.8,5,08:48:58.995683298
2352.7,1,08:48:59.628333513
2352.7,1,08:49:00.492979448
2352.7,2,08:49:00.493301502
2352.5,2,08:49:00.686857854
2352.5,1,08:49:00.791804119
2352.5,1,08:49:01.507761816
2352.6,1,08:49:01.508708610
2352.6,1,08:49:02.113155248
2352.5,1,08:49:02.131786954
2352.7,1,08:49:02.523274691
2352.7,1,08:49:02.712139869
2352.6,1,08:49:03.268518846
2352.6,6,08:49:03.370235281
2352.8,2,08:49:03.388042499
2352.7,1,08:49:03.388607698
2352.8,1,08:49:03.390177220
2352.8,1,08:49:03.391721357
2352.8,1,08:49:03.393375998
2353.0,2,08:49:03.428289404
2353.1,4,08:49:03.434960495
2353.1,1,08:49:03.442625690
2353.2,1,08:49:03.448761832
2353.1,1,08:49:03.453544028
2353.1,1,08:49:03.453737606
2353.2,1,08:49:03.485017806
2353.2,2,08:49:03.486418331
2353.3,1,08:49:03.492848035
2353.3,1,08:49:03.502116346
2353.4,4,08:49:03.525912735
2353.4,7,08:49:03.526668005
2353.5,7,08:49:03.526668005
2353.5,1,08:49:03.526681640
2353.5,1,08:49:03.527434756
2353.5,1,08:49:03.527487061
2353.5,1,08:49:03.527706490
2353.6,3,08:49:03.529428969
2353.5,1,08:49:03.529909117
2353.6,1,08:49:03.530277630
2353.6,1,08:49:03.531367530
2353.6,1,08:49:03.532714466
2353.6,1,08:49:03.533366520
2353.7,1,08:49:03.535194058
2353.7,1,08:49:03.537465482
2353.7,1,08:49:03.537941073
2353.7,2,08:49:03.538368301
2353.7,1,08:49:03.549444873
2353.7,2,08:49:03.549563679
2353.6,2,08:49:03.551673995
2353.7,1,08:49:03.554374009
2353.7,2,08:49:03.559306534
2353.7,1,08:49:03.559726475
2353.7,1,08:49:03.627342124
2353.7,4,08:49:03.627623514
2353.7,1,08:49:03.628043594
2353.7,2,08:49:03.628205055
2353.7,4,08:49:03.634788989
2353.6,3,08:49:03.647238005
2353.6,1,08:49:03.688383143
2353.6,1,08:49:03.723254091
2353.7,1,08:49:03.761531000
2353.8,1,08:49:03.906286601
2353.8,2,08:49:03.906992871
2353.8,1,08:49:04.013547434
2353.8,1,08:49:04.071596311
2353.8,1,08:49:04.153148371
2353.9,2,08:49:04.205329498
2353.8,2,08:49:04.411464251
2353.8,4,08:49:04.411788635
2353.8,1,08:49:04.565400604
2353.9,1,08:49:04.676812388
2353.9,1,08:49:04.676842353
2353.8,1,08:49:04.696829646
2353.8,1,08:49:04.697204788
2353.9,1,08:49:04.698639199
2353.9,3,08:49:04.699084658
2353.9,2,08:49:04.700867916
2353.8,2,08:49:04.742198079
2353.9,2,08:49:04.768231528
2353.9,2,08:49:04.793794970
2353.8,6,08:49:04.793794970
2353.9,2,08:49:04.822806681
2354.0,8,08:49:04.966789879
2354.1,1,08:49:04.966806916
2354.1,1,08:49:04.968969529
2354.0,1,08:49:04.969681489
2354.0,1,08:49:04.972518129
2353.8,2,08:49:05.066689557
2354.0,2,08:49:05.084574333
2354.1,1,08:49:05.272287564
2354.1,1,08:49:05.282506967
2354.2,3,08:49:05.522323614
2354.3,2,08:49:05.522331339
2354.2,1,08:49:05.522331339
2354.3,3,08:49:05.522346820
2354.4,11,08:49:05.522357349
2354.3,4,08:49:05.522357349
2354.5,12,08:49:05.522357349
2354.6,2,08:49:05.522562242
2354.6,3,08:49:05.522570527
2354.6,1,08:49:05.522570527
2354.6,5,08:49:05.522580918
2354.4,1,08:49:05.523965355
2354.4,2,08:49:05.524476928
2354.4,1,08:49:05.526093574
2354.4,1,08:49:05.526333419
2354.4,1,08:49:05.526829301
2354.4,1,08:49:05.528640582
2354.4,1,08:49:05.528992103
2354.3,1,08:49:05.529916982
2354.3,2,08:49:05.530054403
2354.3,2,08:49:05.530100727
2354.3,1,08:49:05.530232490
2354.4,2,08:49:05.531163987
2354.4,1,08:49:05.531202960
2354.4,2,08:49:05.531239889
2354.3,1,08:49:05.533097110
2354.3,1,08:49:05.538216669
2354.3,1,08:49:05.538442955
2354.4,1,08:49:05.559814933
2354.4,1,08:49:05.619454518
2354.3,1,08:49:05.619800258
2354.2,1,08:49:05.809622173
2354.3,1,08:49:05.810039228
2354.3,1,08:49:05.810489563
2354.5,1,08:49:05.889671645
2354.4,1,08:49:05.890134048
2354.4,1,08:49:05.890461159
2354.5,2,08:49:05.890793690
2354.5,2,08:49:05.891082240
2354.6,2,08:49:05.893505540
2354.6,1,08:49:05.893637296
2354.7,1,08:49:05.905640002
2354.7,1,08:49:05.905847896
2354.7,5,08:49:05.905882806
2354.7,3,08:49:05.905975432
2354.7,1,08:49:05.924823952
2354.8,1,08:49:05.957166030
2354.9,3,08:49:05.957184206
2354.9,1,08:49:05.957184206
2354.7,1,08:49:06.024018024
2354.8,1,08:49:06.027110064
2354.9,1,08:49:06.027728134
2354.8,1,08:49:06.033745334
2354.8,6,08:49:06.041661527
2354.7,4,08:49:06.041661527
2354.9,1,08:49:06.054170096
2354.8,1,08:49:06.084786530
2354.9,1,08:49:06.133033014
2354.9,1,08:49:06.133268353
2354.9,1,08:49:06.133706237
2354.9,1,08:49:06.136917545
2355.0,1,08:49:06.141495767
2355.0,1,08:49:06.141507699
2355.0,5,08:49:06.141513786
2355.0,2,08:49:06.142885196
2355.0,1,08:49:06.145557384
2355.0,1,08:49:06.145730882
2355.0,5,08:49:06.145973383
2355.0,1,08:49:06.146041020
2355.0,1,08:49:06.146745388
2355.0,1,08:49:06.147029807
2355.0,1,08:49:06.152200509
2355.0,1,08:49:06.191165601
2355.1,2,08:49:06.267190477
2355.1,1,08:49:06.267206433
2355.2,2,08:49:06.267206433
2356.0,24,08:49:06.267220859
2355.9,19,08:49:06.267220859
2356.2,8,08:49:06.267220859
2355.6,15,08:49:06.267220859
2355.5,18,08:49:06.267220859
2355.7,8,08:49:06.267220859
2355.8,12,08:49:06.267220859
2355.2,19,08:49:06.267220859
2355.3,9,08:49:06.267220859
2356.1,8,08:49:06.267220859
2355.4,10,08:49:06.267220859
2356.2,1,08:49:06.267858718
2356.2,4,08:49:06.267867953
2356.2,1,08:49:06.267867953
2355.9,1,08:49:06.268808480
2355.9,1,08:49:06.270620252
2355.9,15,08:49:06.273015823
2355.9,1,08:49:06.273068179
2356.0,1,08:49:06.273274619
2355.9,3,08:49:06.273274619
2355.9,1,08:49:06.273331986
2355.9,3,08:49:06.273392762
2355.9,10,08:49:06.273597396
2356.0,1,08:49:06.274705857
2355.8,1,08:49:06.277335104
2355.9,1,08:49:06.278713317
2355.9,1,08:49:06.279854262
2355.9,1,08:49:06.280108305
2355.8,1,08:49:06.280182758
2355.7,1,08:49:06.282635130
2355.8,1,08:49:06.283678198
2355.6,1,08:49:06.284141692
2355.7,2,08:49:06.284740325
2355.6,1,08:49:06.286006164
2355.6,1,08:49:06.286052917
2355.6,2,08:49:06.286527250
2355.6,1,08:49:06.286894125
2355.6,4,08:49:06.290238976
2355.6,1,08:49:06.290472129
2355.5,3,08:49:06.296018200
2355.6,2,08:49:06.296018200
2355.7,1,08:49:06.298163836
2355.7,1,08:49:06.298247633
2355.7,1,08:49:06.298296245
2355.7,1,08:49:06.307437504
2355.7,1,08:49:06.310300989
2355.7,1,08:49:06.312957283
2355.7,1,08:49:06.326867540
2355.7,1,08:49:06.356878175
2355.7,1,08:49:06.388721440
2355.7,1,08:49:06.390216875
2355.8,1,08:49:06.394546962
2355.7,1,08:49:06.442298709
2355.7,1,08:49:06.442572277
2355.7,1,08:49:06.457393138
2355.7,1,08:49:06.462551750
2355.7,1,08:49:06.462583123
2355.8,2,08:49:06.508811439
2355.8,4,08:49:06.508932388
2355.9,1,08:49:06.515829260
2355.9,2,08:49:06.517622205
2356.0,1,08:49:06.521895904
2355.8,1,08:49:06.524096373
2356.0,3,08:49:06.535755250
2355.9,1,08:49:06.537147807
2355.8,1,08:49:06.548047514
2355.9,2,08:49:06.548890376
2355.8,1,08:49:06.555724036
2355.8,1,08:49:06.565225264
2355.9,2,08:49:06.571546921
2355.8,2,08:49:06.572209958
2355.8,1,08:49:06.572827340
2355.8,1,08:49:06.583846826
2355.7,3,08:49:06.594066064
2355.7,1,08:49:06.599623159
2355.7,1,08:49:06.600036006
2355.7,1,08:49:06.612411839
2355.7,1,08:49:06.612726219
2355.7,1,08:49:06.636795078
2355.6,1,08:49:06.741810050
2355.8,2,08:49:06.823602636
2355.8,3,08:49:06.935703161
2355.9,1,08:49:06.938834994
2355.9,1,08:49:06.946827861
2355.9,1,08:49:06.947109691
2355.9,1,08:49:06.947368282
2355.9,2,08:49:06.947446421
2355.8,6,08:49:06.970329275
2355.8,3,08:49:07.020425913
2355.7,7,08:49:07.020425913
2355.7,1,08:49:07.020910503
2355.7,1,08:49:07.060100139
2355.7,1,08:49:07.080602585
2355.6,1,08:49:07.122466830
2355.6,4,08:49:07.122861874
2355.6,1,08:49:07.123993478
2355.6,1,08:49:07.126104407
2355.6,2,08:49:07.126347017
2355.7,1,08:49:07.254202694
2355.7,2,08:49:07.350635754
2355.6,1,08:49:07.350635754
2355.6,1,08:49:07.351266614
2355.5,1,08:49:07.359975746
2355.5,2,08:49:07.379884473
2355.4,1,08:49:07.386554744
2355.4,1,08:49:07.457046734
2355.4,1,08:49:07.472329145
2355.4,1,08:49:07.472778978
2355.3,1,08:49:07.487728697
2355.3,1,08:49:07.501961604
2355.3,1,08:49:07.533086950
2355.4,3,08:49:07.594404996
2355.3,1,08:49:07.604168383
2355.4,1,08:49:07.620769831
2355.4,1,08:49:07.635460929
2355.3,1,08:49:07.635958722
2355.2,3,08:49:07.667042755
2355.1,1,08:49:07.832359224
2355.1,1,08:49:07.879728302
2355.1,1,08:49:07.879995997
2355.1,5,08:49:07.880155705
2355.1,3,08:49:07.886926332
2355.2,1,08:49:07.886926332
2355.2,1,08:49:07.969891991
2355.2,1,08:49:07.986736183
2355.2,1,08:49:07.994039257
2355.1,2,08:49:08.243608852
2355.1,1,08:49:08.243863849
2355.2,4,08:49:08.423365530
2355.2,1,08:49:08.522073721
2355.2,2,08:49:08.602020491
2355.2,1,08:49:08.602501102
2355.1,2,08:49:08.703220968
2354.9,1,08:49:08.885976986
2355.0,7,08:49:08.885976986
2354.9,1,08:49:08.887313535
2354.9,4,08:49:08.887449835
2354.8,3,08:49:08.984052546
2354.7,4,08:49:09.009352056
2354.6,1,08:49:09.043175556
2354.7,1,08:49:09.230794677
2354.8,2,08:49:09.230897383
2354.7,1,08:49:09.231038596
2354.7,1,08:49:09.231827850
2354.7,1,08:49:09.253721148
2354.7,1,08:49:09.254005528
2354.7,1,08:49:09.330315837
2354.7,2,08:49:09.330681179
2354.7,1,08:49:09.331237930
2354.8,2,08:49:09.399565183
2354.8,1,08:49:09.400445703
2354.8,1,08:49:09.400694584
2354.9,1,08:49:09.512148996
2354.9,1,08:49:09.512175130
2354.9,2,08:49:09.512370297
2354.9,1,08:49:09.513613525
2354.8,1,08:49:09.554023826
2354.9,3,08:49:09.668275208
2354.9,1,08:49:09.669243397
2354.9,1,08:49:09.670385356
2354.9,1,08:49:09.671144111
2354.9,1,08:49:09.709537062
2354.8,1,08:49:09.799494712
2354.8,1,08:49:09.872077734
2355.0,3,08:49:10.148579958
2354.9,2,08:49:10.148579958
2354.9,1,08:49:10.149417258
2354.9,2,08:49:10.149641913
2354.9,2,08:49:10.191757464
2355.0,3,08:49:10.725926212
2354.7,1,08:49:10.865068426
2354.7,1,08:49:10.865084302
2354.7,2,08:49:10.865325219
2354.6,1,08:49:10.940170353
2354.6,1,08:49:10.940364175
2354.6,1,08:49:10.940610458
2354.7,1,08:49:10.950498644
2354.7,1,08:49:10.950710271
2354.8,1,08:49:10.976802863
2354.7,4,08:49:11.029234785
2354.5,1,08:49:11.452060967
2354.5,1,08:49:11.691760121
2354.6,3,08:49:11.724939991
2354.6,1,08:49:11.725401310
2354.5,1,08:49:11.725703281
2354.5,1,08:49:11.826931664
2354.4,2,08:49:11.826931664
2354.4,3,08:49:11.862762718
2354.3,9,08:49:11.862762718
2354.3,1,08:49:11.863666922
2354.3,1,08:49:11.863692583
2354.3,1,08:49:11.863707306
2354.4,3,08:49:11.865412774
2354.5,2,08:49:11.867276127
2354.6,2,08:49:12.204126497
2354.5,1,08:49:12.204734407
2354.4,5,08:49:12.259884060
2354.4,1,08:49:12.261543255
2354.4,1,08:49:12.261623763
2354.4,2,08:49:12.423865598
2354.5,5,08:49:12.714375768
2354.6,1,08:49:12.855500379
2354.6,3,08:49:13.498328567
2354.4,1,08:49:13.921644504
2354.4,3,08:49:13.921884138
2354.4,2,08:49:13.944730715
2354.3,1,08:49:13.985819375
2354.3,1,08:49:14.113001104
2354.5,3,08:49:14.181914947
2354.5,2,08:49:14.378523436
2354.5,1,08:49:14.388202984
2354.5,4,08:49:14.388509144
2354.5,1,08:49:14.388536530
2354.4,7,08:49:14.405421918
2354.3,3,08:49:14.405421918
2354.3,1,08:49:14.516842594
2354.3,2,08:49:15.019345415
2354.3,3,08:49:15.019408817
2354.4,1,08:49:15.033546686
2354.3,1,08:49:15.243065505
2354.2,5,08:49:15.343365979
2354.2,1,08:49:15.450177604
2354.1,2,08:49:16.051175877
2354.1,1,08:49:16.051523955
2354.1,1,08:49:16.230355079
2354.0,5,08:49:16.774340330
2354.0,1,08:49:16.774607453
2354.0,1,08:49:16.775050700
2354.1,1,08:49:16.932805523
2353.9,1,08:49:17.046666852
2353.9,4,08:49:17.855158790
2353.8,3,08:49:17.961287139
2353.9,1,08:49:17.962372158
2353.8,6,08:49:18.105346299
2353.8,1,08:49:18.334400929
2353.9,1,08:49:18.404077321
2353.9,1,08:49:18.428691816
2353.8,1,08:49:18.480411157
2353.9,1,08:49:18.483924124
2353.9,1,08:49:18.484677765
2353.9,1,08:49:18.765416050
2354.0,2,08:49:19.264947873
2354.0,1,08:49:19.268372984
2354.0,1,08:49:19.268957128
2354.0,2,08:49:19.517634120
2354.1,1,08:49:19.519535815
2354.2,2,08:49:19.566803010
2354.2,1,08:49:19.566818092
2354.2,1,08:49:19.567221865
2354.2,1,08:49:19.567700397
2354.2,3,08:49:20.422002489
2354.2,1,08:49:20.679560932
2354.2,3,08:49:20.679818418
2354.2,1,08:49:20.890189062
2354.1,2,08:49:21.849506659
2354.1,1,08:49:21.851668879
2354.0,1,08:49:23.362797077
2354.0,1,08:49:23.468048443
2353.9,1,08:49:23.998708768
2353.9,1,08:49:23.998724525
2353.9,1,08:49:24.110867007
2353.9,1,08:49:24.126022016
2354.0,1,08:49:24.297435955
2353.9,3,08:49:24.512606699
2353.9,1,08:49:24.512670050
2354.0,1,08:49:24.523651274
2354.0,1,08:49:25.366517110
2354.1,1,08:49:25.424704039
2353.9,1,08:49:25.944377511
2354.0,1,08:49:26.112217223
2354.0,1,08:49:26.176715036
2354.0,1,08:49:26.598733770
2354.0,1,08:49:27.017038862
2354.0,1,08:49:27.647150335
2353.9,1,08:49:27.647248174
2353.8,1,08:49:28.921965187
2353.9,1,08:49:30.671124431
2353.8,1,08:49:30.735620771
2353.7,1,08:49:31.359061897
2353.7,1,08:49:31.603296828
2353.8,2,08:49:31.930487542
2353.8,1,08:49:31.931136019
2353.8,1,08:49:32.774903562
2353.9,2,08:49:32.849592274
2354.0,1,08:49:32.870221304
2354.0,2,08:49:32.870434172
2354.1,2,08:49:32.882697053
2354.1,1,08:49:33.414457836
2354.2,1,08:49:33.620117270
2354.1,1,08:49:34.236116099
2354.2,5,08:49:34.735375258
2354.1,1,08:49:34.759852208
2354.1,1,08:49:35.426767463
2354.2,1,08:49:35.428969914
2354.0,1,08:49:35.904229924
2354.0,1,08:49:37.314082922
2354.0,4,08:49:37.611786729
2354.1,1,08:49:37.677028600
2354.2,1,08:49:37.678001851
2354.2,1,08:49:38.427666768
2354.1,1,08:49:38.493885253
2354.0,2,08:49:39.986316311
2353.8,5,08:49:40.246620125
2353.8,1,08:49:40.247150715
2353.8,4,08:49:40.496537436
2353.8,1,08:49:40.746399225
2353.7,1,08:49:41.051355460
2353.7,1,08:49:42.017105489
2353.7,1,08:49:42.437897306
2353.6,3,08:49:42.813404967
2353.6,1,08:49:42.813873217
2353.6,3,08:49:43.888853273
2353.7,1,08:49:44.729055240
2353.7,2,08:49:44.729507220
2353.7,1,08:49:44.730342782
2353.6,1,08:49:44.803609168
2353.5,1,08:49:44.996726191
2353.5,2,08:49:44.996939651
2353.5,1,08:49:44.997037826
2353.5,1,08:49:45.842891796
2353.4,1,08:49:46.426270178
2353.4,1,08:49:46.426286691
2353.3,6,08:49:46.426286691
2353.4,1,08:49:47.332805625
2353.4,1,08:49:47.333290780
2353.5,2,08:49:47.380145707
2353.5,1,08:49:47.380495464
2353.5,1,08:49:47.380918500
2353.6,1,08:49:47.755833405
2353.6,1,08:49:48.677360793
2353.6,1,08:49:48.677391120
2353.6,1,08:49:49.266710259
2353.6,1,08:49:49.266976050
2353.6,2,08:49:50.483160112
2353.3,1,08:49:50.962791134
2353.3,1,08:49:51.094140305
2353.1,10,08:49:51.634710838
2353.2,7,08:49:51.634710838
2353.1,1,08:49:51.635926575
2353.1,1,08:49:51.635978710
2353.1,1,08:49:51.636037483
2353.1,1,08:49:51.636968298
2353.2,1,08:49:51.637383647
2353.2,2,08:49:51.637995567
2353.2,1,08:49:51.638640121
2353.3,1,08:49:51.640725686
2353.2,2,08:49:51.705744825
2353.2,1,08:49:51.705781453
2353.3,1,08:49:51.706023583
2353.2,1,08:49:51.759058679
2353.1,1,08:49:55.036582425
2353.1,2,08:49:55.037002008
2353.0,2,08:49:55.911258112
2352.9,1,08:49:55.911278772
2353.0,1,08:49:55.911278772
2353.0,1,08:49:55.916019706
2352.9,2,08:49:55.935765665
2352.9,1,08:49:55.935929457
2352.8,1,08:49:56.035106749
2352.8,1,08:49:56.035422169
2352.9,1,08:49:56.227771631
2352.9,1,08:49:56.227931340
2352.9,1,08:49:56.274145380
2352.8,1,08:49:56.351860244
2352.9,1,08:49:56.353325384
2352.8,1,08:49:56.357271831
2353.0,1,08:49:57.061002712
2353.0,4,08:49:57.942234252
2352.9,1,08:49:57.966716700
2353.0,1,08:49:57.966716700
2353.0,1,08:49:57.999139023
2353.1,2,08:49:58.348966046
2353.2,1,08:49:58.355784366
2353.0,1,08:49:59.279964977
2353.0,1,08:49:59.280433159
2352.9,1,08:49:59.400833494
2353.0,1,08:49:59.425898704
2352.8,1,08:50:00.005803430
2352.9,2,08:50:00.176350096
2353.0,3,08:50:00.903287769
2353.1,1,08:50:00.905218654
2353.1,1,08:50:00.906096707
2353.1,2,08:50:00.992089838
2353.1,1,08:50:00.992289836
2353.3,1,08:50:01.213353486
2353.2,1,08:50:01.238125389
2353.2,1,08:50:01.238326475
2353.1,2,08:50:01.499606538
2353.1,3,08:50:01.500128628
2353.2,1,08:50:01.623417676
2353.2,3,08:50:02.077948781
2353.2,4,08:50:02.288275606
2353.3,1,08:50:02.289053138
2353.3,5,08:50:02.289594231
2353.3,2,08:50:02.290117109
2353.3,1,08:50:02.294620930
2353.3,1,08:50:02.294834807
2353.3,1,08:50:02.405446532
2353.4,1,08:50:03.058987034
2353.5,1,08:50:03.156610883
2353.5,1,08:50:03.425206234
2353.4,3,08:50:03.425694172
2353.4,1,08:50:04.210268485
2353.4,3,08:50:04.210575661
2353.6,1,08:50:04.489378780
2353.2,6,08:50:04.667760963
2353.3,9,08:50:04.667760963
2353.4,5,08:50:04.667760963
2353.3,1,08:50:05.045897830
2353.3,1,08:50:05.045954251
2353.3,1,08:50:05.046829593
2353.3,1,08:50:05.046978066
2353.3,2,08:50:07.057918895
2353.4,2,08:50:07.792812125
2353.4,1,08:50:07.806971469
2353.4,1,08:50:09.058657150
2353.4,2,08:50:09.626615712
2353.4,1,08:50:09.628892301
2353.3,1,08:50:10.164288759
2353.4,2,08:50:10.748027181
2353.4,1,08:50:10.750094954
2353.5,1,08:50:11.683903104
2353.5,2,08:50:11.684522393
2353.6,2,08:50:12.164448687
2353.6,1,08:50:12.169812712
2353.6,1,08:50:12.170471471
2353.6,1,08:50:14.087810983
2353.7,2,08:50:14.109970648
2353.8,1,08:50:15.373037208
2353.9,1,08:50:15.954565635
2353.8,2,08:50:15.962841604
2353.9,1,08:50:16.007021302
2353.9,1,08:50:16.008695140
2353.7,3,08:50:16.099401230
2353.8,1,08:50:16.646768762
2354.1,3,08:50:17.252240544
2354.0,7,08:50:17.252240544
2353.9,1,08:50:18.127541307
2354.0,1,08:50:18.343669920
2354.1,3,08:50:18.449498295
2354.1,2,08:50:18.459485681
2354.1,1,08:50:18.769308203
2354.1,1,08:50:18.776575226
2354.1,1,08:50:18.823691733
2354.0,1,08:50:19.209161606
2353.9,1,08:50:19.616540792
2353.9,3,08:50:20.154327735
2354.1,2,08:50:20.499173104
2354.0,1,08:50:20.499173104
2354.0,1,08:50:20.500467095
2353.9,1,08:50:20.503278800
2353.9,1,08:50:20.516253941
2353.9,1,08:50:21.017540588
2353.9,3,08:50:21.682217552
2353.9,2,08:50:21.784524430
2353.7,8,08:50:22.882867036
2353.6,9,08:50:22.882867036
2353.8,5,08:50:22.882867036
2353.6,2,08:50:22.884632560
2353.6,1,08:50:22.884948582
2353.6,5,08:50:22.885191269
2353.6,1,08:50:22.899020888
2353.7,1,08:50:23.388015583
2353.7,1,08:50:23.388282849
2353.8,1,08:50:24.452004244
2353.8,1,08:50:24.452544803
2353.8,1,08:50:24.453306767
2353.8,1,08:50:25.067477100
2353.6,3,08:50:27.634834236
2353.6,2,08:50:27.636481521
2353.6,1,08:50:28.122596981
2353.6,1,08:50:28.123165277
2353.6,2,08:50:28.856211194
2353.7,1,08:50:30.267369353
2353.8,2,08:50:30.314842720
2354.0,3,08:50:30.380043043
2353.9,2,08:50:30.380043043
2354.0,2,08:50:31.203314559
2354.1,2,08:50:31.317115299
2354.1,2,08:50:31.317470144
2354.1,1,08:50:31.317635108
2354.2,1,08:50:33.021806898
2354.0,1,08:50:33.915291676
2354.0,1,08:50:34.149847225
2354.0,2,08:50:34.150037382
2354.0,1,08:50:34.594549705
2353.9,1,08:50:34.696142470
2353.7,1,08:50:34.932260401
2353.8,1,08:50:34.946485845
2353.8,1,08:50:35.923765136
2353.9,1,08:50:36.672367351
2354.0,1,08:50:36.672613356
2354.0,1,08:50:36.672850468
2354.0,1,08:50:37.013636306
2354.0,2,08:50:37.013875546
2354.0,1,08:50:37.014352992
2354.1,1,08:50:37.947861517
2353.9,1,08:50:39.409449964
2353.9,2,08:50:39.410247043
2353.8,1,08:50:41.704625898
2353.9,3,08:50:41.795367051
2353.9,1,08:50:42.520742973
2353.9,2,08:50:42.524278664
2353.8,1,08:50:43.136061316
2353.8,1,08:50:43.136281276
2353.6,7,08:50:45.298758850
2353.5,4,08:50:45.298758850
2353.5,1,08:50:45.298771488
2353.7,2,08:50:45.789217957
2353.6,1,08:50:45.789899549
2353.5,1,08:50:46.959643500
2353.6,2,08:50:47.912682436
2353.7,1,08:50:47.916013959
2353.6,1,08:50:50.244340679
2353.6,2,08:50:50.245233490
2353.6,1,08:50:50.245349525
2353.5,1,08:50:51.530479303
2353.5,1,08:50:51.571900422
2353.5,1,08:50:51.572162478
2353.5,1,08:50:52.593624585
2353.6,1,08:50:52.594795949
2353.8,6,08:50:52.873712953
2353.7,4,08:50:52.873712953
2353.7,1,08:50:53.071194386
2353.6,1,08:50:53.912495536
2353.5,1,08:50:53.913306509
2353.5,1,08:50:53.913692770
2353.6,1,08:50:53.915538141
2353.5,3,08:50:55.254531395
2353.7,1,08:50:55.262233583
2353.5,1,08:50:57.126992342
2353.5,1,08:50:59.738558361
2353.4,1,08:51:00.211320732
2353.5,1,08:51:00.445159759
2353.6,2,08:51:01.509583039
2353.7,1,08:51:01.510674846
2353.8,1,08:51:01.529397562
2353.7,1,08:51:02.272600952
2353.6,1,08:51:02.634139949
2353.6,1,08:51:04.245032414
2353.6,1,08:51:04.245532347
2353.6,1,08:51:04.245776698
2353.8,1,08:51:04.811246438
2353.8,4,08:51:05.349056033
2353.8,1,08:51:05.357493535
2353.8,1,08:51:07.135229689
2353.9,3,08:51:07.848506221
2353.9,1,08:51:07.850487727
2353.9,2,08:51:07.853144942
2354.0,1,08:51:08.077283612
2353.8,1,08:51:10.970502900
2353.9,1,08:51:10.993775294
2353.8,1,08:51:11.706787673
2353.7,1,08:51:11.799628798
2353.7,1,08:51:11.799672642
2353.7,1,08:51:11.799791272
2353.8,1,08:51:12.156363987
2353.6,1,08:51:13.194582058
2353.7,1,08:51:13.714420293
2353.7,1,08:51:13.715557529
2353.7,1,08:51:13.821383907
2353.8,3,08:51:15.668150161
2353.8,1,08:51:17.609744744
2353.8,3,08:51:17.609811939
2353.8,1,08:51:17.609984973
2353.9,1,08:51:17.610538699
2353.9,1,08:51:17.610568766
2353.8,8,08:51:17.610668628
2353.9,1,08:51:17.610819290
2353.9,1,08:51:17.612320863
2353.9,1,08:51:17.613593029
2353.8,1,08:51:17.640650812
2354.0,4,08:51:18.495757680
2354.0,1,08:51:18.496524221
2354.1,1,08:51:19.122241507
2354.1,1,08:51:19.384672920
2354.1,1,08:51:19.454342540
2354.1,1,08:51:19.687406735
2354.1,1,08:51:21.523157816
2354.1,1,08:51:21.524494182
2354.1,3,08:51:22.264422009
2354.0,1,08:51:22.368800339
2354.0,1,08:51:22.439391388
2354.0,1,08:51:22.882365337
2354.2,2,08:51:23.587578455
2354.2,1,08:51:24.464718806
2354.1,1,08:51:24.720253388
2354.3,3,08:51:26.814289003
2354.3,1,08:51:26.814309851
2354.3,4,08:51:26.814603438
2354.2,1,08:51:26.919014068
2354.1,1,08:51:26.994190756
2354.1,2,08:51:27.202558452
2354.2,6,08:51:27.202925278
2354.3,2,08:51:27.203924268
2354.3,1,08:51:27.205944949
2354.1,1,08:51:28.712986370
2354.1,1,08:51:29.165440234
2354.2,1,08:51:29.473160559
2354.2,1,08:51:29.473186015
2354.3,2,08:51:29.485635607
2354.3,1,08:51:29.838838603
2354.3,1,08:51:29.858894539
2354.3,1,08:51:29.859200155
2354.4,7,08:51:30.895142258
2354.3,1,08:51:30.897048309
2354.4,1,08:51:31.508084441
2354.4,1,08:51:31.571983874
2354.4,1,08:51:31.664823835
2354.5,1,08:51:33.474897734
2354.5,1,08:51:33.834446975
2354.4,1,08:51:33.859039169
2354.5,1,08:51:34.119148475
2354.4,2,08:51:34.344727599
2354.5,1,08:51:35.213348168
2354.4,1,08:51:36.319564541
2354.5,1,08:51:37.575233193
2354.3,1,08:51:37.588523292
2354.3,2,08:51:37.588849360
2354.3,1,08:51:37.589600261
2354.4,1,08:51:37.590718818
2354.5,1,08:51:39.031156662
2354.4,1,08:51:39.693399863
2354.5,1,08:51:39.728994355
2354.5,1,08:51:40.551736627
2354.3,1,08:51:40.923690995
2354.3,1,08:51:41.003251186
2354.3,1,08:51:42.032702526
2354.2,1,08:51:42.471811422
2354.3,1,08:51:43.129124796
2354.3,1,08:51:43.422152782
2354.3,1,08:51:43.671905664
2354.3,2,08:51:43.672283626
2354.3,2,08:51:43.672538333
2354.3,2,08:51:43.672674461
2354.3,5,08:51:43.789581000
2354.3,1,08:51:43.939320687
2354.4,1,08:51:43.939768738
2354.5,1,08:51:44.213387975
2354.6,2,08:51:44.524028626
2354.6,1,08:51:44.524041292
2354.6,3,08:51:44.525787032
2354.6,1,08:51:44.525891678
2354.6,2,08:51:44.526689793
2354.6,1,08:51:44.527125274
2354.5,1,08:51:44.555970063
2354.5,1,08:51:44.556028768
2354.6,1,08:51:44.731180712
2354.6,2,08:51:44.841573193
2354.6,1,08:51:44.841617894
2354.7,1,08:51:45.156456986
2354.6,1,08:51:45.987214495
2354.6,2,08:51:46.293507272
2354.4,1,08:51:47.035659659
2354.5,3,08:51:47.507121123
2354.4,1,08:51:47.577182400
2354.4,1,08:51:47.577381351
2354.4,1,08:51:47.941280340
2354.4,1,08:51:47.941333713
2354.4,1,08:51:47.941533184
2354.5,5,08:51:48.267741309
2354.6,7,08:51:48.267741309
2354.6,3,08:51:48.268588219
2354.6,11,08:51:48.268630287
2354.4,4,08:51:48.270411782
2354.3,2,08:51:48.332125486
2354.3,1,08:51:48.502702721
2354.3,3,08:51:48.502888169
2354.2,2,08:51:48.503379224
2354.2,4,08:51:48.503806743
2354.1,2,08:51:48.505283286
2354.1,1,08:51:48.505320768
2354.1,1,08:51:48.505350067
2354.2,1,08:51:48.505398904
2354.1,1,08:51:48.505566971
2354.1,19,08:51:48.505619983
2354.1,5,08:51:48.505853540
2354.1,2,08:51:48.506366786
2354.2,1,08:51:48.506495370
2354.2,1,08:51:48.506908819
2354.2,1,08:51:48.507868482
2354.2,1,08:51:48.508163206
2354.3,1,08:51:48.509284588
2354.2,2,08:51:48.591689358
2354.1,2,08:51:49.685167608
2354.0,1,08:51:50.037312892
2353.9,1,08:51:50.096651771
2353.9,1,08:51:50.096921133
2353.9,1,08:51:50.098338624
2353.9,1,08:51:50.098548283
2354.0,2,08:51:50.099061135
2354.0,1,08:51:50.099321462
2354.1,1,08:51:50.340509755
2354.1,1,08:51:50.449760124
2354.2,1,08:51:50.640851146
2354.2,1,08:51:50.962748284
2354.1,3,08:51:51.019633194
2354.2,1,08:51:51.122257443
2354.1,1,08:51:51.161469332
2354.1,2,08:51:51.265271933
2354.0,1,08:51:52.023805788
2354.0,1,08:51:52.181002823
2354.1,1,08:51:52.183933017
2353.9,2,08:51:52.326387973
2353.9,2,08:51:52.326467818
2353.9,1,08:51:52.326756397
2353.9,1,08:51:52.326948388
2353.9,1,08:51:52.327133009
2353.9,1,08:51:52.327329624
2353.9,2,08:51:52.327483669
2353.9,1,08:51:52.327539750
2353.9,6,08:51:52.327850547
2354.0,1,08:51:52.796303034
2353.9,1,08:51:54.247758064
2353.9,4,08:51:54.247929626
2353.8,2,08:51:54.248424478
2353.8,1,08:51:54.249347856
2353.6,3,08:51:54.968529856
2353.6,1,08:51:54.968544532
2353.6,1,08:51:54.969050095
2353.6,2,08:51:54.969130730
2353.6,3,08:51:54.969554444
2353.6,6,08:51:54.969603149
2353.7,1,08:51:54.969964001
2353.7,1,08:51:54.970996713
2353.7,1,08:51:54.971924824
2353.6,1,08:51:54.978475602
2353.6,2,08:51:54.980023899
2353.7,2,08:51:55.088298623
2353.7,1,08:51:55.088463795
2353.7,1,08:51:55.088846067
2353.7,1,08:51:55.089201934
2353.7,1,08:51:55.379896085
2353.7,2,08:51:56.582455820
2353.7,1,08:51:56.582654296
2353.7,1,08:51:56.584632164
2353.8,1,08:51:56.867222666
2353.6,2,08:51:57.963794928
2353.6,1,08:51:57.963966739
2353.6,2,08:51:57.964022481
2353.6,1,08:51:57.964446294
2353.6,1,08:51:57.964635808
2353.6,2,08:51:57.964686827
2353.5,3,08:51:57.965324289
2353.5,1,08:51:57.965471867
2353.5,1,08:51:57.966411297
2353.4,2,08:51:57.968251558
2353.4,1,08:51:57.968679211
2353.4,1,08:51:57.996091641
2353.4,1,08:51:57.996341720
2353.4,1,08:51:57.996527234
2353.4,1,08:51:58.001585854
2353.4,1,08:51:58.001967467
2353.4,1,08:51:58.022153384
2353.5,4,08:51:59.315854025
2353.5,4,08:51:59.316229092
2353.5,1,08:51:59.316311011
2353.5,1,08:51:59.318184879
2353.4,1,08:52:00.373935330
2353.3,1,08:52:00.408388506
2353.4,1,08:52:00.408388506
2353.5,1,08:52:00.496576210
2353.5,1,08:52:00.813975398
2353.4,4,08:52:00.813975398
2353.5,1,08:52:00.936864242
2353.6,2,08:52:00.978336007
2353.6,1,08:52:01.580290478
2353.5,1,08:52:01.981088569
2353.4,1,08:52:02.205920981
2353.4,1,08:52:02.206090350
2353.4,2,08:52:02.206126754
2353.5,2,08:52:04.282617932
2353.4,1,08:52:04.283501086
2353.6,3,08:52:04.746662169
2353.8,1,08:52:05.049509171
2353.9,1,08:52:05.049524592
2353.9,2,08:52:06.521766364
2354.0,3,08:52:06.897683120
2354.1,1,08:52:07.036703881
2354.1,1,08:52:07.569367326
2354.0,1,08:52:07.580651142
2354.1,1,08:52:07.604077878
2354.2,3,08:52:07.771369417
2354.2,1,08:52:07.771789009
2354.3,2,08:52:07.931151326
2354.3,1,08:52:07.933927032
2354.3,2,08:52:07.934112906
2354.3,1,08:52:08.023816749
2354.4,4,08:52:08.023900609
2354.5,1,08:52:08.074660351
2354.5,2,08:52:08.281577967
2354.6,1,08:52:08.550383605
2354.6,1,08:52:08.550621958
2354.7,1,08:52:08.884714602
2354.7,1,08:52:08.885507501
2354.8,1,08:52:09.615092366
2354.9,1,08:52:09.679892543
2354.9,2,08:52:09.686086331
2354.9,1,08:52:09.686400187
2354.9,1,08:52:09.687451744
2354.8,2,08:52:09.782730118
2354.8,1,08:52:09.910011003
2354.8,2,08:52:09.910525999
2354.9,1,08:52:10.014070490
2354.7,1,08:52:10.254762939
2354.7,1,08:52:10.255453071
2354.6,1,08:52:10.260724611
2354.7,1,08:52:10.277854846
2354.7,1,08:52:10.654833176
2354.7,3,08:52:10.962592901
2354.7,1,08:52:10.962981047
2354.7,2,08:52:12.374041632
2354.8,1,08:52:12.701907697
2354.8,1,08:52:12.702205441
2354.9,1,08:52:13.037021762
2354.9,2,08:52:13.789555239
2354.8,1,08:52:14.460381186
2354.8,1,08:52:14.460584027
2354.8,1,08:52:14.790491540
2354.8,1,08:52:14.791061670
2354.7,1,08:52:15.390628566
2354.7,3,08:52:15.416168438
2354.7,1,08:52:15.416695331
2354.7,2,08:52:16.045817246
2354.7,2,08:52:16.046547974
2354.8,2,08:52:16.147205323
2354.8,1,08:52:16.527062930
2354.9,2,08:52:16.564512934
2354.9,3,08:52:17.330362909
2354.9,1,08:52:17.330915228
2355.0,1,08:52:18.426926635
2355.0,10,08:52:18.426943579
2355.2,9,08:52:18.426943579
2355.1,8,08:52:18.426943579
2355.2,2,08:52:18.428466829
2355.2,2,08:52:18.429431952
2355.2,2,08:52:18.429927230
2355.2,1,08:52:18.430863546
2355.2,1,08:52:18.431202267
2355.2,1,08:52:18.431482659
2355.2,1,08:52:18.431510484
2355.3,4,08:52:18.434355651
2355.2,3,08:52:18.494556977
2355.2,2,08:52:18.503238201
2355.3,4,08:52:18.524674242
2355.2,4,08:52:18.532465211
2355.3,1,08:52:18.532465211
2355.2,5,08:52:18.847439439
2355.1,2,08:52:18.848932896
2355.0,1,08:52:18.870401683
2355.1,2,08:52:18.950034136
2355.2,1,08:52:18.974774614
2355.1,4,08:52:19.095970536
2355.1,2,08:52:19.475779615
2355.0,1,08:52:19.476296133
2355.0,1,08:52:19.476556338
2354.9,2,08:52:19.477784241
2354.9,1,08:52:19.501512916
2354.8,5,08:52:19.778263116
2354.8,1,08:52:19.778756541
2354.9,2,08:52:20.145776502
2354.8,1,08:52:20.146156310
2354.6,1,08:52:20.177680294
2354.7,1,08:52:20.325995748
2354.6,1,08:52:20.504643722
2354.7,2,08:52:20.518903599
2354.6,1,08:52:20.626678465
2354.6,1,08:52:20.626763478
2354.6,1,08:52:20.657490985
2354.5,1,08:52:20.868878000
2354.7,2,08:52:21.036135824
2354.6,1,08:52:21.069708784
2354.5,6,08:52:21.188845800
2354.4,8,08:52:21.188845800
2354.4,2,08:52:21.190337844
2354.3,3,08:52:21.190921236
2354.3,1,08:52:21.191089061
2354.4,4,08:52:21.192026605
2354.3,1,08:52:21.192324935
2354.3,1,08:52:21.193369286
2354.3,1,08:52:21.193775124
2354.3,1,08:52:21.194135413
2354.2,1,08:52:22.054844855
2354.2,1,08:52:22.194753493
2354.2,1,08:52:22.245762788
2354.1,1,08:52:22.714374847
2354.0,1,08:52:23.177687630
2354.0,4,08:52:23.178160984
2354.0,1,08:52:23.178674563
2354.0,2,08:52:23.768925614
2354.1,2,08:52:23.983327962
2354.0,2,08:52:24.192799308
2354.1,1,08:52:24.193601727
2354.2,1,08:52:24.236422478
2354.3,1,08:52:24.360151640
2354.4,1,08:52:24.364084801
2354.4,2,08:52:24.364385194
2354.4,2,08:52:24.434448748
2354.3,2,08:52:24.529271948
2354.4,1,08:52:24.804328865
2354.1,10,08:52:25.433070424
2354.2,7,08:52:25.433070424
2354.0,3,08:52:25.433070424
2354.3,5,08:52:25.433070424
2354.3,1,08:52:25.434894413
2354.3,1,08:52:25.435240916
2354.3,1,08:52:25.436764242
2354.3,1,08:52:25.437704623
2354.3,1,08:52:25.437747610
2354.3,1,08:52:25.437802203
2354.4,1,08:52:25.485824234
2354.4,1,08:52:25.485997659
2354.4,2,08:52:25.487084583
2354.4,2,08:52:25.596594803
2354.4,1,08:52:26.380996005
2354.5,5,08:52:26.585655655
2354.6,2,08:52:26.594402580
2354.6,1,08:52:26.646590477
2354.6,1,08:52:26.652287891
2354.5,2,08:52:26.749601980
2354.5,1,08:52:27.463502085
2354.5,1,08:52:27.614123397
2354.5,1,08:52:28.041470152
2354.4,3,08:52:28.372676933
2354.4,1,08:52:28.373210362
2354.4,1,08:52:28.373407768
2354.4,1,08:52:28.373907371
2354.4,2,08:52:29.589742098
2354.3,1,08:52:29.629141089
2354.3,1,08:52:30.654986369
2354.5,1,08:52:31.101726584
2354.4,1,08:52:31.351561495
2354.6,1,08:52:32.283022128
2354.6,2,08:52:32.283093576
2354.6,1,08:52:32.286695930
2354.6,1,08:52:32.286743822
2354.4,2,08:52:33.405135977
2354.4,1,08:52:34.197207644
2354.5,2,08:52:34.443504208
2354.5,1,08:52:34.447033456
2354.6,1,08:52:35.839184726
2354.5,3,08:52:36.156387821
2354.5,1,08:52:36.570192802
2354.5,1,08:52:36.570235452
2354.5,1,08:52:36.570298269
2354.4,1,08:52:36.601769331
2354.5,3,08:52:36.756162879
2354.5,1,08:52:36.757020715
2354.6,4,08:52:37.018189280
2354.7,6,08:52:37.018189280
2354.8,1,08:52:37.291547880
2354.7,1,08:52:37.459399438
2354.7,2,08:52:37.459663661
2355.0,1,08:52:37.973468968
2355.0,1,08:52:38.224922891
2355.2,4,08:52:38.225539745
2355.1,3,08:52:38.225539745
2355.2,1,08:52:38.228191619
2355.2,1,08:52:38.228316454
2355.2,3,08:52:38.228672240
2355.2,1,08:52:38.228777548
2355.2,2,08:52:38.229856344
2355.2,1,08:52:38.230160837
2355.2,1,08:52:38.230214882
2355.2,2,08:52:38.340889184
2355.1,1,08:52:38.500271151
2355.1,1,08:52:38.935553933
2355.2,1,08:52:39.375674196
2355.1,1,08:52:39.885054071
2355.1,1,08:52:39.913462845
2355.1,1,08:52:39.913669521
2355.1,1,08:52:40.147336686
2355.1,1,08:52:40.191426607
2355.3,1,08:52:40.392402440
2355.3,5,08:52:40.495891907
2355.4,5,08:52:40.637635883
2355.4,3,08:52:40.638185497
2355.4,1,08:52:40.639030653
2355.4,1,08:52:40.639649059
2355.4,2,08:52:41.097097586
2355.5,3,08:52:42.043491866
2355.6,1,08:52:42.043502897
2355.6,1,08:52:42.263403016
2355.4,2,08:52:42.542618549
2355.3,1,08:52:42.728074844
2355.1,7,08:52:43.138523557
2355.2,7,08:52:43.138523557
2355.3,6,08:52:43.138523557
2355.4,5,08:52:43.138523557
2355.0,11,08:52:43.138523557
2354.9,1,08:52:43.138558537
2355.0,2,08:52:43.140700389
2355.0,1,08:52:43.141059039
2355.0,1,08:52:43.141094922
2355.0,1,08:52:43.141419370
2355.0,5,08:52:43.141601233
2355.0,3,08:52:43.141629860
2355.0,1,08:52:43.141670127
2355.0,1,08:52:43.179961328
2355.1,1,08:52:43.350712727
2355.1,1,08:52:43.351137510
2355.1,1,08:52:43.360564218
2355.2,1,08:52:43.642619295
2355.2,2,08:52:43.733565426
2355.2,1,08:52:43.735807801
2355.1,1,08:52:43.895967341
2355.2,1,08:52:43.924809487
2355.1,1,08:52:44.606262079
2355.0,1,08:52:44.716110446
2355.3,1,08:52:45.159630078
2355.3,3,08:52:45.266622433
2355.3,1,08:52:45.267813638
2355.3,2,08:52:45.267845927
2355.2,1,08:52:45.506460459
2355.1,1,08:52:45.663274575
2355.2,1,08:52:46.295306157
2355.2,1,08:52:46.295547486
2355.3,3,08:52:47.343093165
2355.3,1,08:52:47.345795012
2355.3,1,08:52:47.345867474
2355.3,1,08:52:48.602678717
2355.2,1,08:52:49.344038924
2355.2,1,08:52:49.800717729
2355.1,1,08:52:49.985145819
2355.1,1,08:52:49.986373692
2355.2,1,08:52:50.333426964
2355.3,2,08:52:50.338422661
2355.4,3,08:52:50.338422661
2355.3,1,08:52:50.358661674
2355.2,4,08:52:50.710679151
2355.3,1,08:52:50.710679151
2355.4,8,08:52:51.190019633
2355.3,2,08:52:51.190019633
2355.5,1,08:52:51.310257692
2355.5,1,08:52:51.655409949
2355.4,1,08:52:51.692250376
2355.6,5,08:52:51.939495926
2355.6,3,08:52:51.939820471
2355.6,1,08:52:51.939870084
2355.5,1,08:52:51.940490916
2355.5,3,08:52:51.940571087
2355.5,1,08:52:51.940628602
2355.4,1,08:52:52.220082403
2355.4,1,08:52:52.442303925
2355.5,1,08:52:52.546711077
2355.6,5,08:52:53.294055398
2355.6,3,08:52:53.294353125
2355.6,3,08:52:53.294389938
2355.6,1,08:52:53.294599159
2355.6,1,08:52:53.294945636
2355.6,2,08:52:53.294976232
2355.6,3,08:52:53.295216601
2355.5,3,08:52:53.467774857
2355.6,1,08:52:53.533616354
2355.5,1,08:52:53.533616354
2355.6,2,08:52:53.549754757
2355.7,6,08:52:53.550265246
2355.8,5,08:52:53.551180766
2356.0,21,08:52:53.551198171
2355.9,14,08:52:53.551198171
2356.0,2,08:52:53.552834176
2356.0,2,08:52:53.571440109
2356.1,5,08:52:53.678522658
2356.0,1,08:52:53.696189232
2356.0,3,08:52:53.696423368
2355.9,1,08:52:54.021223004
2356.0,1,08:52:54.122811859
2355.8,2,08:52:54.270257689
2355.8,2,08:52:54.520434163
2355.8,1,08:52:54.552584587
2355.8,1,08:52:54.552799074
2355.7,5,08:52:54.770544925
2355.7,2,08:52:54.770893560
2355.8,3,08:52:55.027569017
2355.8,1,08:52:55.068231066
2355.7,1,08:52:55.068775451
2355.6,1,08:52:55.069579208
2355.7,6,08:52:55.510669542
2355.8,4,08:52:55.510669542
2355.5,9,08:52:55.517884344
2355.6,4,08:52:55.517884344
2355.5,1,08:52:55.518853903
2355.5,1,08:52:55.518878076
2355.5,1,08:52:55.537635078
2355.5,1,08:52:55.570709428
2355.6,1,08:52:55.753415429
2355.6,4,08:52:55.921259331
2355.7,1,08:52:55.921259331
2355.4,2,08:52:56.343850857
2355.4,1,08:52:56.345047306
2355.4,1,08:52:56.483621902
2355.5,3,08:52:56.945908615
2355.4,1,08:52:56.946561745
2355.4,1,08:52:56.947990389
2355.5,5,08:52:56.984931264
2355.6,3,08:52:56.984931264
2355.6,3,08:52:57.057819636
2355.3,1,08:52:57.466405205
2355.4,1,08:52:57.466786768
2355.5,2,08:52:58.300320612
2355.5,4,08:52:58.300923114
2355.4,2,08:52:58.301033669
2355.4,1,08:52:58.460719437
2355.4,2,08:52:59.183254249
2355.5,2,08:52:59.530223788
2355.4,2,08:53:00.688081246
2355.3,5,08:53:00.769067632
2355.3,1,08:53:00.774223580
2355.3,1,08:53:00.803212372
2355.3,1,08:53:00.803486771
2355.2,4,08:53:00.814987451
2355.2,1,08:53:00.815034648
2355.2,2,08:53:00.815098173
2355.2,2,08:53:00.815628584
2355.2,4,08:53:00.815681880
2355.2,1,08:53:00.815837231
2355.2,1,08:53:00.815875129
2355.2,1,08:53:00.816057319
2355.3,1,08:53:00.816247784
2355.2,6,08:53:00.816317763
2355.2,1,08:53:00.816364525
2355.2,1,08:53:00.816509549
2355.3,1,08:53:00.818808382
2355.3,1,08:53:00.819189945
2355.3,1,08:53:00.819957212
2355.4,1,08:53:00.919927824
2355.3,3,08:53:01.040358384
2355.3,1,08:53:01.042590359
2355.3,2,08:53:01.042867888
2355.5,1,08:53:01.792392657
2355.6,1,08:53:01.946527588
2355.4,2,08:53:02.564582502
2355.4,1,08:53:02.564619277
2355.3,1,08:53:02.567217393
2355.2,2,08:53:02.662932121
2355.2,1,08:53:02.663138028
2355.2,1,08:53:02.663441503
2355.2,1,08:53:02.758885041
2355.2,1,08:53:02.758934126
2355.2,1,08:53:02.758972534
2355.2,1,08:53:02.759021028
2355.1,3,08:53:02.759429621
2355.1,2,08:53:02.759584614
2355.2,1,08:53:02.759713903
2355.0,3,08:53:03.029692503
2354.9,1,08:53:03.029705962
2354.9,2,08:53:03.456489750
2355.0,2,08:53:03.480352410
2355.0,5,08:53:03.481260712
2355.0,1,08:53:03.988912097
2355.0,1,08:53:03.989154082
2355.0,1,08:53:04.362219191
2355.1,2,08:53:04.363168045
2355.2,1,08:53:04.364833394
2355.2,1,08:53:04.550138316
2355.2,1,08:53:04.668095594
2355.3,1,08:53:04.672146744
2355.3,2,08:53:04.672425674
2355.3,1,08:53:04.672488460
2355.2,1,08:53:04.878893691
2355.2,1,08:53:04.952264285
2355.1,1,08:53:05.621406985
2355.1,3,08:53:06.032153638
2355.0,1,08:53:06.407712968
2355.0,2,08:53:07.085764038
2355.0,1,08:53:07.086091795
2355.0,1,08:53:07.086607921
2355.1,1,08:53:08.170372589
2355.0,3,08:53:09.527754300
2355.0,1,08:53:09.528280842
2355.0,1,08:53:09.528734114
2355.0,1,08:53:09.529332972
2355.0,1,08:53:09.529546608
2355.1,2,08:53:10.112404332
2355.1,2,08:53:10.112660510
2355.1,1,08:53:10.113351170
2355.1,1,08:53:10.140803038
2355.0,1,08:53:10.205606080
2354.9,5,08:53:10.540153230
2354.9,2,08:53:10.546227625
2355.0,1,08:53:11.189335374
2355.0,1,08:53:11.280611848
2355.1,1,08:53:12.245722075
2355.2,1,08:53:12.258257648
2355.2,1,08:53:12.513277335
2355.3,1,08:53:13.640161833
2355.1,5,08:53:14.115177545
2355.0,1,08:53:14.365337297
2354.9,2,08:53:16.081798043
2354.9,2,08:53:16.330347877
2354.8,1,08:53:16.764919238
2354.9,1,08:53:17.184812481
2354.8,4,08:53:17.341195335
2354.8,2,08:53:18.011309000
2355.0,5,08:53:18.663972523
2355.0,1,08:53:18.693305031
2355.0,1,08:53:18.693481229
2355.0,1,08:53:18.693511696
2354.9,1,08:53:18.915182383
2354.9,1,08:53:19.089815718
2354.8,1,08:53:20.165831424
2354.8,1,08:53:20.266545886
2354.8,1,08:53:21.185683236
2354.7,2,08:53:21.276274947
2354.6,6,08:53:21.444876804
2354.5,1,08:53:21.444890788
2354.6,3,08:53:21.682494541
2354.7,5,08:53:21.682971069
2354.6,1,08:53:21.682971069
2354.6,1,08:53:22.445168168
2354.6,1,08:53:22.445558173
2354.6,2,08:53:22.755833776
2354.7,1,08:53:23.390717628
2354.7,1,08:53:23.391285246
2354.6,1,08:53:23.392982173
2354.5,1,08:53:24.930977508
2354.4,2,08:53:24.933315862
2354.3,2,08:53:26.189148370
2354.2,1,08:53:26.189157880
2354.3,2,08:53:26.311578672
2354.4,1,08:53:26.806321925
2354.5,1,08:53:26.868976269
2354.3,1,08:53:27.098209401
2354.4,1,08:53:27.100781547
2354.5,2,08:53:27.840646706
2354.6,3,08:53:27.857621128
2354.6,1,08:53:27.990166884
2354.5,1,08:53:28.750648254
2354.6,1,08:53:29.403293755
2354.6,1,08:53:29.404148585
2354.7,3,08:53:30.931880081
2354.7,2,08:53:31.616869223
2354.8,1,08:53:32.208570362
2354.9,1,08:53:32.441084443
2354.9,1,08:53:32.441332310
2354.9,1,08:53:32.482760379
2355.0,1,08:53:32.566041803
2354.8,1,08:53:33.300670580
2354.8,1,08:53:33.300709346
2354.8,1,08:53:33.300740211
2354.9,3,08:53:33.465069904
2354.8,1,08:53:33.487052695
2354.8,1,08:53:33.516374186
2354.8,1,08:53:33.516584805
2355.0,9,08:53:34.261211868
2355.0,1,08:53:34.995185255
2355.0,1,08:53:34.995284797
2354.9,1,08:53:35.639758879
2355.0,2,08:53:35.966772517
2355.0,1,08:53:35.967336112
2355.1,1,08:53:35.971000554
2354.9,5,08:53:37.836135423
2354.9,4,08:53:37.836743138
2354.9,1,08:53:37.836939446
2355.0,1,08:53:37.954370102
2355.0,1,08:53:38.097052182
2355.0,1,08:53:38.141052585
2355.0,1,08:53:38.571882539
2355.0,1,08:53:39.406371010
2355.0,1,08:53:40.215908837
2355.1,2,08:53:40.216230465
2355.1,1,08:53:40.216313559
2355.0,2,08:53:40.480786189
2355.1,3,08:53:40.480786189
2355.1,1,08:53:40.481790555
2355.0,3,08:53:40.510420809
2355.1,1,08:53:40.511713808
2355.0,1,08:53:41.148212112
2355.0,1,08:53:41.281642669
2355.1,1,08:53:41.596967169
2355.1,2,08:53:41.602583468
2355.1,1,08:53:41.602968832
2355.3,2,08:53:41.617372268
2355.3,1,08:53:41.617816859
2355.2,1,08:53:41.648099585
2355.3,2,08:53:41.718478190
2355.2,2,08:53:41.719053964
2355.1,1,08:53:41.917287551
2355.2,1,08:53:42.033576944
2355.2,1,08:53:42.853868134
2355.2,1,08:53:43.013120562
2355.2,1,08:53:43.013358708
2355.0,1,08:53:44.345442681
2355.0,1,08:53:44.379771712
2355.1,1,08:53:44.413504216
2355.1,1,08:53:44.596273754
2355.0,1,08:53:45.667937794
2355.0,1,08:53:45.912548002
2355.1,1,08:53:45.912933933
2355.1,1,08:53:45.912969777
2355.0,1,08:53:46.308017770
2355.1,1,08:53:47.185906937
2355.1,2,08:53:47.186204524
2355.1,1,08:53:47.366081951
2355.1,2,08:53:48.428660940
2355.1,1,08:53:48.429162825
2355.1,1,08:53:48.430087477
2354.9,1,08:53:48.828268664
2354.9,1,08:53:50.251361686
2354.9,1,08:53:50.645826608
2354.9,1,08:53:50.646129382
2354.9,2,08:53:52.680910217
2354.7,1,08:53:52.681779925
2354.8,1,08:53:52.681779925
2354.9,3,08:53:52.681908787
2354.8,1,08:53:52.682566731
2354.8,1,08:53:52.683721259
2354.9,1,08:53:52.684120819
2354.8,1,08:53:52.684120819
2354.9,1,08:53:52.770791158
2355.0,2,08:53:53.032856655
2354.9,1,08:53:54.041329229
2355.0,1,08:53:54.892041765
2355.1,1,08:53:56.020856654
2355.2,1,08:53:56.031795121
2355.3,1,08:53:56.135109299
2355.4,3,08:53:56.177715069
2355.2,2,08:53:56.632110521
2355.3,1,08:53:56.638357165
2355.4,1,08:53:56.754190257
2355.2,1,08:53:57.862366744
2355.2,1,08:54:00.055592951
2355.3,2,08:54:00.766501966
2355.4,2,08:54:00.852282929
2355.4,2,08:54:00.852692902
2355.5,1,08:54:02.284670018
2355.5,1,08:54:02.287867126
2355.4,3,08:54:02.879388033
2355.4,1,08:54:02.884291714
2355.5,1,08:54:03.163294940
2355.5,1,08:54:03.744382573
2355.5,1,08:54:03.744816399
2355.5,2,08:54:03.930744365
2355.5,1,08:54:03.931244935
2355.4,2,08:54:04.619771686
2355.4,2,08:54:04.681161678
2355.5,4,08:54:05.085289794
2355.4,1,08:54:06.449260637
2355.4,1,08:54:06.733137309
2355.4,1,08:54:07.310821469
2355.6,1,08:54:07.313357917
2355.6,1,08:54:08.200939058
2355.7,1,08:54:09.726887408
2355.8,1,08:54:10.343170993
2355.8,4,08:54:10.801077649
2355.7,1,08:54:11.028030744
2355.7,1,08:54:11.194421346
2355.7,1,08:54:11.194971521
2355.6,2,08:54:11.195849577
2355.5,1,08:54:11.657269750
2355.5,4,08:54:11.657581469
2355.4,1,08:54:11.658605819
2355.4,5,08:54:11.659209006
2355.3,1,08:54:11.681293111
2355.3,3,08:54:11.681717107
2355.2,1,08:54:11.744822594
2355.3,1,08:54:11.985294948
2355.2,3,08:54:12.005746931
2355.0,2,08:54:12.169360408
2355.0,1,08:54:12.170547814
2355.1,2,08:54:12.248762899
2355.0,1,08:54:12.257796012
2355.0,1,08:54:12.494365835
2355.0,1,08:54:12.494636871
2354.9,1,08:54:12.534431258
2354.9,2,08:54:12.534446602
2354.9,1,08:54:12.534893578
2354.9,1,08:54:12.535903576
2354.8,1,08:54:12.594982732
2354.9,3,08:54:12.610293447
2354.9,1,08:54:12.611182313
2355.0,4,08:54:13.667513736
2354.9,2,08:54:13.671757277
2354.8,1,08:54:13.749592092
2354.8,2,08:54:13.749842849
2354.9,1,08:54:14.307490961
2354.9,1,08:54:14.307739772
2354.9,1,08:54:14.307997477
2354.8,1,08:54:14.446585416
2355.0,1,08:54:15.040156761
2354.8,1,08:54:15.154359730
2354.8,1,08:54:16.301219130
2354.8,2,08:54:16.338365513
2354.8,2,08:54:16.338651663
2354.7,1,08:54:16.691019790
2354.8,1,08:54:16.699532352
2354.8,2,08:54:16.829465351
2354.6,1,08:54:20.130983319
2354.7,2,08:54:20.813033894
2354.7,5,08:54:21.194727129
2354.6,8,08:54:21.194727129
2354.3,11,08:54:21.194727129
2354.5,13,08:54:21.194727129
2354.4,13,08:54:21.194727129
2354.4,1,08:54:21.199627227
2354.4,1,08:54:21.200347952
2354.4,1,08:54:21.201228885
2354.3,1,08:54:21.279033049
2354.2,1,08:54:21.417032504
2354.2,1,08:54:21.417047450
2354.2,1,08:54:21.436036548
2354.3,4,08:54:21.584540419
2354.2,1,08:54:21.888929756
2354.4,1,08:54:21.989598836
2354.3,1,08:54:22.033610895
2354.3,2,08:54:22.151770853
2354.3,1,08:54:23.274328298
2354.4,2,08:54:23.277680328
2354.4,2,08:54:23.600450420
2354.5,1,08:54:24.784930487
2354.5,1,08:54:24.823646297
2354.5,1,08:54:24.824461458
2354.5,3,08:54:25.060296594
2354.5,1,08:54:25.060563150
2354.5,1,08:54:25.158375854
2354.4,1,08:54:25.237735638
2354.4,1,08:54:25.343344892
2354.6,5,08:54:25.380268480
2354.5,5,08:54:25.380268480
2354.6,2,08:54:26.281121530
2354.6,1,08:54:26.283626297
2354.6,2,08:54:27.779774308
2354.7,3,08:54:27.991781315
2354.6,1,08:54:30.220035190
2354.7,1,08:54:31.126223555
2354.7,1,08:54:32.400967144
2354.7,1,08:54:32.755192749
2354.8,4,08:54:32.757276074
2354.8,2,08:54:32.757778964
2354.8,1,08:54:32.757899972
2354.8,1,08:54:32.954348730
2354.9,1,08:54:34.534607661
2355.0,1,08:54:35.137777164
2354.9,1,08:54:35.680546797
2355.1,1,08:54:36.375001010
2355.1,1,08:54:37.204649682
2355.1,1,08:54:37.701833893
2354.8,1,08:54:40.065125629
2354.8,1,08:54:40.113328266
2354.8,2,08:54:40.113693992
2354.9,1,08:54:40.225013593
2354.7,1,08:54:40.821449041
2354.6,1,08:54:42.555779541
2354.8,2,08:54:43.143721609
2354.8,1,08:54:44.362633258
2354.8,1,08:54:44.363475835
2354.8,2,08:54:45.034670746
2354.8,1,08:54:45.034744433
2354.6,1,08:54:45.913261724
2354.6,2,08:54:47.133900158
2354.6,1,08:54:47.134781590
2354.6,1,08:54:47.134999297
2354.8,1,08:54:48.425421385
2354.7,1,08:54:48.777977651
2354.7,1,08:54:48.853457545
2354.6,2,08:54:48.853457545
2354.7,1,08:54:49.594384596
2354.7,1,08:54:49.850376544
2354.6,1,08:54:49.869555928
2354.6,1,08:54:51.507294348
2354.6,1,08:54:51.508426041
2354.6,1,08:54:51.508807073
2354.7,1,08:54:52.026198141
2354.8,1,08:54:53.104001844
2354.7,2,08:54:55.382433655
2354.8,1,08:54:55.621473941
2354.5,1,08:54:57.872404840
2354.5,1,08:54:57.872433381
2354.5,1,08:54:57.872467844
2354.6,1,08:54:58.044191286
2354.6,1,08:54:59.496569363
2354.5,2,08:55:00.029047683
2354.5,1,08:55:00.029082011
2354.5,1,08:55:00.033040705
2354.4,3,08:55:00.115994093
2354.4,1,08:55:00.116368210
2354.3,2,08:55:00.190741637
2354.3,2,08:55:00.565404120
2354.3,1,08:55:00.824464478
2354.3,1,08:55:01.173356127
2354.4,1,08:55:01.203178001
2354.5,1,08:55:01.359178356
2354.4,1,08:55:02.383560579
2354.4,1,08:55:05.636337652
2354.4,1,08:55:05.636810707
2354.3,3,08:55:05.883152450
2354.4,1,08:55:06.523851014
2354.2,1,08:55:06.627406215
2354.2,1,08:55:06.627419809
2354.4,1,08:55:06.689381963
2354.3,1,08:55:07.483821377
2354.2,2,08:55:07.608224310
2354.4,1,08:55:07.833809816
2354.5,1,08:55:08.821176498
2354.5,1,08:55:09.462945920
2354.5,1,08:55:11.681041046
2354.5,1,08:55:11.681597722
2354.5,1,08:55:11.682625766
2354.5,1,08:55:13.111509222
2354.6,1,08:55:13.915720069
2354.5,1,08:55:15.014303574
2354.5,1,08:55:16.334476849
2354.5,1,08:55:16.335487999
2354.6,1,08:55:17.012079549
2354.5,1,08:55:17.038736069
2354.6,1,08:55:19.228402789
2354.7,1,08:55:19.636272644
2354.7,1,08:55:19.636326181
2354.6,9,08:55:19.765687585
2354.5,8,08:55:19.765687585
2354.7,2,08:55:19.765687585
2354.5,1,08:55:19.766853557
2354.5,1,08:55:19.766885686
2354.5,1,08:55:19.766925860
2354.5,1,08:55:19.766943607
2354.5,1,08:55:19.766960171
2354.5,1,08:55:19.766977736
2354.5,1,08:55:19.767043203
2354.5,1,08:55:19.767252762
2354.5,1,08:55:19.768114728
2354.4,3,08:55:19.768145199
2354.4,1,08:55:19.771177916
2354.4,1,08:55:19.774163106
2354.3,1,08:55:19.794138795
2354.2,2,08:55:20.256984646
2354.2,2,08:55:21.050659779
2354.1,1,08:55:21.151496600
2354.3,1,08:55:21.712262015
2354.3,1,08:55:21.712344871
2354.2,1,08:55:22.064298576
2354.2,1,08:55:22.067789565
2354.1,1,08:55:22.241565414
2354.0,4,08:55:22.973065984
2354.0,5,08:55:22.973358745
2354.0,1,08:55:22.974365662
2354.0,1,08:55:22.993348853
2354.3,4,08:55:24.296241512
2354.1,10,08:55:24.349262600
2354.0,9,08:55:24.349262600
2354.2,1,08:55:24.349262600
2354.1,1,08:55:24.351693475
2353.9,2,08:55:24.788581523
2354.0,5,08:55:24.788581523
2353.9,1,08:55:24.788597818
2354.0,1,08:55:24.790430380
2354.0,1,08:55:24.889534322
2354.1,2,08:55:25.902729007
2354.1,3,08:55:27.530038852
2354.0,1,08:55:27.595791079
2354.1,1,08:55:27.657921976
2354.1,1,08:55:27.658684951
2354.1,1,08:55:27.658761963
2354.0,1,08:55:29.250094824
2354.0,1,08:55:29.250565665
2354.0,3,08:55:29.496478442
2354.0,1,08:55:29.644873479
2354.0,1,08:55:29.988662604
2354.1,1,08:55:30.217782142
2354.0,3,08:55:30.452607778
2354.1,1,08:55:32.620863830
2354.2,1,08:55:32.621421576
2354.1,3,08:55:33.648477100
2354.0,1,08:55:33.648477100
2354.1,1,08:55:33.650434182
2354.3,1,08:55:34.420341767
2354.3,1,08:55:34.420660337
2354.3,1,08:55:34.533702241
2354.4,1,08:55:34.734565606
2354.4,1,08:55:35.318200689
2354.4,1,08:55:36.160607499
2354.5,2,08:55:36.425431637
2354.5,1,08:55:36.426520971
2354.5,1,08:55:36.634918479
2354.4,1,08:55:38.266247111
2354.4,2,08:55:38.500996513
2354.5,1,08:55:38.502448065
2354.5,1,08:55:38.502909899
2354.5,1,08:55:38.765522192
2354.5,8,08:55:38.765552417
2354.5,1,08:55:38.765594735
2354.5,1,08:55:38.765731498
2354.5,2,08:55:38.765872903
2354.5,1,08:55:38.765937468
2354.5,1,08:55:38.766039214
2354.5,1,08:55:38.766116540
2354.6,4,08:55:38.766347921
2354.4,3,08:55:38.766652221
2354.4,1,08:55:38.766833253
2354.5,3,08:55:38.766833253
2354.5,1,08:55:38.767005816
2354.6,2,08:55:38.767821128
2354.7,1,08:55:38.767821128
2354.6,1,08:55:38.769054548
2354.6,1,08:55:38.769980749
2354.5,1,08:55:38.770075116
2354.6,1,08:55:38.771157912
2354.6,1,08:55:38.772619369
2354.4,1,08:55:39.030421959
2354.3,1,08:55:39.583375556
2354.3,1,08:55:39.583411902
2354.3,3,08:55:39.583613093
2354.2,1,08:55:39.707998035
2354.2,1,08:55:39.708038346
2354.2,1,08:55:39.708076561
2353.9,2,08:55:40.699071184
2354.0,1,08:55:41.280837930
2353.9,1,08:55:41.342259593
2353.8,4,08:55:41.372157259
2353.9,1,08:55:41.372157259
2353.9,1,08:55:41.373284585
2353.9,1,08:55:41.373992810
2353.9,1,08:55:41.593456158
2354.0,1,08:55:42.971739795
2354.0,1,08:55:43.262155110
2353.9,1,08:55:43.373226870
2354.0,1,08:55:43.462622279
2354.0,1,08:55:44.396813930
2354.1,1,08:55:44.828148699
2354.0,1,08:55:46.097478730
2354.1,1,08:55:46.388032925
2354.0,1,08:55:47.050191217
2354.1,1,08:55:47.151659426
2354.0,1,08:55:47.667066058
2354.2,1,08:55:48.243941368
2353.9,6,08:55:49.324669668
2354.0,4,08:55:49.324669668
2354.0,1,08:55:50.121073845
2353.9,1,08:55:50.121240092
2354.0,1,08:55:50.121573539
2354.0,1,08:55:50.122335663
2354.0,1,08:55:51.859298601
2353.9,5,08:55:51.961957995
2353.9,1,08:55:52.461283459
2353.8,2,08:55:53.453053657
2353.8,2,08:55:53.453066425
2353.8,1,08:55:53.686062550
2353.8,1,08:55:53.762980213
2353.8,1,08:55:53.812508226
2353.6,9,08:55:54.046325091
2353.8,1,08:55:54.046325091
2353.7,5,08:55:54.046325091
2353.5,10,08:55:54.046325091
2353.4,1,08:55:54.046402600
2353.4,8,08:55:54.046410446
2353.3,2,08:55:54.046410446
2353.3,1,08:55:54.046563426
2353.3,4,08:55:54.046569800
2353.5,1,08:55:54.048076899
2353.5,1,08:55:54.051319307
2353.6,1,08:55:54.052174291
2353.6,1,08:55:54.052212989
2353.6,1,08:55:54.054140410
2353.5,1,08:55:54.404822637
2353.6,1,08:55:54.405714568
2353.5,1,08:55:55.516792065
2353.7,1,08:55:55.570086300
2353.6,2,08:55:56.359288407
2353.6,1,08:55:56.904903862
2353.7,3,08:55:56.990509307
2353.7,2,08:55:56.990917048
2353.4,1,08:55:57.719077948
2353.5,2,08:55:57.719077948
2353.4,5,08:55:57.720024313
2353.4,1,08:55:57.720125966
2353.4,1,08:55:57.720292897
2353.5,4,08:55:57.725025875
2353.5,1,08:55:57.726498744
2353.6,1,08:55:57.726732320
2353.6,1,08:55:57.730425716
2353.6,1,08:55:57.730815192
2353.6,1,08:55:57.822546731
2353.7,1,08:55:57.942304549
2353.5,3,08:55:58.546238400
2353.6,1,08:55:58.546655442
2353.6,1,08:55:58.547334147
2353.7,1,08:55:59.922424628
2353.7,1,08:55:59.922713110
2353.7,1,08:55:59.923411480
2353.7,1,08:56:00.030174450
2353.7,1,08:56:00.030463766
2353.6,4,08:56:00.328442861
2353.6,1,08:56:00.329090631
2353.5,5,08:56:00.329090631
2353.6,1,08:56:00.399274193
2353.5,1,08:56:01.024720603
2353.5,1,08:56:01.374609159
2353.6,1,08:56:01.764067950
2353.5,1,08:56:02.501742665
2353.5,1,08:56:02.923129876
2353.6,1,08:56:03.458221791
2353.5,1,08:56:03.618460088
2353.4,2,08:56:06.669016568
2353.5,1,08:56:07.165968981
2353.4,5,08:56:07.662654397
2353.4,1,08:56:07.670773195
2353.4,1,08:56:07.672441545
2353.5,1,08:56:07.912237426
2353.6,3,08:56:08.269074959
2353.5,1,08:56:08.271139983
2353.4,2,08:56:08.587681841
2353.3,3,08:56:08.598775933
2353.3,2,08:56:08.599551229
2353.3,1,08:56:08.599621975
2353.3,1,08:56:08.599852531
2353.3,1,08:56:08.713265743
2353.4,3,08:56:08.741706993
2353.2,1,08:56:09.909121075
2353.2,1,08:56:09.909145872
2353.2,1,08:56:10.026465708
2353.2,1,08:56:10.530372521
2353.2,1,08:56:11.291636517
2353.2,1,08:56:11.460102326
2353.2,1,08:56:11.540056780
2353.2,4,08:56:11.843534105
2353.3,1,08:56:11.860720321
2353.3,1,08:56:11.861330835
2353.3,4,08:56:11.864052186
2353.4,1,08:56:11.864052186
2353.2,2,08:56:12.093895302
2353.2,5,08:56:12.214384616
2353.3,1,08:56:12.386097609
2353.3,1,08:56:12.386699615
2353.3,1,08:56:12.926359292
2353.2,5,08:56:13.730731693
2353.2,1,08:56:14.064542214
2353.1,2,08:56:14.064542214
2353.1,1,08:56:15.605571612
2353.1,2,08:56:16.302045958
2353.2,3,08:56:16.626434608
2353.2,1,08:56:16.626698441
2353.1,1,08:56:17.554165527
2353.1,1,08:56:17.607281764
2353.2,1,08:56:17.665569625
2353.2,1,08:56:17.690804751
2353.1,1,08:56:18.653027583
2353.2,3,08:56:19.489380744
2353.2,1,08:56:19.490005263
2353.2,1,08:56:19.490648985
2353.1,1,08:56:20.219012796
2353.1,1,08:56:20.279253456
2353.2,2,08:56:20.878853265
2353.2,1,08:56:21.300781383
2353.2,4,08:56:22.125270201
2353.2,1,08:56:23.647237589
2353.0,8,08:56:23.849688239
2352.9,1,08:56:23.849701615
2353.0,1,08:56:23.850483061
2353.0,1,08:56:23.851240747
2353.1,1,08:56:24.022954865
2353.2,1,08:56:24.605538049
2353.1,1,08:56:25.003117100
2353.1,1,08:56:25.004013413
2353.1,1,08:56:25.897590179
2353.1,1,08:56:26.586720760
2353.1,2,08:56:27.191339839
2353.0,2,08:56:27.191339839
2353.0,2,08:56:28.072381951
2352.9,1,08:56:28.075894521
2352.9,1,08:56:28.076702038
2352.9,2,08:56:28.079277943
2352.9,1,08:56:28.079524555
2353.0,8,08:56:28.109747997
2352.9,1,08:56:28.121202624
2352.9,1,08:56:28.142597471
2352.9,2,08:56:28.417952678
2352.8,1,08:56:28.429253234
2352.7,2,08:56:28.473064914
2352.6,1,08:56:28.473077192
2352.7,2,08:56:28.475194186
2352.7,1,08:56:28.475356320
2352.8,1,08:56:28.578794894
2352.8,1,08:56:28.579303400
2352.7,1,08:56:28.806768691
2352.7,1,08:56:30.016222453
2352.7,2,08:56:30.144614782
2352.7,1,08:56:31.092493419
2352.8,3,08:56:32.465923908
2352.8,2,08:56:32.466178064
2352.8,1,08:56:32.468033886
2352.8,1,08:56:32.468307015
2352.8,3,08:56:32.721632083
2352.8,3,08:56:32.721695936
2352.8,1,08:56:32.721848698
2352.8,6,08:56:32.722095573
2352.9,2,08:56:32.722380943
2352.9,1,08:56:32.723430221
2352.8,1,08:56:33.150825795
2352.9,1,08:56:33.719861079
2353.0,1,08:56:33.740051086
2352.9,1,08:56:34.410335225
2352.9,2,08:56:34.767130687
2352.9,1,08:56:34.767183113
2352.8,1,08:56:34.867786473
2352.9,1,08:56:35.066044455
2352.8,1,08:56:35.222243937
2352.8,2,08:56:35.222514711
2352.8,2,08:56:35.222547774
2352.8,1,08:56:35.222601627
2352.8,1,08:56:35.222760965
2352.8,2,08:56:35.223043508
2352.8,1,08:56:35.223119708
2352.8,6,08:56:35.223494225
2352.9,2,08:56:35.223612755
2352.9,1,08:56:35.226209028
2352.8,2,08:56:35.390903868
2352.8,2,08:56:35.391198523
2352.8,1,08:56:35.391382812
2352.8,4,08:56:35.391493752
2352.9,1,08:56:35.775887752
2352.9,1,08:56:38.155652532
2352.9,1,08:56:38.155900389
2352.9,1,08:56:38.805606922
2352.9,1,08:56:38.807862065
2352.8,1,08:56:38.817266200
2352.7,1,08:56:39.134181546
2352.5,11,08:56:39.575880285
2352.6,3,08:56:39.575880285
2352.4,2,08:56:39.575896112
2352.5,1,08:56:39.577041511
2352.5,1,08:56:39.577113989
2352.5,1,08:56:39.577211508
2352.5,1,08:56:39.577535496
2352.5,2,08:56:39.577736527
2352.4,5,08:56:39.579195017
2352.5,2,08:56:39.579195017
2352.5,1,08:56:39.579548170
2352.5,1,08:56:39.579791339
2352.5,1,08:56:39.580715550
2352.6,1,08:56:39.587694382
2352.5,2,08:56:39.832996046
2352.6,1,08:56:39.948859239
2352.8,6,08:56:40.281869079
2352.7,5,08:56:40.281869079
2352.7,1,08:56:40.283298376
2352.7,1,08:56:40.284676275
2352.7,1,08:56:40.285036177
2352.7,1,08:56:40.608203299
2352.7,1,08:56:40.608735262
2352.8,1,08:56:43.353763728
2352.7,1,08:56:44.333326287
2352.7,2,08:56:45.159049519
2352.9,5,08:56:45.598922489
2353.0,1,08:56:45.600806456
2353.0,1,08:56:45.600996604
2353.0,1,08:56:45.604701373
2353.1,3,08:56:45.624195087
2353.2,2,08:56:45.629889272
2353.1,1,08:56:45.635700985
2353.3,4,08:56:45.638544665
2353.4,2,08:56:45.640906009
2353.5,1,08:56:45.654234347
2353.5,1,08:56:45.654320288
2353.5,2,08:56:45.656255242
2353.5,1,08:56:45.667965356
2353.6,1,08:56:45.711631802
2353.6,1,08:56:45.711867324
2353.7,1,08:56:45.812627917
2353.8,1,08:56:45.812642061
2353.7,1,08:56:45.812642061
2353.6,1,08:56:45.871495155
2353.7,1,08:56:45.944790920
2353.6,2,08:56:46.124781872
2353.6,1,08:56:46.144588792
2353.6,1,08:56:46.145363748
2353.6,1,08:56:46.151361511
2353.6,1,08:56:46.157288420
2353.7,3,08:56:46.166519697
2353.8,1,08:56:46.168239239
2353.8,1,08:56:46.333552235
2353.8,1,08:56:47.280322241
2353.9,1,08:56:47.298556319
2354.0,3,08:56:47.455306865
2354.0,2,08:56:47.455549729
2354.0,1,08:56:47.456049185
2354.0,1,08:56:47.483062695
2354.1,6,08:56:47.607296218
2354.2,3,08:56:47.607296218
2354.2,3,08:56:47.621988036
2354.2,1,08:56:47.622020168
2354.2,2,08:56:47.623540427
2354.3,1,08:56:47.662534236
2354.2,1,08:56:47.662965121
2354.3,1,08:56:47.684247505
2354.3,1,08:56:47.684824604
2354.3,2,08:56:47.730319924
2354.3,1,08:56:47.730937987
2354.4,1,08:56:47.796301690
2354.4,1,08:56:47.821963097
2354.3,1,08:56:47.878557235
2354.3,1,08:56:47.878728444
2354.3,1,08:56:47.878931053
2354.4,3,08:56:47.890627603
2354.5,1,08:56:47.895310263
2354.6,1,08:56:47.895317143
2354.6,1,08:56:47.896615150
2354.7,1,08:56:47.958112872
2354.6,2,08:56:47.970566994
2354.6,1,08:56:47.970617558
2354.6,2,08:56:47.970891747
2354.7,1,08:56:47.972942565
2354.7,1,08:56:47.988526517
2354.8,1,08:56:48.025465552
2354.8,1,08:56:48.075887973
2354.8,1,08:56:48.076239960
2354.9,1,08:56:48.115786824
2354.9,1,08:56:48.145699404
2354.8,3,08:56:48.148721000
2354.9,1,08:56:48.154593490
2354.9,1,08:56:48.154824980
2355.0,2,08:56:48.207425178
2355.0,1,08:56:48.208203229
2354.9,1,08:56:48.223743993
2354.9,2,08:56:48.224073091
2354.8,2,08:56:48.272209244
2354.9,1,08:56:48.315942700
2354.9,1,08:56:48.315991351
2354.9,1,08:56:48.358935959
2354.8,1,08:56:48.377462195
2354.8,1,08:56:48.405372309
2354.8,1,08:56:48.405652169
2354.9,1,08:56:48.432847166
2354.9,1,08:56:48.433243267
2354.8,1,08:56:48.832370604
2354.7,2,08:56:48.928321755
2354.6,2,08:56:49.088190843
2354.6,2,08:56:49.234906646
2354.7,1,08:56:49.367894854
2354.8,1,08:56:49.834699965
2354.9,1,08:56:50.013236190
2354.9,1,08:56:50.235616288
2354.9,1,08:56:50.237318492
2354.9,1,08:56:50.237519350
2354.9,1,08:56:50.713371907
2355.0,2,08:56:50.903901873
2355.0,2,08:56:50.977854650
2355.0,2,08:56:50.990856216
2354.9,1,08:56:51.526664231
2354.8,2,08:56:51.563831338
2354.7,1,08:56:51.799895794
2354.7,1,08:56:52.898377841
2354.7,2,08:56:53.064105762
2354.7,1,08:56:53.064422674
2354.6,1,08:56:53.308317483
2354.8,1,08:56:53.336175502
2354.8,1,08:56:53.580760932
2354.8,1,08:56:53.581010934
2354.6,1,08:56:53.781238580
2354.7,1,08:56:53.940212203
2354.6,1,08:56:54.327227910
2354.5,2,08:56:54.328279896
2354.6,2,08:56:54.552106684
2354.6,1,08:56:54.552148185
2354.6,1,08:56:54.554691017
2354.5,1,08:56:55.034855883
2354.5,1,08:56:55.114153487
2354.5,1,08:56:55.114393118
2354.6,1,08:56:55.115781050
2354.6,1,08:56:55.220321181
2354.7,2,08:56:55.867241440
2354.7,1,08:56:55.868236993
2354.8,2,08:56:55.952344627
2354.7,1,08:56:56.025331685
2354.8,2,08:56:56.488354270
2354.8,1,08:56:56.489194536
2354.8,1,08:56:56.705467843
2354.8,1,08:56:56.831450715
2354.8,1,08:56:56.947195045
2355.0,2,08:56:57.239497830
2355.0,1,08:56:57.332326574
2355.0,1,08:56:57.483684083
2354.9,3,08:56:58.287217378
2355.0,1,08:56:58.287217378
2355.0,1,08:56:58.288107729
2355.0,1,08:56:58.288334412
2355.0,1,08:56:58.438321917
2355.0,1,08:56:58.507170053
2355.0,1,08:56:58.539778755
2354.9,1,08:56:58.802509051
2354.9,1,08:56:59.420376373
2354.8,5,08:56:59.448610999
2354.9,1,08:57:00.072990670
2354.9,2,08:57:00.361565064
2355.0,1,08:57:00.986214283
2354.6,10,08:57:01.251897356
2354.7,8,08:57:01.251897356
2354.9,1,08:57:01.251897356
2354.8,10,08:57:01.251897356
2354.6,1,08:57:01.253568032
2354.6,1,08:57:01.253637780
2354.6,1,08:57:01.253675586
2354.6,1,08:57:01.253983605
2354.6,1,08:57:01.254023724
2354.6,1,08:57:01.254056960
2354.6,1,08:57:01.254232340
2354.6,1,08:57:01.254373597
2354.6,2,08:57:01.254390334
2354.6,2,08:57:01.254435013
2354.6,1,08:57:01.254459893
2354.6,1,08:57:01.255333271
2354.5,7,08:57:01.255418296
2354.5,1,08:57:01.256138826
2354.4,4,08:57:01.257732388
2354.4,1,08:57:01.259248310
2354.3,1,08:57:01.285380509
2354.3,1,08:57:01.286320342
2354.3,1,08:57:01.286422082
2354.4,5,08:57:01.320199145
2354.3,1,08:57:01.383824294
2354.4,2,08:57:01.385181201
2354.3,1,08:57:01.485516055
2354.4,1,08:57:01.527833709
