price,volume,timestamp
5336.25,4,08:00:00.014145763
5336.25,31,08:00:00.014623146
5336.25,1,08:00:00.014887718
5336.25,1,08:00:00.015562311
5336.0,1,08:00:00.637231930
5336.0,1,08:00:00.637246202
5336.0,5,08:00:00.637255441
5336.0,1,08:00:00.637255441
5336.0,10,08:00:00.637255441
5336.25,2,08:00:00.653614872
5336.0,2,08:00:00.662348348
5336.0,1,08:00:00.673874372
5336.0,1,08:00:00.704275158
5336.0,2,08:00:00.712221712
5336.0,1,08:00:00.887000286
5336.0,50,08:00:03.643256244
5335.75,15,08:00:03.643256244
5335.75,1,08:00:03.643486732
5335.75,1,08:00:03.643493405
5335.75,1,08:00:03.643500205
5336.0,2,08:00:03.643979856
5336.0,3,08:00:03.644426984
5336.0,1,08:00:03.644485418
5336.0,12,08:00:03.644844340
5336.0,1,08:00:03.644961735
5336.0,2,08:00:03.644961735
5336.0,7,08:00:03.644961735
5336.0,1,08:00:03.645218428
5336.0,1,08:00:03.645325723
5336.0,1,08:00:03.645733827
5336.0,1,08:00:03.645866264
5336.0,5,08:00:03.646089572
5336.0,1,08:00:03.646298344
5336.0,2,08:00:03.646784358
5336.0,1,08:00:03.654378779
5336.0,4,08:00:03.654637578
5336.0,1,08:00:03.654965950
5336.0,2,08:00:03.655183775
5336.0,2,08:00:03.655356265
5336.0,1,08:00:03.655392035
5336.0,1,08:00:03.655598177
5336.0,2,08:00:03.656132770
5336.0,2,08:00:03.659251108
5336.0,1,08:00:03.671368421
5336.0,7,08:00:03.671624004
5336.0,1,08:00:03.732825751
5336.0,10,08:00:03.825029759
5335.75,57,08:00:03.837356801
5336.0,8,08:00:03.837356801
5335.75,1,08:00:03.838350725
5335.75,1,08:00:03.838459899
5335.75,1,08:00:03.838918676
5335.75,2,08:00:03.839166342
5335.75,4,08:00:03.839298229
5335.75,3,08:00:03.839442037
5335.75,1,08:00:03.839725262
5335.75,1,08:00:03.850429267
5335.75,2,08:00:03.850643659
5335.75,2,08:00:03.850667099
5335.75,1,08:00:03.870320139
5335.75,1,08:00:03.996299465
5335.75,1,08:00:03.996393732
5335.75,2,08:00:03.997026375
5335.75,4,08:00:03.997255912
5335.75,1,08:00:03.997293769
5336.0,1,08:00:03.997448445
5335.75,1,08:00:03.997493955
5335.75,1,08:00:03.997769651
5335.75,1,08:00:03.997993307
5335.75,1,08:00:03.998348450
5335.75,1,08:00:04.000848263
5335.75,1,08:00:04.001198795
5335.75,5,08:00:04.071087831
5335.75,1,08:00:04.071383524
5336.0,1,08:00:04.117930990
5336.0,41,08:00:04.153464841
5336.0,1,08:00:04.153614927
5336.0,1,08:00:04.153664304
5336.0,1,08:00:04.153761646
5336.0,1,08:00:04.153874577
5336.0,2,08:00:04.153874577
5336.0,3,08:00:04.153874577
5336.0,2,08:00:04.153922504
5336.0,1,08:00:04.155186239
5336.0,1,08:00:04.155308766
5336.0,1,08:00:04.155470440
5336.0,1,08:00:04.155649608
5336.0,1,08:00:04.155688722
5336.0,1,08:00:04.168946755
5336.0,2,08:00:04.172251799
5336.0,1,08:00:04.173558478
5336.0,1,08:00:05.147645785
5336.0,2,08:00:05.197009324
5336.0,9,08:00:05.832321818
5336.0,1,08:00:05.832483232
5336.0,1,08:00:05.832546005
5336.0,1,08:00:05.832595711
5336.0,1,08:00:05.832734882
5336.0,2,08:00:06.197006583
5336.0,2,08:00:06.197362063
5336.0,1,08:00:06.197563923
5336.0,1,08:00:06.197881606
5336.0,1,08:00:06.227660713
5335.75,1,08:00:06.350738994
5336.0,3,08:00:06.468769149
5336.0,5,08:00:06.469012177
5336.0,1,08:00:06.469082223
5336.0,1,08:00:06.469344545
5336.0,1,08:00:06.469616891
5336.0,4,08:00:06.469841420
5336.0,1,08:00:06.470041251
5336.0,1,08:00:06.470249563
5335.75,1,08:00:08.018609110
5336.0,8,08:00:08.297204558
5336.0,1,08:00:08.297340544
5336.0,1,08:00:08.297386341
5336.0,11,08:00:08.297485277
5336.0,1,08:00:08.347767668
5336.0,1,08:00:09.136649135
5336.0,2,08:00:09.160210322
5336.0,1,08:00:09.160976407
5336.0,6,08:00:09.206927760
5336.0,1,08:00:09.503227585
5335.75,1,08:00:10.445468038
5335.75,1,08:00:10.851801321
5336.0,1,08:00:11.431551981
5335.75,13,08:00:11.457675394
5335.75,1,08:00:17.238312487
5336.0,1,08:00:18.380237070
5335.75,1,08:00:22.390805243
5335.75,2,08:00:26.099593650
5336.0,1,08:00:26.507564375
5335.75,2,08:00:27.339390177
5335.75,2,08:00:28.830938554
5336.0,2,08:00:29.092067174
5335.75,2,08:00:30.288678337
5335.75,1,08:00:35.065006323
5335.75,4,08:00:36.868200060
5335.75,1,08:00:37.089910410
5336.0,42,08:00:38.947426522
5336.0,10,08:00:38.948832061
5336.0,1,08:00:38.949143006
5336.0,1,08:00:38.949545681
5336.0,4,08:00:38.949675697
5336.0,1,08:00:38.961945612
5336.0,4,08:00:38.962001997
5336.0,6,08:00:38.962353904
5336.0,1,08:00:38.963208047
5335.75,6,08:00:39.595573370
5335.75,2,08:00:41.318775972
5335.75,1,08:00:42.163791247
5336.0,1,08:00:44.258060972
5336.0,1,08:00:44.258238288
5336.0,2,08:00:44.259356794
5335.75,1,08:00:44.536506712
5335.75,1,08:00:44.536682534
5335.75,9,08:00:46.467795515
5335.75,1,08:00:46.467931060
5335.75,4,08:00:46.468049641
5336.0,5,08:00:46.920511334
5336.0,1,08:00:48.828820642
5335.75,9,08:00:50.747912447
5335.5,1,08:00:52.669444426
5335.5,1,08:00:52.669453965
5335.5,4,08:00:55.863094883
5335.5,1,08:00:55.863496908
5335.5,1,08:00:55.863552429
5335.5,1,08:00:55.871744547
5335.75,1,08:00:56.244541139
5335.75,1,08:00:56.288738179
5335.75,65,08:00:56.355501947
5335.75,1,08:00:56.355832952
5335.75,1,08:00:56.355962859
5335.75,2,08:00:56.356015222
5335.75,1,08:00:56.356387527
5335.75,2,08:00:56.356538515
5335.75,30,08:00:56.659822194
5335.75,1,08:00:56.660008764
5335.75,4,08:00:56.660184825
5335.75,1,08:00:56.660320885
5335.75,2,08:00:56.670850113
5335.75,2,08:00:56.671002348
5335.5,1,08:00:57.513559171
5335.75,4,08:01:04.237806106
5335.5,1,08:01:05.509432874
5335.75,14,08:01:09.014538594
5335.75,1,08:01:09.014931921
5335.75,1,08:01:09.064845921
5335.75,1,08:01:10.129270943
5335.75,11,08:01:10.573228194
5335.75,2,08:01:10.573253413
5335.75,10,08:01:14.493605699
5335.75,1,08:01:14.494170497
5335.75,3,08:01:14.495161736
5335.75,4,08:01:14.592067600
5335.75,2,08:01:14.592238141
5335.75,2,08:01:14.592298728
5335.75,2,08:01:14.592360261
5335.75,1,08:01:14.592442651
5335.75,1,08:01:14.616304726
5335.75,2,08:01:16.403502175
5336.0,9,08:01:19.875769365
5336.0,1,08:01:19.875780239
5336.0,1,08:01:21.486665271
5336.0,5,08:01:22.865514507
5336.0,2,08:01:22.865726233
5336.0,1,08:01:22.865760179
5336.0,1,08:01:22.865893929
5336.0,2,08:01:26.334244475
5336.0,9,08:01:28.917300688
5336.0,1,08:01:29.655706025
5336.0,1,08:01:30.135107379
5336.0,1,08:01:31.240106599
5336.0,6,08:01:32.076770428
5336.0,1,08:01:32.076832618
5336.0,2,08:01:32.076832618
5336.0,1,08:01:32.158662607
5335.75,2,08:01:35.145431132
5335.75,1,08:01:35.145625136
5335.75,1,08:01:35.145670618
5335.75,1,08:01:35.145876440
5335.75,8,08:01:35.762839167
5335.75,1,08:01:40.450317263
5335.75,13,08:01:40.548096741
5335.75,2,08:01:40.548760038
5335.75,1,08:01:40.552479726
5335.75,3,08:01:40.552704373
5335.75,2,08:01:40.554332436
5335.75,2,08:01:42.112374234
5335.75,2,08:01:45.128616505
5335.75,10,08:01:48.821827976
5336.0,30,08:01:51.410476972
5336.0,1,08:01:51.410622684
5336.0,1,08:01:51.411338122
5336.0,2,08:01:51.411538130
5336.0,1,08:01:51.411708706
5336.0,1,08:01:51.411748963
5336.0,1,08:01:51.412931447
5336.25,1,08:01:54.042276958
5336.0,11,08:01:54.333385087
5336.0,9,08:01:54.415090198
5336.0,1,08:01:54.489771473
5336.0,2,08:01:55.756938802
5336.0,1,08:01:56.615468849
5336.0,1,08:02:01.316914174
5336.0,1,08:02:01.483670925
5336.0,5,08:02:01.900790673
5336.0,1,08:02:01.901515507
5336.0,2,08:02:01.911477795
5336.0,1,08:02:03.393637825
5336.0,9,08:02:04.269027879
5336.0,5,08:02:06.080871849
5336.0,7,08:02:06.080955617
5335.75,1,08:02:10.111027961
5336.0,8,08:02:10.322088284
5336.0,17,08:02:10.322336475
5336.0,2,08:02:10.323036582
5336.0,1,08:02:10.323137198
5336.0,23,08:02:11.119519702
5335.75,1,08:02:14.092468591
5335.75,8,08:02:14.092740449
5335.75,1,08:02:14.092921522
5335.75,1,08:02:14.093016323
5335.75,1,08:02:14.093099490
5335.75,3,08:02:14.093150250
5335.75,1,08:02:14.093368037
5335.75,3,08:02:14.093589923
5335.75,1,08:02:14.245382343
5335.75,2,08:02:15.116876733
5335.75,4,08:02:15.117067440
5335.75,1,08:02:15.117090776
5335.75,1,08:02:15.117313904
5335.75,1,08:02:15.117374109
5335.75,1,08:02:15.117498134
5335.75,2,08:02:15.120344743
5335.75,1,08:02:15.120578997
5335.75,7,08:02:15.122479304
5335.75,5,08:02:16.604059753
5335.75,1,08:02:18.572252313
5335.75,3,08:02:18.572460076
5335.75,1,08:02:18.572602953
5335.75,1,08:02:18.572688027
5336.0,1,08:02:23.219609929
5335.75,1,08:02:26.567783042
5335.75,1,08:02:29.312173170
5335.75,5,08:02:29.312440832
5335.75,1,08:02:29.466883556
5335.75,4,08:02:31.145016113
5335.75,4,08:02:31.145109347
5335.75,2,08:02:31.145109347
5335.75,1,08:02:31.145685558
5335.75,1,08:02:31.145905050
5335.75,2,08:02:31.147866472
5335.75,1,08:02:31.148418688
5335.75,5,08:02:31.899691993
5335.75,4,08:02:31.899886679
5335.75,5,08:02:31.910872958
5335.5,1,08:02:33.577650964
5335.5,5,08:02:33.577661780
5335.75,2,08:02:35.005986065
5335.5,1,08:02:37.240684717
5335.5,1,08:02:37.240748027
5335.5,1,08:02:37.240929589
5335.75,1,08:02:37.789407031
5335.5,1,08:02:39.435144045
5335.5,5,08:02:39.435334842
5335.5,1,08:02:39.435386104
5335.5,2,08:02:39.436041723
5335.5,1,08:02:39.436041723
5335.5,3,08:02:39.436179864
5335.5,2,08:02:39.436179864
5335.5,1,08:02:39.436179864
5335.5,1,08:02:39.436525263
5335.5,1,08:02:39.436583805
5335.5,2,08:02:39.437323788
5335.5,2,08:02:39.438150448
5335.5,1,08:02:39.438375684
5335.5,2,08:02:39.438585670
5335.5,1,08:02:39.438623757
5335.5,1,08:02:39.488284462
5335.5,1,08:02:39.488461026
5335.5,1,08:02:39.697535800
5335.5,5,08:02:39.965285026
5335.5,3,08:02:39.965558685
5335.5,1,08:02:41.491801229
5335.5,1,08:02:41.492803765
5335.5,4,08:02:41.493023542
5335.5,1,08:02:42.103165544
5335.75,2,08:02:43.516781764
5335.75,1,08:02:43.619381807
5335.75,4,08:02:44.131073977
5335.5,1,08:02:44.641669499
5335.5,12,08:02:51.449553171
5335.5,1,08:02:51.450463336
5335.5,1,08:02:52.613456369
5335.5,5,08:02:52.641158326
5335.5,2,08:02:52.990793769
5335.5,2,08:02:52.991261587
5335.5,1,08:02:52.991514228
5335.5,1,08:02:53.050579107
5335.5,5,08:02:53.134274895
5335.25,3,08:02:58.277780571
5335.25,1,08:02:58.277794565
5335.25,1,08:02:58.282042044
5335.25,2,08:02:58.975580814
5335.5,1,08:03:00.672921521
5335.5,31,08:03:01.850688280
5335.5,1,08:03:01.851000718
5335.5,6,08:03:01.851616311
5335.5,2,08:03:01.852017929
5335.5,1,08:03:01.852061725
5335.5,1,08:03:01.852104478
5335.5,1,08:03:01.925385494
5335.5,2,08:03:02.809815062
5335.5,1,08:03:04.544703500
5335.5,1,08:03:04.544731356
5335.5,4,08:03:04.544889714
5335.5,5,08:03:05.073084220
5335.5,3,08:03:05.073350448
5335.5,1,08:03:05.073452774
5335.5,7,08:03:06.352419732
5335.5,13,08:03:06.591234287
5335.5,1,08:03:08.421141139
5335.5,3,08:03:11.531978267
5335.5,32,08:03:13.027727045
5335.25,3,08:03:13.027727045
5335.5,2,08:03:13.028060914
5335.5,2,08:03:13.028240434
5335.5,1,08:03:13.028322285
5335.5,2,08:03:13.028322285
5335.5,2,08:03:13.028362913
5335.5,1,08:03:13.028429926
5335.5,1,08:03:13.028609866
5335.5,1,08:03:15.180161136
5335.5,3,08:03:17.798241169
5335.5,1,08:03:17.827510560
5335.5,1,08:03:20.124034329
5335.5,1,08:03:22.907724102
5335.75,4,08:03:23.039706802
5335.75,1,08:03:23.039768371
5335.75,10,08:03:23.039985325
5335.75,1,08:03:23.040149563
5335.75,2,08:03:23.040149563
5335.75,1,08:03:23.040300852
5335.75,3,08:03:23.040300852
5335.75,24,08:03:23.040300852
5335.75,3,08:03:23.040347349
5335.75,1,08:03:23.040627057
5335.75,1,08:03:23.040688950
5335.75,1,08:03:23.041071287
5335.75,1,08:03:23.045884943
5335.75,2,08:03:23.046590784
5335.75,2,08:03:23.046631022
5335.75,2,08:03:23.046717401
5335.75,1,08:03:23.046717401
5335.75,2,08:03:23.046782964
5335.75,1,08:03:23.046860259
5335.75,1,08:03:23.046954835
5335.75,1,08:03:23.047136693
5335.75,2,08:03:23.052710860
5335.75,1,08:03:28.497329377
5335.75,1,08:03:29.995438276
5335.75,1,08:03:30.015949071
5335.75,1,08:03:30.016408793
5335.5,14,08:03:30.944668023
5335.75,21,08:03:30.944668023
5335.75,2,08:03:30.945278532
5335.75,4,08:03:30.990259245
5335.75,3,08:03:30.991260709
5335.75,4,08:03:31.037190761
5335.75,4,08:03:33.384630708
5335.75,1,08:03:33.384807077
5335.75,1,08:03:33.385272392
5335.75,13,08:03:34.288952268
5335.75,2,08:03:38.114124863
5336.0,2,08:03:38.248432943
5336.0,1,08:03:38.248618083
5335.75,1,08:03:40.040076488
5335.75,7,08:03:41.161931898
5335.75,1,08:03:41.162327842
5335.75,2,08:03:41.162383910
5335.75,1,08:03:41.162465159
5335.75,2,08:03:41.162465159
5335.75,2,08:03:41.162524498
5336.0,1,08:03:41.650388719
5335.5,1,08:03:41.771453779
5335.75,9,08:03:41.771453779
5335.75,11,08:03:42.251182677
5336.0,3,08:03:43.295125160
5336.0,1,08:03:46.882919559
5335.75,5,08:03:52.391051448
5335.75,1,08:03:54.063858767
5335.75,7,08:03:54.064443061
5335.75,2,08:03:54.064685271
5335.75,2,08:03:54.065012452
5336.0,3,08:03:58.775241104
5336.0,2,08:03:58.775304028
5336.0,1,08:03:58.775417343
5336.0,1,08:03:58.775457373
5336.0,2,08:03:58.775520072
5336.0,1,08:03:58.775567986
5336.0,10,08:03:58.775645136
5336.0,1,08:03:58.775723375
5336.0,2,08:03:58.775723375
5336.0,3,08:03:58.775790713
5336.0,3,08:03:58.776026706
5336.0,1,08:03:58.776086636
5336.0,1,08:03:58.776252269
5336.0,2,08:03:58.776469018
5336.0,1,08:04:00.118830082
5336.0,5,08:04:00.119406557
5336.0,1,08:04:00.119435797
5336.0,2,08:04:00.119638512
5336.0,1,08:04:00.119671753
5336.0,2,08:04:00.202744131
5336.0,2,08:04:00.202773626
5336.0,1,08:04:00.283896189
5336.0,1,08:04:05.594702150
5336.0,1,08:04:07.567764330
5336.0,1,08:04:08.527306356
5335.75,1,08:04:10.307542787
5336.0,4,08:04:29.554132832
5336.0,1,08:04:29.554459702
5336.0,1,08:04:29.554918849
5336.0,10,08:04:29.555240733
5336.0,5,08:04:32.147851099
5336.0,1,08:04:35.948125893
5335.75,1,08:04:37.780920269
5336.0,1,08:04:38.182525373
5336.0,1,08:04:38.388184338
5336.0,1,08:04:39.518584019
5335.75,8,08:04:40.191344669
5335.75,1,08:04:40.191514897
5335.75,1,08:04:40.191619571
5335.75,2,08:04:40.191915094
5335.75,1,08:04:41.049278554
5335.75,1,08:04:48.751430562
5335.75,1,08:04:48.865326490
5335.75,1,08:04:49.025288480
5335.75,1,08:04:49.489708024
5335.75,1,08:04:49.635547336
5335.75,9,08:04:50.558264045
5335.75,7,08:04:50.594178525
5335.75,1,08:04:50.594213723
5335.75,2,08:04:50.594487997
5335.75,1,08:04:50.594664113
5335.75,2,08:04:53.590067588
5335.75,2,08:04:53.590180466
5335.75,1,08:04:53.590180466
5335.75,10,08:04:53.590373609
5335.75,3,08:04:53.590444830
5335.75,1,08:04:53.590794454
5335.75,4,08:04:53.591109740
5335.75,1,08:04:53.603618361
5335.75,7,08:04:55.227002921
5335.75,1,08:04:55.228251987
5335.75,1,08:04:55.234425363
5335.75,1,08:04:57.306354672
5335.75,1,08:04:58.621419816
5335.75,4,08:04:58.621519757
5335.75,2,08:04:58.621583973
5335.75,1,08:05:00.081853426
5336.0,1,08:05:00.783686909
5335.5,3,08:05:00.966519925
5335.75,9,08:05:00.970540157
5335.75,1,08:05:00.970896686
5335.75,1,08:05:01.449364194
5335.75,9,08:05:01.608892003
5335.75,2,08:05:01.609106562
5335.75,1,08:05:01.609179541
5335.75,2,08:05:03.218486354
5335.5,1,08:05:05.191807194
5335.75,1,08:05:07.531821665
5335.75,1,08:05:10.231500416
5335.75,6,08:05:13.151326349
5336.0,1,08:05:13.164209454
5336.0,1,08:05:13.164218577
5336.0,1,08:05:13.164458665
5336.0,1,08:05:28.001532104
5336.0,1,08:05:28.001740338
5336.0,6,08:05:28.002463947
5336.0,1,08:05:28.002699116
5336.0,2,08:05:28.002749847
5336.0,1,08:05:28.009514384
5336.0,1,08:05:28.013752018
5336.0,2,08:05:28.037774104
5336.0,1,08:05:28.037798818
5336.0,1,08:05:28.037917524
5336.0,10,08:05:28.038649248
5336.0,4,08:05:28.039303840
5336.0,1,08:05:28.550920183
5336.0,1,08:05:28.551476853
5336.0,3,08:05:29.808381775
5336.0,1,08:05:29.808405773
5336.0,1,08:05:30.449754363
5336.0,1,08:05:33.498097465
5336.0,1,08:05:35.009167002
5336.0,1,08:05:35.191171923
5335.75,1,08:05:42.294976335
5336.0,9,08:05:42.941765495
5336.0,2,08:05:43.192030020
5336.0,2,08:05:43.192094429
5336.0,1,08:05:43.192204711
5336.0,1,08:05:43.216483272
5336.0,1,08:05:44.462339563
5336.0,1,08:05:44.482237402
5336.25,1,08:05:46.146821238
5336.25,1,08:05:46.146831811
5336.0,1,08:05:49.249019965
5336.0,1,08:05:51.330954320
5336.0,5,08:05:51.331224968
5336.0,1,08:05:51.708163795
5336.0,1,08:05:51.708182132
5336.0,1,08:05:51.708346915
5336.0,1,08:05:53.563803019
5335.75,4,08:05:59.098479726
5335.75,8,08:06:00.072591259
5335.75,1,08:06:00.275332401
5335.75,6,08:06:00.275618026
5335.75,2,08:06:00.276181171
5335.75,5,08:06:00.276420151
5335.75,1,08:06:00.276493935
5335.75,2,08:06:00.276493935
5335.75,2,08:06:00.276753249
5335.75,1,08:06:00.276985456
5335.75,2,08:06:03.312348891
5335.75,1,08:06:07.753383458
5335.75,10,08:06:10.925697149
5335.75,1,08:06:10.926158372
5335.75,1,08:06:10.956811785
5335.75,1,08:06:10.957016516
5335.75,1,08:06:10.957124233
5335.75,1,08:06:21.110542668
5335.5,3,08:06:24.040264336
5335.5,9,08:06:24.040553231
5335.25,2,08:06:26.372804227
5335.25,1,08:06:26.372814723
5335.25,2,08:06:26.966706527
5335.25,1,08:06:27.006097875
5335.25,1,08:06:27.006120528
5335.25,26,08:06:27.006677593
5335.25,1,08:06:27.012102383
5335.25,1,08:06:27.099476847
5335.25,5,08:06:28.505384298
5335.25,7,08:06:28.505671251
5335.25,1,08:06:28.509632093
5335.5,45,08:06:28.667983056
5335.5,1,08:06:28.668848184
5335.5,6,08:06:28.669070463
5335.75,15,08:06:28.874364285
5335.75,1,08:06:28.874494997
5335.5,17,08:06:29.682366273
5335.5,1,08:06:29.682918703
5335.5,4,08:06:29.683008509
5335.5,7,08:06:29.683424297
5335.5,1,08:06:29.683637178
5335.5,1,08:06:29.683678164
5335.5,4,08:06:32.241484268
5335.5,5,08:06:33.474887313
5335.5,5,08:06:33.475143469
5335.5,1,08:06:33.641728824
5335.5,1,08:06:34.083442342
5335.5,1,08:06:36.954310423
5335.5,3,08:06:38.285224589
5335.5,1,08:06:42.396708342
5335.5,4,08:06:42.396925854
5335.5,1,08:06:42.397104328
5335.5,2,08:06:42.397155756
5335.5,1,08:06:42.398309453
5335.5,1,08:06:42.953643226
5335.5,1,08:06:47.867178429
5335.25,5,08:06:50.924324546
5335.5,5,08:06:51.542706667
5335.5,2,08:07:00.122570316
5335.25,1,08:07:00.249566598
5335.25,5,08:07:04.625801863
5335.5,16,08:07:05.845846103
5335.5,3,08:07:05.908938993
5335.5,1,08:07:05.909110091
5335.5,1,08:07:05.909177261
5335.5,2,08:07:05.935110687
5335.5,4,08:07:06.116750543
5335.75,6,08:07:07.965480896
5335.75,1,08:07:07.976041193
5335.75,3,08:07:07.976241410
5335.75,1,08:07:13.064573491
5335.75,2,08:07:13.065259844
5335.75,4,08:07:15.503085230
5335.75,1,08:07:15.503581864
5335.75,1,08:07:15.503621662
5335.75,12,08:07:16.421537107
5335.75,2,08:07:16.421698420
5335.75,1,08:07:16.421859197
5335.75,2,08:07:16.421984726
5335.75,1,08:07:20.080758163
5335.5,1,08:07:36.224655896
5335.5,4,08:07:36.224872994
5335.5,4,08:07:36.224916998
5335.5,2,08:07:36.224966378
5335.5,1,08:07:36.225034719
5335.5,3,08:07:36.226235997
5335.5,1,08:07:36.228800901
5335.5,4,08:07:36.297396310
5335.75,5,08:07:36.523993301
5335.75,1,08:07:42.742471160
5335.75,2,08:07:48.199129129
5335.75,4,08:07:48.199421819
5335.75,1,08:07:48.199614633
5335.75,1,08:07:48.199667734
5335.75,1,08:07:48.199689713
5335.75,2,08:07:50.462895055
5335.75,1,08:07:50.463091421
5335.75,8,08:07:50.463202031
5335.75,1,08:07:50.463583629
5335.75,1,08:07:50.463773169
5336.0,1,08:07:51.377925542
5335.75,3,08:07:51.379710452
5335.75,3,08:07:51.379975855
5335.75,1,08:07:51.389956252
5335.75,1,08:07:53.178268453
5336.0,4,08:07:57.299547147
5336.0,2,08:07:57.299728561
5336.0,3,08:07:57.299762981
5336.0,1,08:07:57.299853566
5336.0,2,08:07:57.526064941
5336.0,10,08:07:57.526335083
5336.0,2,08:07:57.526431760
5336.0,4,08:07:57.526495618
5336.0,1,08:07:57.526552844
5336.0,1,08:07:57.526616727
5336.0,3,08:07:57.526616727
5336.0,1,08:07:57.527027464
5336.0,4,08:07:57.527224128
5336.0,1,08:07:57.527430673
5336.0,3,08:07:57.698641935
5336.25,1,08:08:01.983280992
5336.0,7,08:08:04.733479564
5336.0,2,08:08:04.734133023
5336.0,1,08:08:04.734307965
5336.0,1,08:08:09.180857732
5335.75,10,08:08:21.010634879
5335.75,1,08:08:21.010652835
5335.75,1,08:08:21.010728350
5335.5,9,08:08:36.089483429
5335.5,1,08:08:36.104438471
5335.75,8,08:08:40.134935525
5335.75,1,08:08:40.135198411
5335.75,1,08:08:40.135257261
5335.75,1,08:08:40.135475345
5335.75,2,08:08:40.135838271
5335.75,3,08:08:46.848613516
5335.75,2,08:08:46.848879259
5335.75,1,08:08:46.848916806
5335.75,1,08:08:46.849307370
5335.75,9,08:08:48.242038963
5335.5,1,08:08:56.117439690
5335.5,3,08:08:57.283031956
5335.75,2,08:09:00.323792142
5335.75,1,08:09:00.327740334
5335.75,1,08:09:01.340021844
5335.75,1,08:09:01.350588745
5335.75,4,08:09:03.922852152
5336.0,1,08:09:04.367547613
5335.75,13,08:09:05.748801060
5335.75,1,08:09:05.749986124
5335.75,6,08:09:10.709729048
5335.75,1,08:09:10.709910984
5335.75,1,08:09:10.709947119
5335.5,1,08:09:11.472723858
5335.5,13,08:09:14.162806450
5335.5,1,08:09:14.163608165
5335.5,1,08:09:14.171314042
5335.5,1,08:09:14.171506619
5335.5,3,08:09:14.174325753
5335.5,10,08:09:14.210583125
5335.5,1,08:09:14.543766962
5335.75,4,08:09:14.561108753
5335.5,1,08:09:16.714313307
5335.5,1,08:09:17.751015990
5335.5,1,08:09:20.672603267
5335.5,1,08:09:23.471927416
5335.5,1,08:09:35.472203248
5335.5,22,08:09:36.347186851
5335.25,1,08:09:40.379576597
5335.5,1,08:09:44.108807388
5335.25,1,08:09:45.730278744
5335.25,1,08:09:47.472526364
5335.5,22,08:09:55.268080243
5335.5,1,08:09:55.271981066
5335.5,1,08:09:57.280668674
5335.5,1,08:09:58.441851116
5335.5,1,08:09:59.105406177
5335.5,10,08:09:59.659487966
5335.5,2,08:09:59.659868925
5335.25,1,08:10:00.276352077
5335.25,1,08:10:00.276532289
5335.25,1,08:10:00.276566642
5335.5,8,08:10:00.403913917
5335.25,1,08:10:00.412208692
5335.5,1,08:10:04.005679852
5335.5,1,08:10:04.005884042
5335.5,1,08:10:04.006061351
5335.5,4,08:10:04.006207097
5335.5,1,08:10:06.913905222
5335.5,3,08:10:06.914102461
5335.5,1,08:10:11.715195901
5335.5,5,08:10:13.729001947
5335.25,1,08:10:14.609827819
5335.25,1,08:10:16.376539392
5335.25,1,08:10:17.977123268
5335.25,1,08:10:23.472374560
5335.5,3,08:10:28.765837557
5335.75,18,08:10:31.423689102
5335.5,43,08:10:31.423689102
5335.5,1,08:10:31.425768341
5335.5,1,08:10:31.425940280
5335.5,1,08:10:31.426098597
5335.5,4,08:10:31.426431848
5335.5,1,08:10:31.426619804
5335.5,1,08:10:31.426765721
5335.5,1,08:10:31.427872364
5335.5,2,08:10:31.439166813
5335.5,10,08:10:31.439736050
5335.5,1,08:10:31.476042789
5335.5,1,08:10:31.476946365
5335.5,5,08:10:38.901378583
5335.5,1,08:10:40.231176514
5335.25,1,08:10:47.473019161
5335.25,1,08:10:47.584206752
5335.5,1,08:10:47.881500038
5335.25,1,08:10:48.636486679
5335.5,1,08:10:49.489529040
5335.25,1,08:10:49.767746203
5335.5,1,08:10:50.346474196
5335.5,1,08:10:51.384839511
5335.25,1,08:10:51.778239669
5335.25,1,08:10:51.836008901
5335.5,1,08:10:58.838516694
5335.25,1,08:10:59.472181261
5335.25,5,08:10:59.737514398
5335.25,1,08:11:05.193591782
5335.25,1,08:11:05.193757257
5335.5,1,08:11:08.163657203
5335.5,1,08:11:09.485502531
5335.5,1,08:11:19.839582284
5335.5,1,08:11:21.486068637
5335.5,1,08:11:23.007185181
5335.5,14,08:11:23.017104002
5335.5,1,08:11:23.017717726
5335.5,1,08:11:23.019557770
5335.5,1,08:11:23.067391132
5335.5,1,08:11:24.156435862
5335.5,1,08:11:24.156986856
5335.75,2,08:11:24.160052764
5335.5,1,08:11:25.204497126
5335.75,1,08:11:26.084284848
5335.5,9,08:11:28.487683759
5335.5,2,08:11:28.488236254
5335.5,1,08:11:28.488570219
5335.5,1,08:11:28.488762778
5335.5,1,08:11:28.547063249
5335.75,1,08:11:31.240715229
5335.5,1,08:11:45.257482207
5335.5,2,08:11:54.718072462
5335.5,18,08:11:54.718807286
5335.5,1,08:11:54.719120153
5335.5,4,08:11:54.719220635
5335.5,1,08:11:54.719306503
5335.5,1,08:11:54.719428460
5335.5,2,08:11:54.719428460
5335.5,3,08:11:54.719516283
5335.5,2,08:11:54.719734150
5335.5,12,08:11:56.692506180
5335.5,1,08:11:56.692955063
5335.5,4,08:11:56.693208115
5335.5,1,08:11:56.693920923
5335.5,1,08:11:56.694137340
5335.25,24,08:11:57.489952616
5335.25,5,08:11:57.526335690
5335.25,5,08:11:57.526622016
5335.25,1,08:11:57.526828206
5335.25,2,08:11:57.526886312
5335.25,2,08:11:57.526955137
5335.25,1,08:11:57.526955137
5335.25,1,08:11:57.527106391
5335.25,5,08:11:57.579676131
5335.25,2,08:11:57.579865537
5335.25,6,08:11:57.580455228
5335.25,1,08:11:57.587308311
5335.25,1,08:12:00.738022596
5335.25,1,08:12:00.738245350
5335.25,1,08:12:00.738468471
5335.5,1,08:12:00.915751455
5335.5,3,08:12:00.916463296
5335.5,3,08:12:00.916559829
5335.5,1,08:12:00.916606016
5335.5,1,08:12:00.916651596
5335.5,1,08:12:00.916732991
5335.5,1,08:12:00.916970209
5335.5,1,08:12:00.917006020
5335.5,1,08:12:00.967290546
5335.5,1,08:12:00.998156193
5335.5,6,08:12:01.467659466
5335.5,3,08:12:05.457723993
5335.25,1,08:12:05.457939304
5335.5,2,08:12:15.699847600
5335.5,1,08:12:15.700024062
5335.5,5,08:12:15.700132992
5335.5,1,08:12:15.750430355
5335.5,1,08:12:19.418316322
5335.5,2,08:12:20.679251266
5335.5,6,08:12:27.464504526
5335.5,1,08:12:27.465303870
5335.5,1,08:12:27.465487685
5335.5,1,08:12:27.469101656
5335.5,1,08:12:27.469294123
5335.25,1,08:12:40.226185489
5335.25,2,08:12:40.232688062
5335.25,1,08:12:40.232716827
5335.25,2,08:12:40.232941427
5335.25,1,08:12:40.237278599
5335.5,13,08:12:43.460934385
5335.25,2,08:12:43.906215073
5335.25,2,08:12:44.105336753
5335.25,2,08:12:44.358756365
5335.25,2,08:12:44.614891941
5335.5,6,08:12:45.146930170
5335.5,1,08:12:47.266447976
5335.25,2,08:12:53.312466580
5335.25,5,08:12:59.931826003
5335.25,1,08:13:00.111737685
5335.25,1,08:13:00.111967795
5335.5,1,08:13:13.650887794
5335.5,6,08:13:19.603204279
5335.5,1,08:13:19.603359854
5335.5,1,08:13:19.603402261
5335.5,4,08:13:19.956303348
5335.5,7,08:13:19.956411609
5335.5,3,08:13:19.956500926
5335.5,1,08:13:19.956500926
5335.5,1,08:13:19.956527733
5335.5,4,08:13:19.956599193
5335.5,1,08:13:19.956767101
5335.5,2,08:13:19.956965790
5335.5,3,08:13:19.957001684
5335.5,1,08:13:19.957111479
5335.5,1,08:13:19.957674677
5335.5,1,08:13:21.543022396
5335.5,1,08:13:23.453112412
5335.5,1,08:13:23.453521838
5335.75,20,08:13:31.745946381
5335.75,7,08:13:31.751894002
5335.75,1,08:13:31.751921762
5335.75,1,08:13:31.752282682
5335.75,1,08:13:31.752490040
5335.75,1,08:13:31.802201234
5335.75,1,08:13:31.809243431
5335.75,1,08:13:31.889450988
5335.75,1,08:13:31.889490189
5335.75,1,08:13:39.845943840
5335.75,1,08:13:40.405514182
5335.75,1,08:13:44.521458098
5335.75,1,08:13:44.522188228
5335.75,1,08:13:44.532929015
5335.75,1,08:13:44.533152152
5335.75,1,08:13:44.533337164
5336.0,1,08:13:44.815243106
5336.0,1,08:13:47.590174126
5336.0,8,08:13:47.590456010
5336.0,2,08:13:47.818043036
5336.0,5,08:13:47.818247676
5336.0,1,08:13:47.818290273
5336.0,1,08:13:47.818317470
5336.0,5,08:13:48.570454855
5336.0,25,08:13:51.342694082
5336.0,1,08:13:51.342858262
5336.0,1,08:13:51.342909764
5336.0,4,08:13:51.342945857
5336.0,8,08:13:51.343060234
5336.0,1,08:13:51.356404589
5336.0,1,08:13:53.555016141
5336.25,4,08:13:58.011592300
5336.25,2,08:13:58.011706645
5336.25,1,08:13:58.011806660
5336.25,2,08:13:58.011905661
5336.25,3,08:13:58.012016079
5336.25,1,08:13:58.012016079
5336.25,8,08:13:58.012113946
5336.25,1,08:13:58.012113946
5336.25,2,08:13:58.082712296
5336.5,7,08:14:00.244266411
5336.5,1,08:14:00.244281436
5336.5,1,08:14:01.508740952
5336.5,1,08:14:03.627486008
5336.5,1,08:14:04.477799848
5336.25,1,08:14:05.033147837
5336.5,1,08:14:05.970605762
5336.5,2,08:14:07.583053149
5336.5,1,08:14:07.583260597
5336.5,5,08:14:08.105645144
5336.5,1,08:14:09.364398352
5336.25,1,08:14:09.582201144
5336.25,1,08:14:09.582613072
5336.25,1,08:14:09.582787946
5336.25,1,08:14:09.583091043
5336.25,2,08:14:09.981544418
5336.5,1,08:14:11.286389374
5336.25,2,08:14:13.298821483
5336.25,1,08:14:13.299288615
5336.25,12,08:14:13.299590752
5336.25,1,08:14:13.300005254
5336.25,1,08:14:13.300191846
5336.25,3,08:14:13.309919177
5336.25,1,08:14:13.315547084
5336.5,1,08:14:19.321812169
5336.5,5,08:14:24.087337412
5336.5,1,08:14:24.090872722
5336.25,1,08:14:27.146320311
5336.25,1,08:14:28.904062424
5336.25,7,08:14:28.904370411
5336.25,1,08:14:28.904983029
5336.25,1,08:14:29.008009530
5336.25,3,08:14:29.008053879
5336.25,2,08:14:29.008183859
5336.25,1,08:14:30.175577675
5336.25,3,08:14:31.823766850
5336.25,1,08:14:31.828772759
5336.25,1,08:14:31.829362678
5336.25,1,08:14:31.851486983
5336.25,1,08:14:31.851700824
5336.25,1,08:14:32.044322966
5336.25,1,08:14:32.044514064
5336.25,1,08:14:32.044578942
5336.25,1,08:14:32.044691629
5336.25,3,08:14:32.055016276
5336.25,12,08:14:33.273168651
5336.25,2,08:14:33.278900512
5336.25,1,08:14:33.507838663
5336.25,1,08:14:33.508036121
5336.25,1,08:14:33.513597260
5336.25,1,08:14:33.537341707
5336.25,2,08:14:33.724351773
5336.25,1,08:14:33.724384110
5336.25,1,08:14:33.724550305
5336.25,1,08:14:35.249240397
5336.25,3,08:14:35.251643350
5336.25,1,08:14:39.122450048
5336.0,1,08:14:46.086652171
5336.25,1,08:14:48.938170343
5336.0,1,08:14:53.615399578
5336.25,20,08:14:54.055311158
5336.25,1,08:14:54.056500835
5336.25,1,08:14:54.056578617
5336.25,1,08:14:57.174789751
5336.0,1,08:15:00.126737233
5336.0,1,08:15:00.528854677
5336.0,2,08:15:02.780896833
5336.0,1,08:15:02.881214742
5336.0,1,08:15:02.881248241
5336.0,1,08:15:02.881407233
5336.0,6,08:15:02.881510415
5336.0,2,08:15:02.881652855
5336.0,4,08:15:02.881652855
5336.0,8,08:15:02.881838377
5336.0,1,08:15:02.882021888
5336.0,2,08:15:09.538469360
5336.0,4,08:15:09.586706965
5335.75,1,08:15:11.176672832
5336.0,1,08:15:16.962285362
5336.0,2,08:15:27.259570807
5336.0,1,08:15:27.259586001
5336.0,1,08:15:27.259713795
5336.0,6,08:15:27.259872583
5336.0,1,08:15:27.260193821
5336.0,1,08:15:27.260421499
5336.0,1,08:15:27.260457433
5335.75,1,08:15:30.466949478
5335.75,5,08:15:32.208463744
5335.75,2,08:15:33.674760010
5335.75,2,08:15:37.564037386
5335.75,1,08:15:37.564216590
5335.75,2,08:15:37.564266981
5335.75,1,08:15:37.564557214
5335.75,10,08:15:37.564786329
5335.75,61,08:15:37.564786329
5335.75,1,08:15:37.564786329
5335.75,1,08:15:37.577273051
5335.5,1,08:15:41.591325507
5335.5,1,08:15:41.591534525
5335.5,1,08:15:41.591563019
5335.5,2,08:15:41.591645142
5335.5,1,08:15:41.591857287
5335.5,5,08:15:41.592089623
5335.5,1,08:15:41.592124474
5335.25,2,08:15:44.101878741
5335.5,30,08:15:45.696638097
5335.5,1,08:15:45.701042625
5335.5,1,08:15:45.989427790
5335.5,2,08:15:50.805702604
5335.75,1,08:15:59.379761218
5335.75,1,08:15:59.379918546
5335.75,2,08:15:59.845946360
5335.75,10,08:15:59.846231860
5335.75,1,08:15:59.846291458
5335.75,9,08:15:59.846428584
5335.75,1,08:15:59.846911333
5335.75,1,08:15:59.846963376
5335.75,2,08:15:59.847736422
5335.75,1,08:15:59.847809869
5335.75,2,08:15:59.847809869
5335.75,2,08:15:59.847881938
5335.75,1,08:15:59.847881938
5335.75,2,08:15:59.847941722
5335.75,4,08:15:59.848698601
5335.75,2,08:15:59.848893965
5335.75,1,08:15:59.850681681
5335.75,1,08:15:59.899181083
5335.5,1,08:16:00.120165950
5335.75,3,08:16:02.536458672
5335.75,1,08:16:02.536526907
5335.75,2,08:16:02.536526907
5335.75,2,08:16:02.536607978
5335.75,4,08:16:02.536949574
5335.75,10,08:16:02.537190834
5335.75,2,08:16:02.537267123
5335.75,3,08:16:03.097556095
5335.75,1,08:16:04.842047892
5335.75,1,08:16:06.787611033
5335.75,1,08:16:10.360642167
5335.75,1,08:16:10.360863166
5335.75,2,08:16:13.924141269
5335.75,1,08:16:13.924374853
5336.0,3,08:16:14.442573247
5335.75,4,08:16:17.434177727
5335.75,4,08:16:17.434331664
5335.75,4,08:16:17.434510873
5335.75,4,08:16:17.434661952
5335.75,1,08:16:17.434752734
5335.75,4,08:16:17.434878845
5335.75,4,08:16:17.435022491
5335.75,3,08:16:17.435161891
5335.75,1,08:16:17.435419433
5335.75,1,08:16:18.626957518
5336.0,1,08:16:20.320717335
5336.0,2,08:16:26.334509572
5335.75,2,08:16:26.337536235
5335.75,4,08:16:26.337882260
5335.75,2,08:16:26.338734617
5335.75,1,08:16:26.355341057
5335.75,10,08:16:26.355603389
5335.75,1,08:16:26.355729363
5335.75,2,08:16:27.498595399
5335.75,6,08:16:27.498843080
5335.75,1,08:16:27.498898013
5335.75,1,08:16:29.454706619
5335.75,1,08:16:30.103202174
5335.75,1,08:16:30.103537070
5335.75,4,08:16:30.103960173
5335.5,1,08:16:30.599436256
5335.75,6,08:16:36.760384570
5335.75,2,08:16:36.760663632
5335.75,1,08:16:36.760696916
5335.75,2,08:16:36.760752539
5335.75,1,08:16:40.709871624
5335.75,5,08:16:51.025581845
5335.75,2,08:16:51.025777782
5335.75,1,08:16:51.026434519
5335.75,1,08:16:51.026637096
5335.75,1,08:16:51.026682031
5335.5,1,08:17:00.134459620
5335.5,1,08:17:00.134688687
5335.5,1,08:17:00.135566225
5335.75,5,08:17:00.544940899
5335.5,1,08:17:01.239726975
5335.5,1,08:17:01.239902975
5335.5,1,08:17:01.239938665
5335.5,1,08:17:01.240280042
5335.5,3,08:17:01.643602296
5335.5,1,08:17:01.643628818
5335.5,1,08:17:11.233307910
5335.5,10,08:17:11.233569035
5335.5,5,08:17:11.233628021
5335.5,7,08:17:11.240428981
5335.5,3,08:17:14.462540570
5335.5,8,08:17:19.156655772
5335.75,28,08:17:19.836578307
5335.75,3,08:17:19.837217802
5335.75,1,08:17:19.837342747
5335.75,2,08:17:19.844411985
5335.75,1,08:17:19.844451067
5335.75,3,08:17:19.844532326
5335.75,3,08:17:19.844596289
5335.75,2,08:17:19.846957127
5335.75,1,08:17:19.846998415
5335.75,2,08:17:19.847137950
5335.75,1,08:17:19.897436890
5335.75,1,08:17:21.830561662
5335.75,4,08:17:21.830811757
5335.75,1,08:17:21.830995345
5335.75,1,08:17:21.831267568
5335.75,1,08:17:25.036089355
5335.5,1,08:17:30.121713585
5335.5,1,08:17:30.121938597
5335.75,2,08:17:32.908031711
5335.75,5,08:17:32.908168133
5335.75,2,08:17:32.908888775
5335.75,1,08:17:33.290615596
5335.75,4,08:17:33.290899741
5335.75,1,08:17:33.761372449
5335.75,2,08:17:36.580878243
5336.0,2,08:17:36.672640529
5335.75,1,08:17:37.950257887
5335.75,2,08:17:37.950550684
5335.75,1,08:17:37.950584134
5335.75,5,08:17:42.418699613
5335.75,1,08:17:42.418739965
5335.75,4,08:17:42.418860561
5335.75,5,08:17:43.717516420
5335.75,2,08:17:43.884618335
5335.75,2,08:17:44.753809329
5335.75,1,08:17:44.753872728
5335.75,11,08:17:44.753872728
5335.75,1,08:17:44.844270085
5335.75,6,08:17:44.844562218
5335.75,4,08:17:46.561708263
5335.5,4,08:17:46.653561487
5335.5,1,08:17:50.107444750
5335.5,3,08:17:53.329519455
5335.75,1,08:17:59.610841004
5335.75,1,08:18:00.081537904
5335.75,2,08:18:00.083539166
5335.75,7,08:18:02.892811340
5335.75,2,08:18:02.892934465
5335.75,1,08:18:02.893605419
5335.75,2,08:18:02.894279939
5335.75,1,08:18:02.894323559
5335.75,1,08:18:02.894488858
5335.5,5,08:18:03.565965195
5335.75,1,08:18:07.683452135
5335.75,2,08:18:08.709257589
5335.75,1,08:18:08.709277644
5335.75,2,08:18:08.711023442
5335.75,1,08:18:08.711051222
5335.75,1,08:18:08.712024281
5335.75,4,08:18:08.713024398
5335.75,1,08:18:08.713089624
5335.75,3,08:18:08.713242168
5335.75,2,08:18:08.713746300
5335.75,1,08:18:08.713785853
5335.75,1,08:18:08.722284648
5335.75,1,08:18:08.722326370
5335.75,1,08:18:08.722364921
5335.75,3,08:18:08.722563501
5335.75,1,08:18:08.723251986
5335.75,1,08:18:08.723452108
5335.75,1,08:18:08.724011313
5336.0,1,08:18:08.736478018
5336.0,1,08:18:08.739732685
5335.75,1,08:18:08.739898244
5336.0,1,08:18:08.741000410
5336.0,1,08:18:08.755814909
5336.0,1,08:18:08.755987601
5336.0,1,08:18:08.757949352
5336.0,1,08:18:08.759059765
5336.0,1,08:18:08.760123550
5336.0,16,08:18:10.810388251
5336.0,1,08:18:10.811431177
5336.0,1,08:18:10.811473437
5336.0,2,08:18:10.811521665
5336.0,1,08:18:10.811599926
5336.0,4,08:18:10.811599926
5336.0,2,08:18:10.811700130
5336.0,3,08:18:10.811700130
5336.0,1,08:18:10.811759199
5336.0,1,08:18:10.811977661
5336.0,6,08:18:10.812060716
5336.0,1,08:18:10.812191525
5336.0,2,08:18:12.422772578
5335.75,6,08:18:18.025358780
5335.75,1,08:18:18.025554832
5335.75,2,08:18:25.956871634
5335.75,1,08:18:30.198408938
5336.0,1,08:18:32.296323195
5336.0,1,08:18:32.296489698
5336.0,1,08:18:36.035298553
5336.0,1,08:18:37.630762968
5336.0,2,08:18:39.585862482
5335.75,1,08:18:40.323918242
5336.0,1,08:18:40.747808934
5335.75,21,08:18:42.487867268
5335.75,30,08:18:42.488502404
5335.75,3,08:18:42.488948288
5335.75,1,08:18:42.489047119
5335.75,1,08:18:42.489110701
5335.75,1,08:18:42.489219974
5335.75,3,08:18:42.489425407
5335.75,3,08:18:42.489492989
5335.75,1,08:18:42.491363691
5335.75,8,08:18:42.753074916
5335.75,3,08:18:42.753591794
5335.75,3,08:18:42.753836685
5335.75,1,08:18:42.753887314
5335.75,1,08:18:42.754458410
5335.75,2,08:18:42.754655700
5335.75,1,08:18:42.775342821
5336.0,10,08:18:43.594351594
5335.75,1,08:18:50.124550646
5335.75,1,08:18:50.124766941
5336.0,1,08:18:51.042077992
5336.0,1,08:18:56.473192211
5336.0,11,08:19:02.598782779
5336.25,1,08:19:03.176390945
5336.25,18,08:19:03.177574904
5336.25,1,08:19:03.177657066
5336.25,4,08:19:03.177975047
5336.25,1,08:19:03.178084419
5336.25,1,08:19:03.178136816
5336.25,1,08:19:03.178203234
5336.25,1,08:19:03.178458954
5336.25,3,08:19:04.382566392
5336.25,6,08:19:04.382867826
5336.25,1,08:19:04.502518276
5336.25,5,08:19:04.502785299
5336.25,1,08:19:04.502974311
5336.25,1,08:19:06.860538640
5336.25,3,08:19:06.860749153
5336.25,2,08:19:06.860808443
5336.25,1,08:19:06.860835900
5336.25,2,08:19:06.860917329
5336.25,25,08:19:16.451510601
5336.25,2,08:19:16.452072057
5336.25,1,08:19:16.452442717
5336.25,1,08:19:16.453974872
5336.25,1,08:19:16.454187043
5336.25,1,08:19:16.454369511
5336.25,1,08:19:16.454530643
5336.25,4,08:19:16.455292703
5336.25,2,08:19:16.455484119
5336.25,1,08:19:16.455518423
5336.0,1,08:19:17.084507217
5336.25,1,08:19:17.400536033
5336.25,4,08:19:17.405941063
5336.25,4,08:19:17.408516625
5336.25,3,08:19:17.408705560
5336.25,1,08:19:17.409302368
5336.5,59,08:19:17.425792821
5336.5,1,08:19:17.426976107
5336.5,1,08:19:23.356418510
5336.75,19,08:19:25.449809568
5336.75,5,08:19:25.449833675
5337.0,1,08:19:25.449833675
5336.75,1,08:19:26.666667014
5336.75,1,08:19:26.666875087
5336.75,1,08:19:26.666927111
5336.75,8,08:19:26.667049182
5336.75,1,08:19:26.667189824
5336.75,4,08:19:26.667321536
5336.75,1,08:19:26.667374209
5337.0,3,08:19:27.232390031
5337.0,4,08:19:27.240877619
5337.0,1,08:19:28.682628975
5337.0,5,08:19:29.369035279
5336.75,1,08:19:31.986679847
5336.75,3,08:19:31.986690919
5336.75,1,08:19:31.987253877
5336.75,10,08:19:31.987526842
5336.75,1,08:19:31.987764259
5336.75,1,08:19:31.987802627
5336.75,2,08:19:31.988009925
5336.75,4,08:19:31.988179175
5336.75,1,08:19:32.140993973
5336.75,2,08:19:32.141052162
5336.75,3,08:19:32.696404403
5336.75,1,08:19:32.835637578
5336.75,1,08:19:41.320703861
5336.75,1,08:19:41.435513535
5336.75,2,08:19:41.991805436
5336.75,1,08:19:42.980351803
5336.75,1,08:19:44.617877197
5336.75,4,08:19:44.631035903
5336.75,1,08:19:44.631189849
5336.75,8,08:19:44.631368863
5336.75,4,08:19:44.632003472
5336.75,8,08:19:44.632286447
5336.75,4,08:19:45.593993014
5336.75,1,08:19:45.594168602
5336.75,1,08:19:50.898515568
5337.0,1,08:19:51.760720895
5336.75,4,08:19:52.029346133
5336.75,11,08:19:53.425566292
5336.75,1,08:19:55.703465199
5336.75,23,08:19:57.625765148
5336.75,5,08:19:57.830672700
5336.75,4,08:19:59.476410184
5336.75,2,08:19:59.476600769
5336.75,6,08:19:59.476975639
5336.75,1,08:19:59.477150442
5336.75,1,08:19:59.490993655
5336.75,2,08:20:00.050944580
5336.75,1,08:20:00.051165346
5336.5,2,08:20:00.157562418
5336.75,1,08:20:00.813482937
5336.75,1,08:20:02.884561209
5337.0,2,08:20:03.265952665
5337.0,2,08:20:04.082621138
5336.75,1,08:20:05.016793350
5337.0,3,08:20:05.175358711
5337.0,1,08:20:05.175526666
5337.0,3,08:20:05.175607449
5337.0,2,08:20:05.175739957
5337.0,1,08:20:05.175784620
5337.0,1,08:20:05.175851277
5337.0,1,08:20:05.176030587
5337.0,1,08:20:05.176099856
5337.0,2,08:20:05.176099856
5337.0,2,08:20:05.176265747
5337.0,59,08:20:05.176497066
5337.0,1,08:20:05.176650846
5337.25,2,08:20:06.536791778
5337.25,1,08:20:06.592221521
5337.0,1,08:20:09.703141683
5337.0,6,08:20:10.060385046
5337.0,1,08:20:10.960702533
5337.25,58,08:20:12.312989467
5337.5,81,08:20:12.312989467
5337.75,11,08:20:12.312989467
5337.75,2,08:20:12.313538198
5337.5,2,08:20:12.314764645
5337.5,1,08:20:12.314910280
5337.5,1,08:20:12.315197844
5337.25,1,08:20:12.315647272
5337.25,29,08:20:12.611990795
5337.25,1,08:20:13.912896018
5337.25,1,08:20:13.913060735
5337.25,6,08:20:13.913188114
5337.25,1,08:20:15.244382307
5337.25,1,08:20:15.411525517
5337.25,1,08:20:15.702640250
5337.25,1,08:20:15.703182277
5337.25,1,08:20:15.703842172
5337.25,8,08:20:15.704129138
5337.25,2,08:20:15.704656678
5337.25,1,08:20:15.704814397
5337.25,3,08:20:15.715900075
5337.25,1,08:20:15.716706015
5337.25,2,08:20:18.007490656
5337.5,1,08:20:19.602198512
5337.5,1,08:20:21.404630784
5337.5,1,08:20:24.287357904
5337.5,4,08:20:24.287431836
5337.5,1,08:20:24.287547476
5337.5,3,08:20:24.287619686
5337.5,3,08:20:24.287667549
5337.5,1,08:20:24.287745244
5337.5,5,08:20:24.289542873
5337.5,4,08:20:24.362340305
5337.5,1,08:20:24.517811310
5337.5,1,08:20:24.762457078
5337.5,2,08:20:25.922524581
5337.5,1,08:20:25.922679455
5337.75,5,08:20:27.767676751
5337.5,19,08:20:27.910117901
5337.5,1,08:20:28.148541892
5337.5,16,08:20:28.300615445
5337.5,2,08:20:28.301321519
5337.5,1,08:20:29.063012177
5337.75,24,08:20:29.248509747
5337.75,1,08:20:29.248603816
5337.75,3,08:20:31.795560285
5337.5,1,08:20:32.220712809
5337.5,1,08:20:32.220721936
5337.5,4,08:20:33.052162703
5337.75,1,08:20:34.732017861
5337.75,2,08:20:34.744144195
5337.75,1,08:20:36.854355965
5337.75,10,08:20:38.826912472
5337.75,3,08:20:38.827473085
5337.75,6,08:20:38.827752290
5337.75,9,08:20:38.936577267
5337.75,10,08:20:41.200825792
5337.75,4,08:20:41.200903473
5337.75,2,08:20:41.200938847
5337.75,3,08:20:41.268597477
5337.75,2,08:20:41.909927825
5337.5,1,08:20:45.981541485
5337.5,1,08:20:45.981553447
5337.75,1,08:20:48.192744410
5337.75,16,08:20:51.124919876
5337.75,1,08:20:51.125185930
5337.75,1,08:20:53.591275765
5337.75,43,08:20:58.344272966
5337.75,1,08:20:58.344840760
5337.75,16,08:20:58.344989441
5337.75,8,08:20:58.345229939
5337.75,9,08:20:58.345387523
5337.75,2,08:20:58.345387523
5337.75,1,08:20:58.345387523
5337.75,1,08:20:58.345462305
5337.75,8,08:20:58.345709747
5337.75,1,08:20:58.345843542
5337.75,1,08:20:58.346067786
5337.75,1,08:20:58.346231706
5337.75,12,08:20:58.346331100
5337.75,1,08:20:58.346543949
5337.75,1,08:20:58.346735400
5337.75,1,08:20:58.348659515
5338.0,67,08:20:58.370021261
5338.25,1,08:20:58.370281663
5338.25,1,08:20:58.370287823
5338.25,1,08:20:58.370335159
5338.0,1,08:20:58.371255967
5338.0,6,08:20:58.371505147
5338.0,1,08:20:58.371920166
5338.25,1,08:20:58.399065863
5338.0,4,08:20:58.506571543
5338.25,5,08:20:58.894947197
5338.25,1,08:21:00.563761195
5338.0,37,08:21:00.610204592
5338.0,3,08:21:00.737326788
5338.0,1,08:21:00.737491176
5338.0,1,08:21:00.737517317
5338.0,8,08:21:00.737597462
5338.0,5,08:21:00.737887570
5338.0,1,08:21:00.738138488
5338.0,1,08:21:00.738209298
5338.0,7,08:21:00.790674672
5338.25,3,08:21:01.653695607
5338.0,1,08:21:03.673223413
5338.0,2,08:21:04.677472686
5338.25,1,08:21:05.601950788
5338.25,1,08:21:05.893488613
5338.25,4,08:21:08.976298361
5338.25,16,08:21:09.131566437
5338.25,1,08:21:09.131699026
5338.25,1,08:21:09.131730898
5338.25,1,08:21:09.131751596
5338.25,4,08:21:09.131832103
5338.25,3,08:21:09.131962762
5338.25,1,08:21:09.132021138
5338.25,1,08:21:09.132046584
5338.25,1,08:21:10.266249397
5338.25,1,08:21:10.823905844
5338.25,3,08:21:10.823938997
5338.25,1,08:21:11.558525168
5338.25,4,08:21:11.681203484
5338.25,2,08:21:11.681383290
5338.25,1,08:21:11.682069720
5338.25,1,08:21:11.682159072
5338.5,1,08:21:11.971545385
5338.5,1,08:21:11.971554936
5338.25,1,08:21:12.159691211
5338.25,5,08:21:15.177257157
5338.25,15,08:21:17.790861665
5338.25,1,08:21:18.349264781
5338.25,7,08:21:22.117481935
5338.25,1,08:21:22.117695721
5338.25,1,08:21:22.117965538
5338.25,1,08:21:22.118325372
5338.25,7,08:21:22.118789157
5338.25,1,08:21:22.119850497
5338.0,1,08:21:22.185182998
5338.0,1,08:21:22.185190863
5338.25,1,08:21:23.371648797
5338.0,1,08:21:23.719500199
5338.25,5,08:21:24.121693882
5338.25,1,08:21:24.122396545
5338.25,1,08:21:24.125546560
5338.25,1,08:21:24.242446668
5338.25,9,08:21:25.373508713
5338.25,3,08:21:25.384839872
5338.25,4,08:21:25.385151380
5338.25,2,08:21:25.385395440
5338.25,1,08:21:25.385443063
5338.0,2,08:21:26.843452623
5338.25,2,08:21:26.845215919
5338.25,1,08:21:26.845253206
5338.25,1,08:21:27.584471382
5338.25,3,08:21:27.585373105
5338.25,3,08:21:27.836319706
5338.25,3,08:21:28.154048423
5338.25,2,08:21:28.154098437
5338.25,3,08:21:28.154151908
5338.25,1,08:21:28.343603551
5338.25,3,08:21:29.541342496
5338.25,2,08:21:29.541561058
5338.25,1,08:21:29.541598873
5338.0,1,08:21:38.051237800
5338.0,1,08:21:38.051439276
5338.0,3,08:21:38.073593048
5338.25,1,08:21:38.743122483
5338.25,1,08:21:38.743291781
5338.25,2,08:21:40.354881361
5338.25,2,08:21:40.354970879
5338.25,1,08:21:40.354970879
5338.25,1,08:21:40.355010781
5338.25,5,08:21:40.355105640
5338.25,1,08:21:40.355339508
5338.25,1,08:21:40.355418002
5338.25,1,08:21:40.355455900
5338.25,2,08:21:40.355496119
5338.25,2,08:21:40.355589257
5338.25,4,08:21:40.355662477
5338.25,6,08:21:40.355789536
5338.25,1,08:21:40.355928752
5338.25,1,08:21:40.356069020
5338.0,1,08:21:40.359321147
5338.0,1,08:21:40.390647862
5338.0,1,08:21:43.830249758
5338.0,2,08:21:44.012613001
5338.0,2,08:21:44.921692265
5338.0,1,08:21:44.927684126
5338.25,1,08:21:58.854496506
5338.25,1,08:21:59.300567706
5338.0,2,08:22:01.796867606
5338.0,2,08:22:01.796901708
5338.0,2,08:22:01.797026371
5338.0,4,08:22:01.797103636
5338.0,2,08:22:01.797137409
5338.0,60,08:22:01.797308257
5338.0,2,08:22:01.798249294
5338.0,1,08:22:01.911085691
5338.0,4,08:22:01.911206950
5338.0,11,08:22:01.911405517
5338.0,26,08:22:01.911889419
5338.0,1,08:22:01.912101202
5338.0,1,08:22:01.912146438
5338.0,2,08:22:01.912203300
5338.0,9,08:22:02.924891870
5338.0,1,08:22:02.978572381
5338.25,4,08:22:03.646761190
5338.25,8,08:22:03.647017719
5338.25,1,08:22:03.647069702
5338.25,8,08:22:03.647321140
5338.25,4,08:22:03.647381615
5338.25,1,08:22:03.647465229
5338.25,1,08:22:03.647505304
5338.25,1,08:22:05.356933873
5338.5,48,08:22:07.436192374
5338.5,1,08:22:07.438035163
5338.5,1,08:22:07.481364681
5338.5,1,08:22:07.930453961
5338.5,1,08:22:12.972610134
5338.5,4,08:22:12.972856500
5338.5,14,08:22:12.973005534
5338.5,1,08:22:12.973169607
5338.5,1,08:22:12.973230287
5338.5,2,08:22:12.973286278
5338.5,8,08:22:16.087911000
5338.5,2,08:22:16.088495127
5338.5,1,08:22:18.893876085
5338.5,1,08:22:19.336787443
5338.5,13,08:22:19.926134025
5338.5,1,08:22:22.606570492
5338.25,1,08:22:22.865268964
5338.25,2,08:22:23.835917093
5338.5,2,08:22:25.916144609
5338.25,18,08:22:27.439732987
5338.0,1,08:22:27.573476304
5338.25,1,08:22:28.604985593
5338.25,1,08:22:38.991285359
5338.0,8,08:22:40.786900322
5338.0,6,08:22:40.786958514
5338.0,2,08:22:40.787005629
5338.0,2,08:22:40.787065048
5338.0,1,08:22:40.787110194
5338.0,1,08:22:40.787296941
5338.0,3,08:22:40.787442847
5338.0,1,08:22:40.787481437
5338.0,18,08:22:40.948488680
5338.0,1,08:22:41.088386546
5338.0,4,08:22:41.894965437
5338.0,7,08:22:41.895255088
5338.0,1,08:22:41.895339669
5338.0,7,08:22:43.532511705
5338.0,1,08:22:45.092886250
5338.0,5,08:22:46.332157114
5338.25,5,08:22:47.115987086
5338.0,2,08:22:53.768695818
5338.25,15,08:22:53.983464256
5338.25,1,08:22:53.983616131
5338.25,3,08:22:53.984037652
5338.25,1,08:22:53.984130867
5338.25,2,08:22:53.984273565
5338.25,1,08:22:53.984338027
5338.25,1,08:22:53.984379109
5338.25,1,08:22:53.984485527
5338.25,16,08:22:54.836952149
5338.25,1,08:22:54.837413950
5338.25,4,08:22:54.837603458
5338.25,1,08:22:54.837636800
5338.25,1,08:22:54.837814704
5338.25,2,08:22:56.950707147
5338.25,1,08:23:04.050459619
5338.25,1,08:23:04.051155405
5338.25,4,08:23:04.051229173
5338.25,1,08:23:04.051450416
5338.25,11,08:23:04.051659684
5338.25,1,08:23:04.074318280
5338.25,20,08:23:07.063251597
5338.25,1,08:23:07.063473445
5338.25,1,08:23:07.063896250
5338.25,3,08:23:07.068433008
5338.5,55,08:23:11.080173973
5338.75,45,08:23:11.080173973
5338.75,1,08:23:11.080541664
5338.75,5,08:23:11.109316309
5338.75,1,08:23:20.018313141
5338.5,5,08:23:21.885893597
5338.5,25,08:23:22.114826105
5338.5,1,08:23:22.118237806
5338.5,2,08:23:22.118298009
5338.5,11,08:23:25.549133806
5338.25,1,08:23:25.709929580
5338.5,2,08:23:26.701260127
5338.25,1,08:23:31.387352748
5338.5,10,08:23:36.022176992
5338.5,1,08:23:45.971933340
5338.25,3,08:23:55.005139274
5338.25,2,08:23:56.095066874
5338.25,1,08:23:56.095250964
5338.25,2,08:23:56.095311652
5338.25,1,08:23:56.095564308
5338.25,4,08:23:56.095620587
5338.25,1,08:23:56.095760817
5338.25,1,08:23:56.095920938
5338.25,1,08:23:56.096094312
5338.25,1,08:23:56.096294041
5338.25,1,08:23:56.178636365
5338.25,1,08:23:56.191346445
5338.25,1,08:23:56.990637142
5338.25,3,08:24:06.574496031
5338.25,1,08:24:06.790369386
5338.5,10,08:24:10.796897023
5338.5,1,08:24:11.415558507
5338.5,2,08:24:15.764850188
5338.5,1,08:24:15.765933387
5338.5,1,08:24:15.766391105
5338.5,2,08:24:15.768245364
5338.25,2,08:24:19.927492588
5338.5,1,08:24:20.553160172
5338.5,1,08:24:20.553319311
5338.25,1,08:24:21.576715834
5338.5,1,08:24:24.006230513
5338.5,2,08:24:24.006514107
5338.5,1,08:24:24.006725810
5338.5,12,08:24:24.007272045
5338.5,1,08:24:24.007485275
5338.25,1,08:24:25.016718967
5338.25,1,08:24:25.016761019
5338.25,5,08:24:25.016866871
5338.25,20,08:24:25.017078536
5338.25,3,08:24:25.017180790
5338.25,2,08:24:25.017270133
5338.25,2,08:24:25.017418539
5338.25,1,08:24:25.017418539
5338.25,1,08:24:25.017681239
5338.25,2,08:24:25.017681239
5338.25,4,08:24:25.017790143
5338.25,2,08:24:25.017927647
5338.25,3,08:24:25.018047400
5338.25,1,08:24:25.018156836
5338.25,1,08:24:25.018216795
5338.0,1,08:24:26.124868948
5338.0,1,08:24:26.124880452
5338.25,1,08:24:27.581064682
5338.0,1,08:24:29.381401479
5338.0,1,08:24:34.176799987
5338.0,1,08:24:34.178751121
5338.0,2,08:24:35.178743981
5338.0,37,08:24:36.695180660
5338.0,1,08:24:36.695350517
5338.0,1,08:24:36.695478020
5338.0,1,08:24:36.695556732
5338.0,1,08:24:36.696350486
5338.0,4,08:24:39.491210260
5338.0,1,08:24:39.491386744
5338.0,6,08:24:39.491475523
5338.0,10,08:24:39.491809559
5338.0,2,08:24:39.491901368
5338.0,1,08:24:39.491901368
5338.0,1,08:24:39.492864511
5338.0,2,08:24:40.863072386
5338.0,6,08:24:40.863341907
5338.0,1,08:24:40.863915542
5338.0,1,08:24:40.863945801
5338.25,1,08:24:41.115690313
5338.25,1,08:24:41.115848508
5338.25,18,08:24:41.117077173
5338.25,1,08:24:41.117174004
5338.25,1,08:24:41.117211291
5338.25,4,08:24:41.117464841
5338.25,1,08:24:41.117643959
5338.25,1,08:24:41.117704511
5338.25,1,08:24:41.117983991
5338.25,1,08:24:41.118028892
5338.25,1,08:24:42.592211833
5338.25,1,08:24:43.962543810
5338.25,1,08:24:43.962744822
5338.25,1,08:24:44.112342409
5338.25,2,08:24:44.112524477
5338.25,1,08:24:44.112837075
5338.25,1,08:24:45.400800935
5338.25,1,08:24:52.334960627
5338.25,1,08:24:57.371512441
5338.25,1,08:24:57.372708769
5338.25,1,08:25:04.714958421
5338.25,1,08:25:04.716285955
5338.25,13,08:25:04.716680474
5338.25,4,08:25:04.742293474
5338.25,5,08:25:04.742547143
5338.5,3,08:25:05.813033447
5338.5,2,08:25:06.215139746
5338.5,1,08:25:06.587762016
5338.5,2,08:25:09.126186360
5338.25,2,08:25:11.982450483
5338.25,1,08:25:23.008509474
5338.5,1,08:25:24.869929814
5338.5,2,08:25:27.375541174
5338.5,6,08:25:29.881453137
5338.5,2,08:25:29.881647419
5338.5,2,08:25:29.882305801
5338.5,2,08:25:29.882558566
5338.5,3,08:25:29.886408554
5338.5,1,08:25:29.887509265
5338.75,3,08:25:30.709661641
5338.5,8,08:25:32.729519024
5338.5,8,08:25:32.729838324
5338.5,3,08:25:32.730031399
5338.5,4,08:25:32.730635400
5338.5,1,08:25:34.110706607
5338.75,14,08:25:36.653251764
5338.75,1,08:25:36.653481213
5338.75,1,08:25:38.805700470
5338.75,2,08:25:41.702050559
5338.5,1,08:25:42.703185870
5338.75,1,08:25:45.048894222
5338.75,10,08:25:45.508184539
5338.75,1,08:25:45.508352184
5338.75,4,08:25:45.508421247
5338.75,4,08:25:45.508969892
5338.75,5,08:25:45.666014583
5338.75,1,08:25:45.666764984
5338.75,1,08:25:45.666916363
5338.75,2,08:25:45.667662067
5339.0,1,08:25:48.566679353
5339.0,3,08:25:48.566688527
5339.0,196,08:25:50.422129017
5339.0,1,08:25:50.423189752
5339.25,20,08:25:50.424082090
5339.25,1,08:25:50.424100362
5339.25,2,08:25:50.424323250
5339.25,1,08:25:50.424357391
5339.25,1,08:25:50.424424204
5339.25,1,08:25:50.424586411
5339.25,2,08:25:50.424586411
5339.25,1,08:25:50.424801893
5339.25,41,08:25:50.424801893
5339.25,4,08:25:50.434002882
5339.25,2,08:25:50.439073077
5339.25,13,08:25:50.439433276
5339.25,4,08:25:50.445620738
5339.25,2,08:25:50.445836170
5339.25,2,08:25:50.709437344
5339.25,1,08:25:50.709633479
5339.25,1,08:25:50.709670202
5339.25,1,08:25:50.709723628
5339.25,15,08:25:50.710030017
5339.25,2,08:25:50.710628145
5339.25,1,08:25:51.219220403
5339.25,3,08:25:51.219634777
5339.25,3,08:25:51.219868215
5339.25,2,08:25:51.225026731
5339.25,2,08:25:51.430138739
5339.25,1,08:25:51.430185796
5339.25,5,08:25:51.430237252
5339.25,2,08:25:51.780810123
5339.25,2,08:25:51.780892226
5339.25,1,08:25:51.780925942
5339.5,1,08:25:52.337225757
5339.5,1,08:25:52.337237805
5339.5,1,08:25:52.337400615
5339.25,9,08:25:53.142457570
5339.0,1,08:25:53.319951621
5339.0,1,08:25:53.598790464
5339.0,2,08:25:53.701358654
5339.25,1,08:25:53.812225574
5339.0,3,08:25:53.978892628
5339.25,1,08:25:54.955960870
5339.25,1,08:25:55.124021954
5339.0,1,08:25:55.160659712
5339.25,7,08:25:55.160921281
5339.25,1,08:25:55.161094117
5339.25,1,08:25:55.179280323
5339.0,1,08:25:55.973282065
5339.25,4,08:25:56.460591528
5339.25,2,08:25:56.460791462
5339.25,1,08:25:56.461167137
5339.25,2,08:25:56.461381039
5339.25,1,08:25:56.461418412
5339.0,1,08:25:57.039550125
5339.25,4,08:25:58.299323759
5339.25,1,08:25:58.841860332
5339.25,1,08:25:58.933963490
5339.25,3,08:25:58.971596408
5339.25,1,08:25:58.972241084
5339.25,1,08:25:58.972264723
5339.25,3,08:25:58.972495847
5339.25,1,08:26:00.156955597
5339.25,9,08:26:00.157269439
5339.25,1,08:26:00.157412329
5339.25,5,08:26:00.157511519
5339.25,1,08:26:00.157598762
5339.25,2,08:26:00.157919281
5339.0,3,08:26:02.075540831
5339.0,1,08:26:02.755361131
5339.0,1,08:26:04.047562911
5339.25,1,08:26:05.162912408
5339.0,1,08:26:05.208302330
5339.25,20,08:26:07.446763107
5339.25,1,08:26:07.446936083
5339.0,20,08:26:08.646295719
5339.0,6,08:26:08.646403779
5339.0,5,08:26:08.905637404
5339.0,1,08:26:09.576406311
5339.0,1,08:26:13.782315981
5339.0,1,08:26:13.949605274
5338.75,4,08:26:15.085123113
5338.75,4,08:26:15.085334602
5338.75,4,08:26:15.085470125
5338.75,4,08:26:15.085646718
5338.75,4,08:26:15.085845284
5338.75,4,08:26:15.086007825
5338.75,4,08:26:15.086149837
5338.75,1,08:26:15.086250339
5338.5,1,08:26:15.406789343
5338.5,1,08:26:16.401747366
5338.5,1,08:26:17.005616333
5338.75,3,08:26:21.807205944
5338.5,4,08:26:22.213468081
5338.5,4,08:26:22.213643982
5338.5,4,08:26:22.213830246
5338.5,4,08:26:22.214033868
5338.5,4,08:26:22.214185474
5338.5,2,08:26:22.214346957
5338.5,2,08:26:23.393512308
5338.5,1,08:26:23.393657677
5338.5,1,08:26:23.393726139
5338.5,4,08:26:23.393775148
5338.5,2,08:26:23.393996826
5338.5,2,08:26:24.151341587
5338.5,1,08:26:24.152429266
5338.5,1,08:26:24.152455693
5338.5,2,08:26:24.152487274
5338.5,3,08:26:24.152902930
5338.5,4,08:26:24.152993466
5338.5,1,08:26:24.153035266
5338.5,5,08:26:24.153117370
5338.5,1,08:26:24.154195004
5338.5,1,08:26:24.154420688
5338.5,1,08:26:24.155963536
5338.5,1,08:26:24.279968475
5338.5,1,08:26:24.288439010
5338.75,1,08:26:25.296446196
5338.75,8,08:26:31.010099529
5338.75,1,08:26:31.010323482
5338.75,1,08:26:31.010468310
5338.75,1,08:26:31.010594940
5338.75,1,08:26:31.011058441
5338.75,6,08:26:31.011915187
5338.75,4,08:26:31.012214931
5338.75,1,08:26:31.012435667
5338.75,1,08:26:32.663158545
5338.5,1,08:26:33.721151005
5338.5,1,08:26:35.824818848
5338.5,1,08:26:36.279130685
5338.5,1,08:26:37.128321969
5338.5,1,08:26:40.005096225
5338.5,12,08:26:40.006032925
5338.5,2,08:26:44.021358589
5338.5,3,08:26:44.021440795
5338.5,10,08:26:47.557801752
5338.5,31,08:26:51.339598749
5338.25,19,08:26:51.339598749
5338.5,12,08:26:51.340611928
5338.5,3,08:26:51.341262225
5338.5,11,08:26:53.539021610
5338.75,10,08:26:57.704752476
5338.75,1,08:26:57.704923715
5338.75,1,08:27:00.007355683
5338.75,1,08:27:00.344045895
5338.75,1,08:27:00.344116232
5338.75,1,08:27:00.344218004
5338.75,1,08:27:00.344292290
5338.75,3,08:27:00.344292290
5338.75,3,08:27:00.344345268
5338.75,2,08:27:00.344390104
5339.0,1,08:27:00.420627014
5338.75,1,08:27:01.290192516
5339.0,2,08:27:06.248070066
5339.0,1,08:27:06.427517638
5339.0,2,08:27:09.195385147
5339.0,1,08:27:12.785046737
5339.0,35,08:27:18.161404745
5339.25,15,08:27:18.161404745
5339.0,1,08:27:18.161927918
5339.0,1,08:27:18.162080007
5339.0,14,08:27:18.162208799
5339.0,1,08:27:18.162359078
5339.0,1,08:27:18.162502861
5339.0,2,08:27:18.162843037
5339.0,2,08:27:18.162956946
5339.0,1,08:27:18.162998483
5339.0,1,08:27:19.444750991
5339.0,1,08:27:19.446217868
5339.0,16,08:27:19.450229587
5339.0,1,08:27:21.010398761
5339.0,1,08:27:24.360843978
5339.0,1,08:27:27.029444345
5339.0,1,08:27:30.416072528
5339.25,3,08:27:32.840184529
5339.0,41,08:27:33.362797356
5339.0,1,08:27:33.363366225
5339.0,1,08:27:33.363563432
5339.0,6,08:27:33.363812090
5339.0,1,08:27:33.363860763
5339.0,1,08:27:33.366645008
5339.25,1,08:27:33.728583571
5339.0,1,08:27:36.856725131
5339.25,1,08:27:39.026942465
5339.25,1,08:27:40.005498442
5339.25,1,08:27:40.311175517
5339.0,1,08:27:41.743583789
5339.0,1,08:27:41.743649455
5339.0,28,08:27:42.591300899
5338.75,25,08:27:48.151351308
5338.5,1,08:27:48.151367484
5338.75,2,08:27:49.641040840
5338.5,1,08:27:52.737895516
5338.75,7,08:27:53.424606694
5338.75,1,08:27:53.424939990
5338.75,3,08:27:54.238017272
5338.75,10,08:27:55.240912481
5338.75,1,08:27:55.241120348
5338.75,1,08:27:55.241158944
5338.75,2,08:27:55.241289755
5338.75,3,08:27:55.241465875
5338.75,2,08:27:55.241531182
5338.75,1,08:27:55.241588296
5338.75,6,08:27:55.241865950
5338.75,1,08:27:55.242051211
5338.75,1,08:27:55.322758815
5338.75,1,08:27:55.322946534
5338.75,1,08:27:55.323004049
5339.0,20,08:28:00.006506678
5339.0,1,08:28:00.007448552
5339.0,1,08:28:00.007502506
5339.0,1,08:28:00.007760972
5339.0,2,08:28:00.007948982
5339.0,1,08:28:00.008092143
5339.0,2,08:28:00.008092143
5339.25,1,08:28:01.209126344
5339.25,1,08:28:01.209480006
5339.25,1,08:28:02.367943916
5339.25,1,08:28:03.802843560
5339.25,3,08:28:04.006008723
5339.25,10,08:28:04.595634041
5339.25,1,08:28:04.595812151
5339.25,1,08:28:04.697863349
5339.25,1,08:28:10.340138617
5339.0,3,08:28:12.116923212
5339.0,1,08:28:12.117082678
5339.0,13,08:28:12.118619956
5339.0,1,08:28:12.119280642
5339.0,5,08:28:13.360377781
5339.0,10,08:28:13.360783776
5339.0,5,08:28:13.360849883
5339.0,1,08:28:13.360956164
5339.0,1,08:28:13.361064614
5339.0,1,08:28:13.361106253
5338.75,1,08:28:15.435292473
5339.0,1,08:28:15.493983206
5338.75,10,08:28:15.753258562
5338.75,1,08:28:15.753810212
5338.75,4,08:28:15.754050557
5338.75,1,08:28:15.754101328
5338.75,2,08:28:15.754229199
5338.75,11,08:28:15.754507534
5338.75,1,08:28:15.754658969
5338.75,1,08:28:15.754697727
5338.75,2,08:28:16.370974393
5338.75,3,08:28:17.032554650
5338.75,1,08:28:17.032618715
5338.75,2,08:28:17.032777822
5338.75,2,08:28:17.689622882
5339.0,2,08:28:19.145984813
5339.0,2,08:28:19.431757167
5338.75,1,08:28:20.119702234
5339.0,1,08:28:26.725040829
5339.0,1,08:28:26.725234654
5339.0,1,08:28:29.921539003
5339.0,2,08:28:34.958981159
5338.75,20,08:28:37.348395736
5338.75,12,08:28:37.348834097
5338.75,1,08:28:37.349240536
5338.75,2,08:28:37.350279419
5338.75,2,08:28:37.461441889
5338.75,1,08:28:37.461756996
5338.75,1,08:28:37.674816174
5338.75,8,08:28:41.144307889
5338.75,5,08:28:41.144600052
5338.75,1,08:28:41.144728442
5338.75,1,08:28:41.144825285
5338.75,1,08:28:41.144988274
5338.75,1,08:28:41.609166305
5338.75,1,08:28:41.609464132
5338.75,1,08:28:41.710226355
5339.0,1,08:28:42.537465127
5338.75,2,08:28:42.538276270
5338.5,1,08:28:45.201843579
5338.5,5,08:28:45.717775281
5338.75,1,08:28:45.718128181
5338.75,1,08:28:45.718398894
5338.75,1,08:28:47.530408835
5338.75,2,08:28:48.793195245
5338.75,2,08:28:48.793494275
5338.75,1,08:28:48.895047583
5338.75,1,08:28:49.098673530
5338.75,2,08:28:49.188751127
5338.5,1,08:28:49.985611952
5338.75,4,08:28:50.915403665
5338.75,2,08:28:51.560990424
5338.75,1,08:28:51.561013173
5338.75,2,08:28:51.564161076
5338.75,1,08:28:51.564198546
5339.0,1,08:28:56.218198594
5338.75,1,08:28:56.980920725
5339.0,1,08:28:58.021729028
5338.75,1,08:28:59.478549543
5338.75,1,08:28:59.478707063
5338.75,19,08:28:59.485785276
5338.75,2,08:28:59.486027828
5338.75,2,08:28:59.486242671
5338.75,1,08:28:59.486314210
5338.75,10,08:29:00.077510273
5338.5,8,08:29:00.425439593
5338.75,3,08:29:03.610289494
5338.5,1,08:29:05.997761097
5338.5,1,08:29:06.707938915
5338.5,1,08:29:07.186236942
5338.75,1,08:29:07.283688097
5338.5,2,08:29:08.252416050
5338.5,1,08:29:09.247553945
5338.75,1,08:29:13.077754056
5338.75,6,08:29:13.143545042
5338.75,8,08:29:13.144117287
5338.5,36,08:29:14.822794037
5338.5,1,08:29:15.161413974
5338.5,2,08:29:15.719198665
5338.75,1,08:29:15.817972075
5338.75,5,08:29:15.919148884
5338.75,6,08:29:15.919929671
5338.5,2,08:29:16.673986817
5338.75,9,08:29:16.850033082
5338.75,3,08:29:16.850578082
5339.0,20,08:29:16.895622941
5338.75,5,08:29:18.057776651
5338.75,1,08:29:18.850567663
5338.75,1,08:29:18.850980832
5338.75,1,08:29:18.851020068
5338.75,1,08:29:20.209455876
5338.75,1,08:29:20.241852623
5339.0,1,08:29:20.392231892
5338.75,7,08:29:20.990197110
5338.75,1,08:29:20.990456074
5338.75,1,08:29:20.994178595
5339.0,5,08:29:21.005275634
5338.75,6,08:29:21.853370098
5338.75,1,08:29:21.853636244
5338.75,2,08:29:21.853837052
5338.75,1,08:29:21.861625791
5338.75,7,08:29:22.342270213
5338.75,9,08:29:22.686754478
5338.75,1,08:29:22.686957327
5338.75,3,08:29:22.687225870
5339.0,1,08:29:24.470599946
5338.75,10,08:29:29.610343402
5338.5,1,08:29:32.066540767
5338.75,1,08:29:34.522575478
5338.5,3,08:29:34.651676775
5338.5,11,08:29:35.028928514
5338.5,3,08:29:35.130926133
5338.5,1,08:29:36.063829780
5338.75,24,08:29:36.189707293
5338.5,2,08:29:36.189794169
5338.75,1,08:29:36.190017725
5338.75,1,08:29:36.190078031
5338.75,1,08:29:36.190193054
5338.5,1,08:29:36.205605789
5338.75,1,08:29:36.464905467
5338.25,1,08:29:37.098723393
5338.25,1,08:29:37.098732613
5338.5,2,08:29:37.294146251
5338.25,29,08:29:38.282590163
5338.5,7,08:29:38.282590163
5338.5,1,08:29:38.374761677
5338.5,1,08:29:38.507893548
5338.5,14,08:29:39.685079360
5338.75,1,08:29:39.698647192
5338.75,1,08:29:39.856010424
5338.5,2,08:29:45.535986406
5338.5,9,08:29:45.536244776
5338.5,1,08:29:47.114949052
5338.25,2,08:29:49.366758865
5338.25,3,08:29:49.367552327
5338.25,2,08:29:49.527331661
5338.25,3,08:29:49.560270115
5338.5,19,08:29:49.955379884
5338.5,1,08:29:49.955615348
5338.25,4,08:29:49.962039864
5338.5,1,08:29:50.121501253
5338.25,1,08:29:50.258716969
5338.0,1,08:29:50.636473621
5338.0,1,08:29:50.636487147
5338.25,1,08:29:50.971542443
5338.25,1,08:29:52.496805478
5338.5,3,08:29:54.411060524
5338.5,4,08:29:54.411160868
5338.5,1,08:29:55.034496632
5338.5,1,08:29:56.102415399
5338.5,2,08:29:56.102661266
5338.75,6,08:29:56.491287011
5338.5,1,08:29:57.597801908
5338.5,1,08:29:59.242831519
5338.5,1,08:29:59.960554811
5338.5,1,08:29:59.961262585
5337.25,3,08:30:40.305746419
5337.25,4,08:30:40.306154630
5337.5,1,08:30:40.370359505
5337.5,2,08:30:40.814581170
5337.5,2,08:30:40.814636086
5337.5,2,08:30:40.814731575
5337.5,1,08:30:40.814731575
5337.5,8,08:30:40.814879261
5337.5,2,08:30:40.908931880
5337.5,1,08:30:40.908960015
5337.5,6,08:30:40.909036230
5337.5,2,08:30:40.909091723
5337.5,3,08:30:41.357842263
5337.5,2,08:30:41.357877191
5337.5,11,08:30:41.358273978
5337.5,1,08:30:41.358413705
5337.5,1,08:30:41.358495691
5337.5,6,08:30:41.946572638
5337.5,1,08:30:41.946749878
5337.25,3,08:30:42.116337478
5337.25,2,08:30:42.116374308
5337.0,2,08:30:42.142028587
5337.0,1,08:30:42.142060636
5337.0,1,08:30:42.142128327
5337.0,2,08:30:42.142202210
5337.0,17,08:30:42.142263773
5337.0,26,08:30:42.142346571
5337.0,4,08:30:42.205912219
5337.0,1,08:30:42.206062374
5337.0,1,08:30:42.206096208
5336.75,1,08:30:42.229911308
5336.75,1,08:30:42.229921915
5336.75,1,08:30:42.230056536
5336.75,20,08:30:42.230277965
5336.75,3,08:30:42.230699506
5336.75,5,08:30:42.230832126
5336.75,1,08:30:42.231066627
5336.75,1,08:30:42.342946876
5337.0,1,08:30:42.414397077
5337.0,1,08:30:42.456330912
5336.75,4,08:30:42.644867472
5336.75,5,08:30:42.660266406
5336.75,2,08:30:42.660496903
5336.75,2,08:30:42.660640832
5336.75,4,08:30:42.660697378
5336.75,2,08:30:42.660782681
5336.75,1,08:30:42.660924988
5336.75,4,08:30:42.661013223
5336.75,1,08:30:42.661013223
5336.5,2,08:30:42.779236489
5336.5,4,08:30:42.803619676
5336.5,1,08:30:42.803641492
5336.5,12,08:30:42.803851991
5336.5,2,08:30:42.806631597
5336.5,1,08:30:42.806669018
5336.5,2,08:30:42.847565507
5336.25,2,08:30:42.877156438
5336.25,1,08:30:42.901089290
5336.25,5,08:30:42.925625828
5336.5,1,08:30:43.268848993
5336.5,1,08:30:43.269218294
5336.25,1,08:30:43.273416474
5336.5,1,08:30:43.343160320
5336.25,1,08:30:43.465613488
5336.25,1,08:30:43.465765997
5336.25,1,08:30:43.465794932
5336.25,1,08:30:43.465907030
5336.25,1,08:30:43.466072987
5336.25,1,08:30:43.466138587
5336.25,2,08:30:43.466218220
5336.25,1,08:30:43.466316402
5336.25,28,08:30:43.466492536
5336.0,1,08:30:43.514332569
5336.0,5,08:30:43.515361546
5336.0,1,08:30:43.515540635
5336.0,16,08:30:43.515750169
5335.75,1,08:30:43.570844313
5335.75,1,08:30:43.570858905
5335.75,5,08:30:43.570864537
5335.75,1,08:30:43.570864537
5335.75,1,08:30:43.571077249
5335.75,2,08:30:43.597736626
5335.5,1,08:30:43.619033377
5335.5,1,08:30:43.619044913
5335.5,2,08:30:43.619044913
5335.5,4,08:30:43.619142050
5335.5,1,08:30:43.619230220
5335.5,1,08:30:43.619265510
5335.5,13,08:30:43.619445340
5335.5,15,08:30:43.623459552
5335.5,1,08:30:43.623720732
5335.5,2,08:30:43.623786506
5335.5,2,08:30:43.623906495
5335.5,1,08:30:43.623942686
5335.5,1,08:30:43.626287500
5335.5,1,08:30:43.626451798
5335.25,4,08:30:43.646123674
5335.25,2,08:30:43.646136542
5335.25,1,08:30:43.646136542
5335.25,1,08:30:43.649029321
5335.5,2,08:30:43.661639536
5335.5,2,08:30:43.661701969
5335.5,1,08:30:43.661701969
5335.5,3,08:30:43.661766015
5335.5,2,08:30:43.661813043
5335.75,2,08:30:43.693449852
5335.5,1,08:30:43.705112025
5335.5,1,08:30:43.787384186
5335.5,2,08:30:43.819506932
5335.5,4,08:30:43.856605587
5335.5,2,08:30:43.858135724
5335.5,1,08:30:43.858178160
5335.5,5,08:30:43.858226551
5335.5,2,08:30:43.860752842
5335.5,1,08:30:43.860788778
5335.5,4,08:30:43.860833195
5335.5,2,08:30:43.860885526
5335.5,1,08:30:43.941279489
5335.25,2,08:30:43.963202046
5335.25,1,08:30:43.963232850
5335.25,10,08:30:43.963480742
5335.25,4,08:30:43.963516288
5335.25,1,08:30:43.963594505
5335.25,1,08:30:43.963629956
5335.25,1,08:30:43.963715247
5335.25,1,08:30:43.963814807
5335.25,3,08:30:43.963814807
5335.25,1,08:30:43.964136148
5335.25,1,08:30:43.982854738
5335.5,1,08:30:44.014111974
5335.5,9,08:30:44.014361304
5335.5,5,08:30:44.026933624
5335.5,1,08:30:44.027097029
5335.5,1,08:30:44.027180268
5335.5,4,08:30:44.053670874
5335.5,1,08:30:44.102808237
5335.5,1,08:30:44.103220984
5335.25,4,08:30:44.128212478
5335.25,2,08:30:44.268713215
5335.5,3,08:30:44.272162887
5335.75,4,08:30:44.474692349
5335.75,1,08:30:44.474731490
5335.75,2,08:30:44.474775804
5335.75,4,08:30:44.474808195
5335.75,1,08:30:44.474866942
5335.75,2,08:30:44.501697254
5335.75,4,08:30:44.501761598
5335.75,1,08:30:44.510574028
5335.75,3,08:30:44.630556078
5336.0,10,08:30:44.652067917
5336.0,7,08:30:44.767906054
5336.0,1,08:30:44.768030313
5336.0,1,08:30:44.768080845
5336.0,3,08:30:44.768133400
5336.0,1,08:30:44.768205119
5336.0,1,08:30:44.768544099
5336.0,1,08:30:44.785275942
5336.0,1,08:30:44.815256142
5336.0,1,08:30:44.831254149
5336.25,1,08:30:44.835071074
5336.25,4,08:30:45.032747725
5336.25,2,08:30:45.032962303
5336.25,1,08:30:45.032989740
5336.25,4,08:30:45.033056013
5336.25,2,08:30:45.065913119
5336.25,1,08:30:45.065946287
5336.25,3,08:30:45.066001305
5336.25,2,08:30:45.066185623
5336.25,1,08:30:45.073434505
5336.0,7,08:30:45.084899564
5336.25,3,08:30:45.084899564
5336.25,2,08:30:45.186268424
5336.0,1,08:30:45.327176190
5336.0,1,08:30:45.345547758
5336.0,3,08:30:45.444382062
5336.0,3,08:30:45.444538042
5336.0,5,08:30:45.508811481
5336.0,1,08:30:45.508842064
5336.0,3,08:30:45.509006080
5336.0,1,08:30:45.589339550
5336.0,1,08:30:45.590199919
5336.0,1,08:30:45.590360338
5336.0,4,08:30:45.640107670
5336.0,1,08:30:45.640297084
5336.0,3,08:30:45.640350663
5336.25,2,08:30:45.665552123
5336.0,1,08:30:45.818629444
5336.25,2,08:30:45.822658533
5336.25,2,08:30:45.827070826
5336.25,1,08:30:45.827109048
5336.25,6,08:30:45.827193417
5336.25,1,08:30:45.827245962
5336.25,3,08:30:45.827302780
5336.25,2,08:30:45.829127824
5336.25,1,08:30:45.829161342
5336.25,4,08:30:45.829250463
5336.25,2,08:30:45.995292009
5336.25,3,08:30:46.035684516
5336.5,2,08:30:46.158248946
5336.5,1,08:30:46.158269413
5336.5,2,08:30:46.158618511
5336.5,1,08:30:46.399098009
5336.25,2,08:30:46.437890990
5336.25,1,08:30:46.437925054
5336.25,2,08:30:46.437959855
5336.5,1,08:30:46.609718909
5336.25,1,08:30:46.618798630
5336.25,1,08:30:46.684468249
5336.25,1,08:30:46.744865179
5336.25,1,08:30:46.783857856
5336.25,2,08:30:46.815926679
5336.25,2,08:30:47.081006293
5336.25,1,08:30:47.081060402
5336.25,5,08:30:47.083354900
5336.25,1,08:30:47.083503949
5336.25,3,08:30:47.433796261
5336.25,1,08:30:47.433972515
5336.25,3,08:30:47.434075480
5336.5,4,08:30:47.474444172
5336.5,1,08:30:47.524118100
5336.5,1,08:30:47.539563841
5336.5,1,08:30:47.571803748
5336.75,9,08:30:47.577058295
5336.75,1,08:30:47.577479651
5336.75,1,08:30:47.577674807
5336.75,1,08:30:47.577827156
5336.75,2,08:30:47.581300694
5336.75,3,08:30:47.582207352
5336.75,1,08:30:47.591157081
5336.75,2,08:30:47.619735085
5336.75,1,08:30:47.619807710
5336.75,2,08:30:47.651337278
5336.75,3,08:30:47.815807699
5337.0,3,08:30:47.966889752
5337.0,1,08:30:48.036868730
5337.0,1,08:30:48.037066798
5337.0,1,08:30:48.073246129
5337.0,10,08:30:48.073504543
5337.0,1,08:30:48.073820902
5337.0,2,08:30:48.081946531
5337.0,1,08:30:48.082303223
5337.0,1,08:30:48.082403007
5337.0,3,08:30:48.106000018
5337.25,2,08:30:48.371840780
5337.0,1,08:30:48.506496344
5337.0,1,08:30:48.506658584
5337.25,1,08:30:48.572074014
5337.25,13,08:30:48.572331645
5337.25,5,08:30:48.644482980
5337.25,2,08:30:48.678670200
5337.25,1,08:30:48.678862101
5337.25,1,08:30:48.678933869
5337.0,1,08:30:49.068015002
5337.0,1,08:30:49.071899448
5337.0,3,08:30:49.173745080
5337.0,1,08:30:49.174720230
5337.0,1,08:30:49.220463182
5337.0,2,08:30:49.871656932
5337.0,1,08:30:49.973574167
5336.75,1,08:30:50.105333564
5336.75,1,08:30:50.105539639
5336.75,2,08:30:50.152370841
5336.75,2,08:30:50.176737525
5336.75,1,08:30:50.176820029
5336.75,1,08:30:50.176861101
5336.75,1,08:30:50.176933913
5336.75,1,08:30:50.177015669
5336.75,1,08:30:50.177081823
5336.75,1,08:30:50.177171086
5336.75,4,08:30:50.221545932
5336.75,1,08:30:50.221710853
5336.75,1,08:30:50.221745145
5337.0,4,08:30:50.235052757
5337.0,1,08:30:50.331799918
5337.0,8,08:30:50.411131305
5336.75,27,08:30:50.462026569
5336.5,23,08:30:50.462026569
5336.75,3,08:30:50.462637087
5336.75,1,08:30:50.462673098
5336.75,3,08:30:50.462858938
5336.75,1,08:30:50.462911785
5336.75,2,08:30:50.465864068
5336.75,3,08:30:50.500855009
5336.75,1,08:30:50.500895529
5336.75,1,08:30:50.500944580
5336.75,1,08:30:50.501032780
5336.75,2,08:30:50.752364408
5336.5,10,08:30:50.778715589
5336.5,9,08:30:50.778791455
5336.5,5,08:30:50.779435677
5336.5,4,08:30:50.779653730
5336.5,1,08:30:51.028496975
5336.5,1,08:30:51.028699795
5336.75,41,08:30:51.029139013
5336.5,3,08:30:51.029139013
5336.75,1,08:30:51.074869596
5336.75,1,08:30:51.075012697
5337.0,1,08:30:51.334219184
5336.75,2,08:30:51.417220177
5336.75,1,08:30:51.417397806
5336.75,1,08:30:51.417441924
5336.75,1,08:30:51.417526720
5336.75,2,08:30:52.291000476
5336.75,2,08:30:52.580271121
5336.75,1,08:30:52.580305138
5336.75,3,08:30:52.580395066
5336.75,2,08:30:52.580445499
5336.75,10,08:30:52.580487260
5336.75,1,08:30:52.581254347
5336.75,1,08:30:53.410779579
5336.75,1,08:30:53.601171514
5336.75,2,08:30:53.602788398
5336.75,1,08:30:53.617874582
5336.75,1,08:30:53.702420366
5337.0,1,08:30:54.088554673
5336.75,6,08:30:54.158209325
5336.75,2,08:30:54.158256239
5336.75,1,08:30:54.158313632
5336.75,2,08:30:54.207008696
5336.75,1,08:30:54.635160968
5336.75,2,08:30:54.702172497
5336.75,1,08:30:54.702206180
5336.75,1,08:30:54.702316444
5336.5,2,08:30:54.709057774
5336.5,4,08:30:55.029416505
5336.5,4,08:30:55.126101488
5336.5,2,08:30:55.239048495
5336.75,1,08:30:55.408283771
5336.5,2,08:30:55.740852750
5336.5,2,08:30:55.740898320
5336.5,1,08:30:55.790368880
5336.5,1,08:30:55.902864976
5336.5,5,08:30:55.963010435
5336.25,2,08:30:56.054553978
5336.25,1,08:30:56.054585335
5336.25,2,08:30:56.054697702
5336.25,1,08:30:56.054752445
5336.25,6,08:30:56.054860972
5336.25,1,08:30:56.054892676
5336.25,1,08:30:56.054976334
5336.0,1,08:30:56.494624888
5336.0,1,08:30:56.647277253
5336.0,4,08:30:56.692345060
5336.0,1,08:30:56.877656633
5336.25,2,08:30:57.101673303
5336.25,1,08:30:57.101701304
5336.25,6,08:30:57.101821316
5336.25,1,08:30:57.101910719
5336.25,1,08:30:57.101953772
5336.25,1,08:30:57.340022149
5336.25,1,08:30:57.340219145
5336.0,1,08:30:57.877162827
5336.0,1,08:30:57.877186776
5336.0,6,08:30:57.877272573
5336.0,17,08:30:57.877389875
5336.0,1,08:30:57.877485023
5336.0,1,08:30:57.877562253
5336.0,3,08:30:57.877632312
5336.0,2,08:30:57.877909326
5336.0,1,08:30:57.877949541
5336.0,1,08:30:57.878092411
5336.0,1,08:30:57.899593438
5336.0,1,08:30:57.899782469
5336.0,3,08:30:57.899857110
5336.0,1,08:30:57.899901268
5336.0,3,08:30:57.902532488
5336.0,4,08:30:57.993568631
5336.0,1,08:30:58.072669594
5336.0,4,08:30:58.472756000
5336.0,1,08:30:58.472922258
5336.0,2,08:30:58.638069097
5336.0,1,08:30:58.638104148
5336.0,4,08:30:58.638148715
5336.0,2,08:30:58.638219520
5336.25,1,08:30:58.897779202
5336.25,10,08:30:58.898039594
5336.25,1,08:30:58.898186923
5336.25,1,08:30:58.898274463
5336.25,1,08:30:58.976887235
5336.25,1,08:30:59.011674192
5336.25,1,08:30:59.011817798
5336.25,1,08:30:59.011851588
5336.0,1,08:30:59.136510832
5336.5,1,08:30:59.629959364
5336.25,1,08:30:59.727345334
5336.25,1,08:30:59.737379581
5336.5,1,08:30:59.809778932
5336.25,2,08:30:59.993957404
5336.25,1,08:30:59.994023056
5336.25,2,08:30:59.994023056
5336.25,1,08:31:00.009283481
5336.25,1,08:31:00.009487239
5336.25,2,08:31:00.079895881
5336.25,1,08:31:00.079924362
5336.25,1,08:31:00.080055570
5336.25,1,08:31:00.080270420
5336.25,2,08:31:00.081274418
5336.25,1,08:31:00.105467402
5336.25,1,08:31:00.840081668
5336.25,4,08:31:00.840298677
5336.25,1,08:31:00.840452453
5336.25,1,08:31:00.840488315
5336.25,2,08:31:00.840726075
5336.25,2,08:31:00.840888980
5336.25,3,08:31:01.054627001
5336.0,12,08:31:01.062096931
5336.0,1,08:31:01.250042992
5336.0,1,08:31:01.250224935
5336.0,4,08:31:01.250308046
5336.0,1,08:31:01.250752222
5336.0,1,08:31:01.539652862
5335.75,1,08:31:01.565763888
5335.75,8,08:31:01.567346387
5335.75,1,08:31:01.567379978
5335.75,4,08:31:01.567428254
5335.75,3,08:31:01.567476053
5335.5,2,08:31:01.989931948
5335.5,2,08:31:01.990108361
5335.5,1,08:31:01.990182682
5335.5,2,08:31:01.990182682
5335.5,1,08:31:01.990232759
5335.5,7,08:31:01.990460385
5335.5,1,08:31:01.990634563
5335.5,1,08:31:01.990934873
5335.5,1,08:31:01.991192162
5335.5,1,08:31:01.991465626
5335.5,4,08:31:02.070356883
5335.5,1,08:31:02.093734914
5335.5,1,08:31:02.093925228
5335.5,2,08:31:02.158582680
5335.5,1,08:31:02.158611064
5335.5,3,08:31:02.158811996
5335.75,12,08:31:02.395988322
5335.75,3,08:31:02.396019193
5335.75,1,08:31:02.396411399
5335.75,1,08:31:02.396645861
5335.5,1,08:31:02.591616154
5335.75,1,08:31:02.809037532
5335.5,10,08:31:02.942983620
5335.5,1,08:31:02.943142465
5335.5,1,08:31:02.943191673
5335.5,1,08:31:03.106901856
5335.5,9,08:31:03.175345996
5335.25,1,08:31:03.282413953
5335.25,1,08:31:03.282426993
5335.25,1,08:31:03.596768912
5335.25,1,08:31:03.638845351
5335.25,1,08:31:03.652826300
5335.25,1,08:31:03.701267456
5335.25,1,08:31:03.720168863
5335.5,1,08:31:03.791757594
5335.5,2,08:31:03.796189290
5335.5,1,08:31:03.796367037
5335.5,3,08:31:03.796445080
5335.5,6,08:31:03.947739672
5335.5,2,08:31:04.151491936
5335.5,1,08:31:04.200772945
5335.5,1,08:31:04.200812591
5335.5,1,08:31:04.200971733
5335.75,4,08:31:04.317577586
5335.75,1,08:31:04.333990947
5335.75,1,08:31:04.342486106
5335.75,1,08:31:04.347805148
5335.75,1,08:31:04.358371037
5335.75,3,08:31:04.890215302
5335.5,1,08:31:05.024827588
5335.75,1,08:31:05.157832580
5335.5,1,08:31:05.234212691
5335.5,2,08:31:05.894029205
5335.5,1,08:31:05.894066815
5335.5,1,08:31:05.968346738
5335.75,1,08:31:05.989535527
5335.75,2,08:31:05.989576168
5335.75,1,08:31:05.989613580
5335.75,1,08:31:05.989758675
5335.75,1,08:31:05.989936979
5335.75,4,08:31:05.990987605
5336.0,3,08:31:06.015290119
5336.0,28,08:31:06.122374616
5336.0,2,08:31:06.199077456
5336.0,1,08:31:06.199115084
5336.0,6,08:31:06.199224403
5335.75,5,08:31:06.328003727
5335.75,6,08:31:06.328287109
5335.75,1,08:31:06.388449888
5335.75,3,08:31:06.389682021
5335.5,6,08:31:06.494240008
5335.75,1,08:31:06.798535462
5335.75,2,08:31:07.035461037
5335.75,1,08:31:07.035498430
5335.75,3,08:31:07.035586159
5335.75,1,08:31:07.265396345
5335.75,5,08:31:07.319537128
5335.75,1,08:31:07.319719820
5335.75,1,08:31:07.359026923
5335.75,2,08:31:07.359142906
5335.75,1,08:31:07.359344563
5335.75,1,08:31:07.359700124
5335.75,3,08:31:07.359894950
5335.75,2,08:31:07.417024808
5335.5,1,08:31:07.730976816
5335.5,1,08:31:07.731155066
5335.5,1,08:31:07.731195282
5335.5,1,08:31:07.731228248
5335.5,1,08:31:07.731364063
5335.5,1,08:31:07.731422204
5335.5,1,08:31:07.731506974
5335.5,2,08:31:08.436250543
5335.25,5,08:31:08.476929420
5335.25,5,08:31:09.435488240
5335.5,1,08:31:09.667420556
5335.5,1,08:31:09.672657436
5335.5,1,08:31:09.823414520
5335.5,1,08:31:09.823444315
5335.5,6,08:31:09.823521504
5335.5,2,08:31:09.823893207
5335.5,1,08:31:09.823937087
5335.25,2,08:31:09.877111931
5335.25,1,08:31:10.121516311
5335.25,1,08:31:10.121741243
5335.25,1,08:31:10.121936303
5335.25,1,08:31:10.122142029
5335.25,5,08:31:10.328778152
5335.25,1,08:31:10.328808018
5335.25,1,08:31:10.328975231
5335.25,1,08:31:10.329025724
5335.25,2,08:31:10.329081857
5335.25,2,08:31:10.329183732
5335.25,1,08:31:10.329183732
5335.25,1,08:31:10.329259416
5335.25,3,08:31:10.329373438
5335.25,1,08:31:10.329436206
5335.25,1,08:31:10.329554750
5335.25,2,08:31:10.329592319
5335.25,1,08:31:10.329695348
5335.5,7,08:31:10.730541306
5335.5,1,08:31:10.730888468
5335.5,1,08:31:10.914951752
5335.5,2,08:31:10.915124489
5335.5,1,08:31:10.915299621
5335.5,1,08:31:10.915342821
5335.5,2,08:31:10.915387162
5335.5,1,08:31:11.710052663
5335.5,1,08:31:11.710261378
5335.5,6,08:31:11.934979207
5335.5,2,08:31:11.935011125
5335.5,1,08:31:11.935268674
5335.5,5,08:31:11.935513269
5335.5,1,08:31:11.935716729
5335.5,1,08:31:11.937809104
5335.5,4,08:31:12.029335267
5335.5,3,08:31:12.029842762
5335.75,1,08:31:12.165785644
5335.75,2,08:31:12.165796009
5335.75,4,08:31:12.165986102
5335.75,1,08:31:12.166335310
5335.75,4,08:31:12.257620496
5335.75,2,08:31:12.258613204
5335.75,3,08:31:12.657109082
5335.75,2,08:31:12.800269588
5335.75,4,08:31:12.800650034
5335.75,2,08:31:13.064348891
5335.75,2,08:31:13.065250345
5335.75,1,08:31:13.274638054
5336.0,2,08:31:13.617199700
5336.0,8,08:31:13.623861164
5336.0,1,08:31:13.624816287
5336.0,3,08:31:13.740032853
5336.0,1,08:31:14.270236403
5336.0,5,08:31:14.720719509
5336.0,1,08:31:14.720919151
5336.0,1,08:31:14.722428097
5336.0,3,08:31:14.723020911
5336.0,4,08:31:14.723093528
5336.0,1,08:31:15.034787446
5335.75,3,08:31:15.097818826
5335.75,2,08:31:15.097900198
5335.75,1,08:31:15.097900198
5335.75,3,08:31:15.097967306
5335.75,6,08:31:15.098081584
5335.75,7,08:31:15.099057357
5335.75,1,08:31:15.099257765
5335.75,1,08:31:15.099506995
5335.5,25,08:31:15.372594964
5335.5,8,08:31:15.470598612
5335.5,1,08:31:15.470631419
5335.5,1,08:31:15.470698765
5335.5,1,08:31:15.471096373
5335.75,6,08:31:15.801859616
5335.75,2,08:31:15.802303107
5335.75,1,08:31:15.802634560
5335.75,2,08:31:15.802823840
5335.75,1,08:31:15.802982605
5335.75,2,08:31:15.869471674
5335.75,1,08:31:15.869513602
5335.75,4,08:31:15.869670027
5335.75,3,08:31:15.869972245
5335.75,1,08:31:15.870155526
5335.75,1,08:31:15.870238670
5335.75,1,08:31:15.870281598
5335.75,1,08:31:16.141124291
5335.5,1,08:31:16.781272872
5335.75,3,08:31:17.412942204
5335.75,1,08:31:17.412979518
5335.75,5,08:31:17.413091560
5335.75,2,08:31:17.413124046
5335.75,6,08:31:17.440531975
5335.75,10,08:31:18.256857392
5335.75,1,08:31:18.258098900
5335.75,2,08:31:18.258293794
5335.75,1,08:31:18.258418731
5336.0,13,08:31:19.346353371
5336.0,6,08:31:19.346805777
5336.0,1,08:31:19.346855393
5336.0,4,08:31:20.200044213
5336.0,8,08:31:20.200433930
5336.0,1,08:31:20.200493412
5336.0,2,08:31:20.200561328
5336.0,1,08:31:20.351676761
5336.0,1,08:31:20.352056468
5336.0,2,08:31:20.541161595
5336.0,5,08:31:20.541538156
5336.0,1,08:31:20.541608634
5336.0,1,08:31:20.541708003
5336.0,1,08:31:20.548053461
5335.75,1,08:31:20.575277716
5336.0,1,08:31:20.764230942
5336.0,1,08:31:21.077321685
5336.0,2,08:31:21.077520579
5336.0,1,08:31:21.077756174
5336.0,1,08:31:21.097247896
5336.25,1,08:31:21.263063064
5336.25,1,08:31:21.263074251
5336.0,1,08:31:21.467000640
5336.25,3,08:31:22.091328435
5336.25,1,08:31:22.091534122
5336.25,6,08:31:22.091828217
5336.25,1,08:31:22.092016439
5336.25,1,08:31:22.092046606
5336.25,1,08:31:22.092331498
5336.25,1,08:31:22.092366465
5336.25,1,08:31:22.092482429
5336.25,1,08:31:22.092552715
5336.25,1,08:31:22.237160361
5336.25,1,08:31:22.237440786
5336.25,2,08:31:22.237642704
5336.5,1,08:31:22.338623833
5336.5,1,08:31:22.338633335
5336.5,19,08:31:22.447774682
5336.25,1,08:31:22.478311483
5336.5,4,08:31:22.719151847
5336.5,1,08:31:22.719340024
5336.5,5,08:31:22.742397667
5336.5,2,08:31:22.742783067
5336.5,7,08:31:22.743052664
5336.5,1,08:31:22.743199825
5336.5,1,08:31:22.743247858
5336.5,1,08:31:22.743357156
5336.5,2,08:31:22.744998485
5336.5,1,08:31:22.745217062
5336.5,2,08:31:22.746012313
5336.5,1,08:31:22.746226845
5336.75,4,08:31:22.881783722
5336.75,1,08:31:22.881794016
5336.75,5,08:31:22.911468254
5336.75,1,08:31:22.912262973
5336.5,1,08:31:23.110164021
5336.5,2,08:31:23.110187500
5336.5,2,08:31:23.110391680
5336.5,1,08:31:23.110431464
5336.5,1,08:31:23.110485154
5336.5,1,08:31:23.110521843
5336.5,4,08:31:23.229340066
5336.5,1,08:31:23.229544858
5336.5,1,08:31:23.229595250
5336.5,1,08:31:23.229633487
5336.5,1,08:31:23.229746564
5336.75,5,08:31:23.330614839
5336.75,2,08:31:23.600888124
5336.75,1,08:31:23.600915203
5336.75,1,08:31:23.600974899
5336.75,1,08:31:23.773920705
5336.5,10,08:31:23.775162602
5336.5,4,08:31:23.775594325
5336.5,1,08:31:23.775763872
5336.5,1,08:31:23.775808503
5336.5,1,08:31:23.776071984
5336.75,1,08:31:23.809344140
5336.5,1,08:31:24.450232054
5336.5,1,08:31:24.606825239
5336.5,1,08:31:24.683628012
5336.5,1,08:31:24.865261944
5336.5,1,08:31:24.931645436
5336.5,1,08:31:24.931835101
5336.5,1,08:31:25.172330171
5336.5,1,08:31:26.667871605
5336.5,1,08:31:26.883955231
5336.5,2,08:31:27.105467444
5336.5,1,08:31:27.105627802
5336.5,1,08:31:27.463023329
5336.5,2,08:31:28.489878552
5336.5,1,08:31:28.911196955
5336.25,21,08:31:28.916927249
5336.25,6,08:31:28.917646467
5336.25,2,08:31:28.917849630
5336.25,1,08:31:28.919450244
5336.25,2,08:31:28.919547706
5336.5,1,08:31:28.931952092
5336.5,1,08:31:28.978188702
5336.5,1,08:31:29.084197738
5336.25,2,08:31:29.166735745
5336.25,3,08:31:29.166917755
5336.25,1,08:31:29.284796463
5336.25,2,08:31:29.284890334
5336.25,1,08:31:29.284953502
5336.25,1,08:31:29.285212394
5336.5,1,08:31:29.427007723
5336.5,1,08:31:30.417057821
5336.5,1,08:31:30.418242952
5336.75,11,08:31:30.538975109
5336.75,1,08:31:30.539359796
5336.75,2,08:31:30.539621040
5336.75,1,08:31:30.959523313
5336.75,1,08:31:31.084008190
5337.0,1,08:31:31.308833938
5337.0,1,08:31:31.308909464
5337.0,2,08:31:31.308909464
5337.0,8,08:31:31.309079023
5337.0,2,08:31:31.309368862
5337.0,2,08:31:31.309584089
5337.0,1,08:31:31.309644519
5337.0,1,08:31:31.310000790
5337.0,3,08:31:31.310125831
5337.0,2,08:31:31.310256269
5337.0,1,08:31:31.310314161
5337.0,2,08:31:31.310490789
5336.75,2,08:31:31.443657557
5337.0,1,08:31:31.574783119
5337.0,1,08:31:31.867744839
5337.0,1,08:31:32.059015015
5337.0,1,08:31:32.059051413
5337.0,4,08:31:32.059256331
5337.0,1,08:31:32.059605907
5337.0,6,08:31:32.059981649
5337.0,2,08:31:32.060328309
5337.0,1,08:31:32.195310959
5337.25,2,08:31:32.299701997
5337.25,1,08:31:32.299714804
5337.25,1,08:31:32.428900797
5337.25,1,08:31:32.429076849
5337.25,1,08:31:32.429120382
5337.25,1,08:31:32.429156795
5337.25,1,08:31:32.429193824
5337.25,1,08:31:32.429259149
5337.0,1,08:31:32.484006936
5337.25,3,08:31:32.512640663
5337.25,3,08:31:32.512670999
5337.25,8,08:31:32.512713345
5337.25,1,08:31:32.512737288
5337.25,1,08:31:32.512811264
5337.25,5,08:31:32.512898683
5337.5,1,08:31:32.777662907
5337.5,3,08:31:32.777673643
5337.5,5,08:31:32.777893039
5337.5,15,08:31:32.778002706
5337.75,1,08:31:33.056226972
5337.75,1,08:31:33.056237579
5337.75,8,08:31:33.060140022
5337.75,1,08:31:33.060303927
5337.75,1,08:31:33.060427709
5337.75,1,08:31:33.060770896
5337.75,1,08:31:33.060824251
5337.75,1,08:31:33.085925542
5338.0,1,08:31:33.134519250
5337.75,3,08:31:33.134519250
5338.0,1,08:31:33.134534859
5337.75,8,08:31:33.135238259
5338.0,2,08:31:33.409174485
5338.0,4,08:31:33.449936842
5338.0,1,08:31:33.572097982
5338.0,1,08:31:33.680401044
5338.0,1,08:31:33.774279163
5338.0,2,08:31:33.948480003
5338.0,1,08:31:33.978038294
5338.0,2,08:31:33.979646164
5338.0,1,08:31:33.982418967
5338.0,3,08:31:33.983357508
5338.0,1,08:31:33.983557871
5338.0,1,08:31:33.983632018
5338.0,2,08:31:33.983750688
5338.0,1,08:31:33.983805885
5338.0,1,08:31:33.983849384
5338.0,1,08:31:33.983943642
5338.0,1,08:31:34.048241651
5338.0,57,08:31:34.057233198
5338.0,1,08:31:34.147782645
5338.25,1,08:31:34.246886133
5338.25,1,08:31:34.246899992
5338.0,1,08:31:34.303675445
5338.0,1,08:31:34.477449351
5338.25,2,08:31:34.670432195
5338.25,1,08:31:34.901759017
5338.25,1,08:31:34.903967224
5338.25,1,08:31:34.916977741
5338.0,27,08:31:35.042779442
5338.0,4,08:31:35.043301711
5338.0,5,08:31:35.151136720
5338.0,1,08:31:35.222853450
5338.0,1,08:31:35.223021742
5338.0,1,08:31:35.223041954
5338.0,1,08:31:35.223401948
5338.0,1,08:31:35.239008462
5338.25,1,08:31:35.261157784
5338.25,4,08:31:35.296813392
5338.0,1,08:31:35.320013640
5338.25,4,08:31:35.493952761
5338.25,10,08:31:35.813429119
5338.25,2,08:31:35.813814212
5338.25,1,08:31:35.814011995
5338.25,1,08:31:35.814048997
5338.25,2,08:31:35.814106720
5338.25,1,08:31:35.888216105
5338.0,19,08:31:35.893607653
5338.0,4,08:31:35.895601482
5338.0,2,08:31:36.158882223
5338.0,1,08:31:36.229507496
5338.0,1,08:31:36.229535596
5337.75,1,08:31:36.735937422
5338.0,1,08:31:36.763917285
5338.0,1,08:31:36.764214642
5338.25,2,08:31:36.910523755
5338.25,1,08:31:36.910704371
5338.25,4,08:31:36.910746419
5338.25,4,08:31:36.947446550
5338.25,2,08:31:36.947795226
5338.0,1,08:31:37.070352074
5338.0,2,08:31:37.140664962
5338.0,4,08:31:37.140915251
5338.0,5,08:31:37.657136829
5337.75,2,08:31:37.744006674
5338.0,1,08:31:37.773084119
5338.0,1,08:31:37.783881657
5337.75,3,08:31:38.020230498
5337.75,13,08:31:38.020493592
5337.75,1,08:31:38.021089124
5337.75,1,08:31:38.383429908
5337.75,1,08:31:38.470634284
5337.5,1,08:31:38.787412649
5337.75,4,08:31:39.004953503
5337.75,2,08:31:39.005312500
5337.75,1,08:31:39.325720015
5337.5,1,08:31:39.510708333
5337.5,3,08:31:39.510903031
5337.5,8,08:31:39.510966699
5337.5,14,08:31:39.511028522
5337.5,22,08:31:39.511785404
5337.5,1,08:31:39.512065269
5337.5,2,08:31:39.682434918
5337.5,4,08:31:39.682486122
5337.5,1,08:31:40.169473634
5337.25,1,08:31:40.169724378
5337.25,3,08:31:40.315827513
5337.25,3,08:31:40.315886224
5337.25,3,08:31:40.315938062
5337.25,6,08:31:40.316062205
5337.0,3,08:31:40.318918429
5337.0,2,08:31:40.319141407
5337.0,15,08:31:40.338807319
5337.0,12,08:31:40.505673223
5337.0,1,08:31:40.675182449
5337.0,2,08:31:40.680233125
5337.0,1,08:31:40.680299692
5337.25,1,08:31:40.905854584
5337.0,4,08:31:40.956268289
5337.0,2,08:31:40.989723142
5337.0,2,08:31:40.989983883
5337.0,6,08:31:40.990178639
5337.0,1,08:31:40.992728853
5336.75,2,08:31:41.216164573
5337.0,2,08:31:41.415626639
5337.0,19,08:31:41.535268205
5337.0,1,08:31:41.535404022
5337.0,1,08:31:41.535587977
5337.0,1,08:31:41.535932576
5337.0,1,08:31:41.635284554
5337.0,2,08:31:42.073204370
5336.75,4,08:31:42.517708913
5336.75,1,08:31:42.555616954
5337.0,1,08:31:43.064438233
5337.0,1,08:31:43.576972915
5337.0,2,08:31:43.789292137
5337.0,1,08:31:43.789318713
5337.0,1,08:31:43.789465513
5337.0,2,08:31:43.789807603
5337.25,2,08:31:44.398952872
5337.25,1,08:31:44.398977071
5337.25,2,08:31:45.361389193
5337.25,1,08:31:45.361464768
5337.25,1,08:31:45.361504287
5337.25,1,08:31:45.362081248
5337.25,6,08:31:45.822092172
5337.25,4,08:31:45.822471014
5337.25,3,08:31:45.822696462
5337.25,1,08:31:45.822841341
5337.25,1,08:31:45.822877921
5337.25,1,08:31:45.823095658
5337.25,3,08:31:46.032574675
5337.25,5,08:31:47.085992588
5337.25,2,08:31:47.086362931
5337.25,1,08:31:47.086564023
5337.25,4,08:31:47.086615051
5337.25,1,08:31:47.086799154
5337.25,1,08:31:47.279073484
5337.25,1,08:31:47.909381250
5337.25,2,08:31:50.102809680
5337.25,1,08:31:50.102837268
5337.25,3,08:31:50.103075961
5337.25,6,08:31:50.103367090
5337.25,1,08:31:50.103581386
5337.25,1,08:31:50.103696022
5337.25,1,08:31:50.103763917
5337.25,3,08:31:50.103853190
5337.25,1,08:31:50.103923981
5337.25,1,08:31:50.103994011
5337.25,2,08:31:50.104391620
5337.25,4,08:31:50.104595938
5337.25,2,08:31:50.104850451
5337.0,5,08:31:50.118129819
5337.0,2,08:31:50.328131077
5337.0,2,08:31:50.328168952
5337.0,1,08:31:50.328217264
5337.0,10,08:31:50.328385523
5337.0,1,08:31:50.328458654
5337.0,2,08:31:50.328458654
5337.0,8,08:31:50.328512492
5336.75,16,08:31:50.361772208
5336.5,1,08:31:50.361789204
5336.75,17,08:31:50.362466901
5336.75,1,08:31:50.362777375
5336.75,4,08:31:50.391099837
5336.75,2,08:31:51.146918710
5336.75,1,08:31:51.146941136
5336.75,6,08:31:51.147012609
5336.75,2,08:31:51.147051967
5337.0,1,08:31:51.260933275
5337.0,3,08:31:51.510643209
5337.0,2,08:31:51.593311112
5337.0,1,08:31:51.803250323
5337.0,1,08:31:52.184872599
5337.0,7,08:31:52.914968750
5337.0,2,08:31:52.918154568
5337.0,2,08:31:52.918457179
5337.0,2,08:31:52.918653528
5337.0,1,08:31:52.918714214
5337.0,5,08:31:53.187526140
5337.0,1,08:31:53.444968830
5337.0,1,08:31:54.407985858
5337.0,1,08:31:56.755818119
5337.0,2,08:31:56.755853643
5337.0,1,08:31:56.755875563
5337.0,1,08:31:56.755921292
5337.0,6,08:31:56.837311303
5337.0,1,08:31:56.837497951
5337.0,1,08:31:56.837571905
5337.25,1,08:31:58.605048413
5337.0,1,08:31:59.113120011
5337.0,10,08:32:00.160333825
5337.0,2,08:32:00.160543004
5337.0,5,08:32:00.160621639
5336.75,11,08:32:00.230344641
5336.75,5,08:32:00.230507191
5336.75,2,08:32:00.230718153
5336.75,1,08:32:00.230763178
5336.75,1,08:32:00.230921520
5337.0,2,08:32:00.276897797
5337.0,1,08:32:00.276926133
5337.0,1,08:32:00.276979660
5337.0,2,08:32:00.277075471
5337.0,1,08:32:00.277109039
5337.0,1,08:32:00.277648634
5337.0,2,08:32:00.384214136
5337.0,1,08:32:00.384290854
5337.0,3,08:32:00.384290854
5337.0,2,08:32:00.384590112
5337.0,5,08:32:00.560060047
5337.0,3,08:32:01.025291098
5337.0,4,08:32:01.025610112
5336.75,2,08:32:01.091576920
5336.75,4,08:32:01.091812198
5336.5,2,08:32:01.169324151
5336.5,3,08:32:01.169387416
5336.5,5,08:32:01.169923814
5336.5,2,08:32:01.169963203
5336.5,1,08:32:01.170891222
5336.5,3,08:32:01.171403876
5336.25,6,08:32:01.494567185
5336.25,3,08:32:01.494594498
5336.0,1,08:32:01.515609303
5336.0,2,08:32:01.515620142
5336.0,3,08:32:01.515754493
5336.0,1,08:32:01.515823349
5336.0,2,08:32:01.515823349
5336.0,10,08:32:01.515961214
5336.0,2,08:32:01.516040716
5336.0,1,08:32:01.516040716
5336.0,8,08:32:01.516169696
5336.0,1,08:32:01.516202796
5336.0,2,08:32:01.592390627
5336.0,1,08:32:01.592419290
5335.75,2,08:32:01.905002170
5335.75,1,08:32:01.905013322
5335.75,1,08:32:01.905057979
5335.75,1,08:32:01.905183230
5335.75,1,08:32:01.905287728
5335.75,3,08:32:01.905540529
5335.75,2,08:32:01.906785105
5335.75,1,08:32:01.966978835
5335.5,1,08:32:02.359087718
5335.5,4,08:32:02.359095868
5335.75,1,08:32:02.514562250
5335.75,2,08:32:02.514779410
5335.75,1,08:32:02.514815522
5335.75,1,08:32:02.515045838
5335.75,3,08:32:02.515259400
5335.75,1,08:32:02.515288675
5335.75,3,08:32:02.517367206
5335.75,3,08:32:02.523832782
5335.75,4,08:32:02.527271200
5335.75,3,08:32:02.548682872
5335.5,2,08:32:02.591033412
5335.5,5,08:32:02.656918539
5335.5,1,08:32:02.682182681
5335.5,2,08:32:03.008296506
5335.75,1,08:32:03.071585243
5335.5,1,08:32:03.135549404
5335.75,1,08:32:03.184359654
5335.25,61,08:32:03.278611445
5335.5,28,08:32:03.278611445
5335.25,2,08:32:03.279394695
5335.25,2,08:32:03.279422695
5335.25,1,08:32:03.279706468
5335.25,6,08:32:03.279747842
5335.25,1,08:32:03.280641382
5335.25,1,08:32:03.280685954
5335.25,1,08:32:03.280720140
5335.5,1,08:32:03.289412398
5335.5,1,08:32:03.300769461
5335.5,4,08:32:03.300921742
5335.5,8,08:32:03.301275004
5335.5,1,08:32:03.301442246
5335.5,1,08:32:03.301513662
5335.5,1,08:32:03.301557010
5335.5,1,08:32:03.301806404
5335.5,1,08:32:03.302007195
5335.5,1,08:32:03.302068668
5335.5,1,08:32:03.302275917
5335.5,3,08:32:03.302477969
5335.5,1,08:32:03.302769031
5335.5,1,08:32:03.302808318
5335.5,1,08:32:03.302987512
5335.5,4,08:32:03.303613589
5335.25,1,08:32:03.310925329
5335.25,6,08:32:03.372049609
5335.25,1,08:32:03.423927227
5335.5,1,08:32:03.473971211
5335.5,1,08:32:03.522983017
5335.25,5,08:32:03.800865099
5335.25,1,08:32:03.801085149
5335.25,1,08:32:03.801124804
5335.0,2,08:32:04.044113418
5335.0,1,08:32:04.044127731
5335.0,3,08:32:04.044127731
5335.0,1,08:32:04.044135134
5335.0,1,08:32:04.044141111
5335.25,1,08:32:04.068635103
5335.0,2,08:32:04.072195632
5335.0,1,08:32:04.094568273
5335.0,6,08:32:04.094790639
5335.0,1,08:32:04.094831236
5335.0,3,08:32:04.094888183
5335.0,1,08:32:04.094969299
5335.0,2,08:32:04.095018516
5335.0,1,08:32:04.095063848
5335.0,1,08:32:04.095118204
5335.0,1,08:32:04.095157021
5335.0,3,08:32:04.095201883
5335.0,18,08:32:04.095248306
5335.0,10,08:32:04.095896597
5335.0,1,08:32:04.095966391
5335.0,1,08:32:04.096031973
5335.0,3,08:32:04.096031973
5335.0,1,08:32:04.096147713
5335.0,1,08:32:04.096202347
5335.0,2,08:32:04.163943077
5335.0,1,08:32:04.510828851
5335.25,4,08:32:04.628343588
5335.25,2,08:32:04.628377367
5335.25,1,08:32:04.628469674
5335.25,2,08:32:04.695933082
5335.25,1,08:32:04.695962980
5335.25,1,08:32:04.743298348
5335.25,3,08:32:04.930213146
5335.25,1,08:32:04.930819169
5335.25,1,08:32:04.930932988
5335.25,2,08:32:04.931231443
5335.25,2,08:32:04.931448221
5335.25,1,08:32:04.957155220
5335.0,5,08:32:04.988838072
5335.0,1,08:32:05.010966133
5335.0,2,08:32:05.020444531
5335.0,3,08:32:05.077426080
5335.25,1,08:32:05.557002449
5335.25,2,08:32:05.574858878
5335.25,1,08:32:05.574881614
5335.25,5,08:32:05.574966301
5335.25,1,08:32:05.941234607
5335.25,1,08:32:06.085800351
5335.25,7,08:32:06.431705761
5335.0,1,08:32:06.579755710
5335.25,5,08:32:06.701887648
5335.0,2,08:32:06.821359258
5335.25,1,08:32:07.396692411
5335.5,1,08:32:08.015993887
5335.5,2,08:32:08.125537183
5335.5,10,08:32:08.125642823
5335.5,3,08:32:08.127003119
5335.5,1,08:32:08.127783234
5335.75,2,08:32:08.187890098
5335.75,9,08:32:08.216890618
5335.75,1,08:32:08.218743661
5335.75,1,08:32:08.218957636
5335.75,4,08:32:08.219029992
5335.75,1,08:32:08.219029992
5335.5,2,08:32:08.916689243
5335.5,1,08:32:08.916827240
5335.5,1,08:32:08.938248168
5335.5,3,08:32:08.957645808
5335.5,2,08:32:08.957671284
5335.5,1,08:32:08.957834349
5335.5,2,08:32:08.958140587
5335.5,1,08:32:08.958331672
5335.5,2,08:32:09.205413251
5335.5,2,08:32:09.205496939
5335.5,1,08:32:09.205496939
5335.5,1,08:32:09.205545554
5335.5,1,08:32:09.205817227
5335.5,11,08:32:09.206077706
5335.5,1,08:32:09.206386711
5335.5,1,08:32:09.206583387
5335.5,1,08:32:09.206620734
5335.5,1,08:32:09.206892183
5335.5,1,08:32:09.465124245
5335.5,1,08:32:09.897101230
5335.5,1,08:32:10.008028535
5335.5,12,08:32:10.219131723
5335.5,10,08:32:10.220658929
5335.5,1,08:32:10.220692641
5335.5,1,08:32:10.221761031
5335.5,1,08:32:10.221796673
5335.5,1,08:32:10.221869967
5335.5,1,08:32:10.222003732
5335.5,2,08:32:10.223027389
5335.5,1,08:32:10.223109089
5335.5,4,08:32:10.224178999
5335.5,1,08:32:10.224217141
5335.5,2,08:32:10.224573897
5335.5,1,08:32:10.224923632
5335.5,1,08:32:10.225133095
5335.25,4,08:32:10.527601830
5335.5,1,08:32:10.660637237
5335.5,2,08:32:10.826548540
5335.5,1,08:32:11.000516218
5335.25,1,08:32:11.141144790
5335.25,15,08:32:11.206449612
5335.25,2,08:32:11.206876537
5335.25,11,08:32:11.207209579
5335.25,1,08:32:11.207460010
5335.25,1,08:32:11.207576684
5335.25,1,08:32:11.207789175
5335.0,5,08:32:11.798758277
5335.0,2,08:32:11.798767576
5335.25,10,08:32:11.808744948
5335.25,2,08:32:11.809185491
5335.25,1,08:32:11.891324247
5335.25,2,08:32:11.892582024
5335.0,2,08:32:12.415625621
5335.0,11,08:32:12.415945010
5334.75,1,08:32:12.769395558
5334.75,1,08:32:12.769410269
5334.75,1,08:32:12.770077105
5334.75,1,08:32:12.770388340
5334.75,1,08:32:12.773134136
5335.0,9,08:32:13.019103025
5335.0,1,08:32:13.019421909
5335.0,2,08:32:13.037342307
5335.0,2,08:32:13.037524746
5335.0,1,08:32:13.037562350
5335.0,3,08:32:13.117614759
5335.0,1,08:32:13.117856960
5334.75,2,08:32:13.263341347
5335.0,6,08:32:13.400977332
5335.0,1,08:32:13.581074908
5334.75,4,08:32:13.639178890
5334.75,1,08:32:13.873693248
5334.75,15,08:32:13.937604157
5334.75,3,08:32:14.326335541
5334.75,1,08:32:14.326367990
5334.75,3,08:32:14.326698146
5334.75,2,08:32:14.326920708
5334.75,1,08:32:14.327014332
5334.75,2,08:32:14.327014332
5334.5,1,08:32:14.408630329
5334.5,1,08:32:14.408642210
5334.5,5,08:32:14.588202839
5334.5,16,08:32:14.743892208
5334.25,60,08:32:14.743892208
5334.0,10,08:32:14.744075246
5334.0,1,08:32:14.744081602
5334.0,1,08:32:14.744086719
5334.0,1,08:32:14.744237041
5334.0,1,08:32:14.744242891
5334.0,30,08:32:14.744261391
5334.0,1,08:32:14.744267419
5334.25,2,08:32:14.745037121
5334.25,3,08:32:14.759858017
5334.25,3,08:32:14.760481745
5334.25,3,08:32:14.760845528
5334.25,1,08:32:14.761847356
5334.0,1,08:32:15.090017468
5334.0,1,08:32:15.220582570
5334.25,1,08:32:15.325462386
5334.25,6,08:32:15.325664351
5334.25,3,08:32:15.325849421
5334.25,1,08:32:15.326055370
5334.25,2,08:32:15.326094468
5334.25,3,08:32:15.326152553
5334.25,8,08:32:15.326410497
5334.25,2,08:32:15.326789971
5334.5,5,08:32:15.332486001
5334.5,13,08:32:15.332778209
5334.5,2,08:32:15.332863417
5334.5,1,08:32:15.332863417
5334.5,1,08:32:15.333153080
5334.5,1,08:32:15.333274385
5334.5,4,08:32:15.504034735
5334.5,1,08:32:15.522435188
5334.75,1,08:32:15.642888697
5334.75,4,08:32:15.643134727
5334.75,1,08:32:15.643606765
5334.75,1,08:32:15.887658008
5335.0,1,08:32:16.146100754
5335.0,2,08:32:16.342653323
5335.0,5,08:32:16.342911293
5335.0,1,08:32:16.343279396
5335.0,1,08:32:16.695337409
5335.25,1,08:32:16.768512115
5335.25,1,08:32:16.769121320
5335.25,2,08:32:16.769121320
5335.25,3,08:32:16.769121320
5335.25,1,08:32:16.769217518
5335.25,3,08:32:16.769217518
5335.25,4,08:32:16.770442617
5335.25,2,08:32:16.770607005
5335.25,4,08:32:16.770821127
5335.25,1,08:32:16.770940513
5335.25,3,08:32:16.770940513
5335.25,1,08:32:16.778920218
5335.25,3,08:32:16.796216162
5335.25,6,08:32:16.796515227
5335.25,3,08:32:16.796915178
5335.0,1,08:32:16.968420131
5335.0,1,08:32:17.073830402
5335.0,1,08:32:17.073887443
5335.0,2,08:32:17.073947795
5335.0,1,08:32:17.074031497
5335.0,5,08:32:17.074335727
5335.0,2,08:32:17.074776891
5335.0,2,08:32:17.074945448
5335.0,8,08:32:17.168480566
5335.0,2,08:32:17.168791874
5335.0,2,08:32:17.168971533
5335.25,1,08:32:17.428200728
5335.25,1,08:32:17.640015140
5335.25,1,08:32:17.640097215
5335.25,1,08:32:17.640353396
5335.25,1,08:32:17.640449743
5335.25,1,08:32:17.640563752
5335.25,1,08:32:17.640808541
5335.25,1,08:32:17.641078863
5335.25,1,08:32:17.831914114
5335.25,5,08:32:18.103945445
5335.5,22,08:32:18.149210533
5335.75,1,08:32:18.149227119
5335.75,1,08:32:18.150626264
5335.5,1,08:32:18.150664156
5335.75,1,08:32:18.150715332
5335.5,6,08:32:18.150848941
5335.75,1,08:32:18.150905726
5335.5,1,08:32:18.151218743
5335.75,1,08:32:18.230027877
5335.75,1,08:32:18.230060400
5335.75,4,08:32:18.230225817
5335.75,2,08:32:18.230296286
5335.75,1,08:32:18.230385113
5335.75,1,08:32:18.230429510
5335.75,1,08:32:18.230679263
5335.75,1,08:32:18.230698792
5335.75,2,08:32:18.230946196
5335.75,1,08:32:18.246036426
5335.75,2,08:32:18.246885227
5335.75,1,08:32:18.269928108
5335.75,1,08:32:18.342856423
5335.75,1,08:32:18.496282221
5335.75,10,08:32:18.600790546
5335.5,1,08:32:18.744515802
5335.75,1,08:32:18.803335011
5335.75,1,08:32:18.803504311
5335.75,1,08:32:18.832383953
5335.75,4,08:32:18.888346768
5335.5,5,08:32:18.902965295
5335.75,1,08:32:18.907674161
