price,volume,timestamp
118.71,1,08:40:00.298626630
118.71,2,08:40:00.299033545
118.71,1,08:40:00.299033545
118.71,1,08:40:00.299762712
118.71,1,08:40:00.299933026
118.71,2,08:40:00.300303095
118.71,2,08:40:00.300700049
118.71,1,08:40:00.301034545
118.72,1,08:40:01.207494600
118.72,1,08:40:01.207959150
118.71,1,08:40:02.751354368
118.71,1,08:40:02.751440825
118.71,1,08:40:02.751850822
118.71,5,08:40:02.751850822
118.71,4,08:40:02.751964253
118.71,1,08:40:02.751991900
118.71,4,08:40:02.752450284
118.71,1,08:40:02.752450284
118.71,1,08:40:02.752696969
118.71,1,08:40:02.752864070
118.71,2,08:40:02.753492977
118.71,1,08:40:02.754294750
118.71,1,08:40:02.777842424
118.71,1,08:40:02.778327463
118.71,1,08:40:02.778892298
118.71,2,08:40:03.308365470
118.71,1,08:40:03.308365470
118.71,1,08:40:04.687382575
118.71,1,08:40:04.687532767
118.7,1,08:40:05.547877804
118.7,2,08:40:05.547987807
118.7,4,08:40:05.548010581
118.7,1,08:40:05.548010581
118.7,1,08:40:05.548480463
118.7,2,08:40:05.548644651
118.7,3,08:40:05.548665233
118.7,1,08:40:05.570840685
118.7,5,08:40:05.570840685
118.7,1,08:40:05.571120111
118.7,1,08:40:05.571136117
118.7,1,08:40:05.571166248
118.7,6,08:40:05.571166248
118.7,1,08:40:05.571181643
118.7,2,08:40:05.571200133
118.7,2,08:40:05.571216603
118.7,1,08:40:05.571235465
118.7,1,08:40:05.571907857
118.7,1,08:40:07.508793081
118.7,1,08:40:07.512994447
118.7,1,08:40:07.714994042
118.7,1,08:40:08.807363384
118.7,1,08:40:10.291701276
118.7,1,08:40:10.980049263
118.7,1,08:40:10.980124742
118.7,2,08:40:11.605646020
118.7,2,08:40:11.605719264
118.7,1,08:40:11.605734807
118.7,1,08:40:11.606116488
118.7,1,08:40:12.455197809
118.7,1,08:40:12.465992787
118.7,1,08:40:12.480307762
118.7,1,08:40:13.061604785
118.7,1,08:40:13.687929864
118.7,2,08:40:13.688014251
118.7,1,08:40:13.688032952
118.7,1,08:40:13.705979798
118.71,1,08:40:13.705993868
118.71,2,08:40:13.706082235
118.71,1,08:40:13.706098063
118.71,3,08:40:13.706098063
118.7,1,08:40:14.256900695
118.7,1,08:40:14.257157073
118.7,1,08:40:14.257255785
118.7,4,08:40:14.257342784
118.7,6,08:40:14.257443408
118.7,1,08:40:14.257808535
118.71,2,08:40:15.957061386
118.7,1,08:40:19.518505261
118.7,2,08:40:19.616848880
118.7,1,08:40:19.616848880
118.7,1,08:40:19.617112416
118.7,1,08:40:19.617128169
118.7,1,08:40:19.617525848
118.7,2,08:40:19.617542523
118.7,1,08:40:19.617557224
118.7,2,08:40:19.617590063
118.7,1,08:40:19.617621019
118.7,1,08:40:19.617634914
118.7,1,08:40:19.617648739
118.7,4,08:40:19.617856729
118.7,1,08:40:19.653677705
118.7,1,08:40:19.889488500
118.7,1,08:40:20.425223372
118.7,1,08:40:20.511014130
118.7,2,08:40:20.511287128
118.7,6,08:40:20.511385666
118.7,2,08:40:20.511507608
118.7,2,08:40:21.878889880
118.7,2,08:40:21.879017233
118.7,1,08:40:21.879036961
118.7,2,08:40:21.879036961
118.7,1,08:40:21.879526241
118.7,8,08:40:21.879526241
118.7,4,08:40:21.879526241
118.7,1,08:40:21.879966906
118.71,17,08:40:24.876949746
118.71,1,08:40:24.877039931
118.71,1,08:40:24.877054028
118.71,9,08:40:24.877071151
118.71,1,08:40:24.877071151
118.71,1,08:40:25.912126288
118.71,4,08:40:25.912147318
118.71,1,08:40:25.912147318
118.71,2,08:40:25.913327525
118.71,4,08:40:25.913327525
118.71,1,08:40:26.126345592
118.71,2,08:40:26.622949717
118.71,1,08:40:26.622949717
118.71,2,08:40:26.623051950
118.71,1,08:40:26.623051950
118.71,5,08:40:26.623068305
118.71,2,08:40:26.623068305
118.71,1,08:40:26.623068305
118.71,2,08:40:31.588521288
118.71,1,08:40:31.588521288
118.71,1,08:40:31.588600005
118.71,1,08:40:33.268578808
118.71,2,08:40:33.268578808
118.71,1,08:40:33.269051727
118.71,2,08:40:33.269066681
118.71,1,08:40:33.269066681
118.71,1,08:40:33.274984974
118.72,2,08:40:35.400489713
118.72,1,08:40:35.400489713
118.72,1,08:40:35.400504660
118.72,6,08:40:35.400504660
118.72,5,08:40:35.400762516
118.72,3,08:40:35.400762516
118.72,2,08:40:35.401149092
118.72,2,08:40:35.401167414
118.72,3,08:40:35.401167414
118.72,1,08:40:35.401366998
118.72,1,08:40:35.951200079
118.71,15,08:40:36.688619513
118.71,2,08:40:36.688707909
118.71,1,08:40:36.688725356
118.7,1,08:40:37.169011628
118.7,1,08:40:37.169143612
118.7,1,08:40:37.169259912
118.7,1,08:40:37.169279622
118.7,2,08:40:37.169296606
118.7,1,08:40:37.169441807
118.7,1,08:40:37.204593933
118.7,1,08:40:37.205415443
118.7,1,08:40:37.247179798
118.7,2,08:40:37.316975440
118.7,1,08:40:37.317291462
118.7,1,08:40:37.317493756
118.7,1,08:40:37.318580425
118.7,1,08:40:37.330614106
118.7,2,08:40:37.366811969
118.7,1,08:40:37.819160121
118.69,7,08:40:39.787269351
118.69,4,08:40:39.787269351
118.69,25,08:40:39.787528088
118.69,2,08:40:39.787542628
118.69,1,08:40:39.787556820
118.69,2,08:40:39.787572071
118.69,1,08:40:39.787586663
118.69,1,08:40:39.787600228
118.69,1,08:40:39.787615581
118.69,10,08:40:39.787632411
118.69,7,08:40:39.787632411
118.69,3,08:40:39.787645911
118.69,1,08:40:39.787668407
118.69,7,08:40:39.787682557
118.69,2,08:40:39.787751476
118.69,1,08:40:39.787765053
118.69,1,08:40:39.787779482
118.69,25,08:40:40.786789511
118.69,1,08:40:40.786875380
118.69,9,08:40:40.787298422
118.69,1,08:40:40.787298422
118.69,2,08:40:40.787446567
118.69,1,08:40:40.821855361
118.68,4,08:40:40.858473338
118.68,21,08:40:40.858751158
118.68,3,08:40:40.858867085
118.68,5,08:40:40.858985034
118.68,5,08:40:40.859009299
118.68,2,08:40:40.859009299
118.68,5,08:40:40.859024512
118.68,4,08:40:40.859241696
118.68,1,08:40:41.193819558
118.68,1,08:40:41.196310110
118.68,1,08:40:41.196838308
118.68,1,08:40:41.197375603
118.68,7,08:40:41.197817734
118.68,1,08:40:41.197832915
118.68,4,08:40:41.198589113
118.68,2,08:40:41.198643148
118.68,1,08:40:41.198664888
118.68,1,08:40:41.198812610
118.68,1,08:40:41.435291680
118.68,1,08:40:42.920700540
118.68,2,08:40:42.920801861
118.68,2,08:40:42.920822863
118.68,1,08:40:42.920822863
118.68,1,08:40:42.921528312
118.68,1,08:40:42.984881772
118.68,1,08:40:43.280832057
118.68,1,08:40:43.280968597
118.68,2,08:40:43.280989721
118.68,1,08:40:43.280989721
118.68,1,08:40:43.281004396
118.69,1,08:40:45.974867705
118.69,1,08:40:45.974952265
118.69,1,08:40:46.173707999
118.69,2,08:40:46.173707999
118.69,1,08:40:46.174071916
118.69,2,08:40:46.367216042
118.69,1,08:40:46.367216042
118.68,1,08:40:47.763920643
118.68,2,08:40:47.764001734
118.68,5,08:40:47.764119222
118.68,5,08:40:47.764430018
118.68,1,08:40:47.764430018
118.68,1,08:40:47.951609323
118.68,2,08:40:47.951681953
118.67,1,08:40:55.052822245
118.67,2,08:40:55.052869243
118.67,1,08:40:55.052869243
118.67,1,08:40:55.053352085
118.67,1,08:40:55.053428958
118.67,1,08:40:55.053445099
118.67,4,08:40:55.053445099
118.67,2,08:40:55.053748353
118.67,6,08:40:55.054160267
118.67,1,08:40:55.054184119
118.67,3,08:40:55.054184119
118.67,1,08:40:55.057221861
118.67,13,08:40:55.057221861
118.67,1,08:40:55.089245797
118.67,1,08:40:55.345787484
118.67,1,08:40:55.968258241
118.67,1,08:40:57.663415138
118.67,1,08:40:57.663526396
118.67,1,08:40:57.663668383
118.67,2,08:40:57.663668383
118.67,7,08:40:57.663686060
118.67,4,08:40:57.691283720
118.67,3,08:40:57.691283720
118.67,9,08:40:57.691283720
118.67,1,08:40:57.691357595
118.67,1,08:40:57.691371090
118.67,2,08:40:57.691386392
118.67,2,08:40:57.692281525
118.67,1,08:40:57.692299365
118.67,1,08:40:57.692504897
118.67,1,08:40:57.693342647
118.67,1,08:40:57.716457563
118.67,2,08:40:57.716471220
118.67,1,08:40:57.716558049
118.67,1,08:40:57.716573492
118.67,2,08:40:57.716573492
118.67,1,08:40:57.716590730
118.67,2,08:40:57.742307551
118.67,1,08:40:57.742307551
118.67,1,08:40:57.742426556
118.67,1,08:40:57.742442347
118.67,1,08:40:57.742458047
118.67,1,08:40:57.999804896
118.67,4,08:40:57.999804896
118.67,2,08:40:57.999804896
118.67,1,08:40:58.121107405
118.67,1,08:40:58.121567306
118.67,2,08:40:58.121581850
118.67,1,08:40:58.125950161
118.67,1,08:40:58.126190471
118.67,1,08:40:58.126277046
118.67,1,08:40:58.126294892
118.68,1,08:41:01.545917782
118.68,1,08:41:01.546294176
118.68,1,08:41:02.305911812
118.68,2,08:41:02.306036353
118.68,1,08:41:02.306057575
118.68,1,08:41:02.306085243
118.68,2,08:41:02.306085243
118.68,5,08:41:02.306085243
118.67,2,08:41:04.921248389
118.67,1,08:41:04.921248389
118.67,4,08:41:04.921361058
118.67,11,08:41:04.921380245
118.67,1,08:41:04.921380245
118.67,1,08:41:04.921634194
118.67,1,08:41:04.922023979
118.67,1,08:41:04.956936698
118.67,1,08:41:05.071742348
118.67,1,08:41:05.072414123
118.67,1,08:41:05.073855662
118.67,1,08:41:06.410767895
118.67,1,08:41:06.671125002
118.66,5,08:41:08.076049394
118.66,1,08:41:08.076062674
118.66,6,08:41:08.076302402
118.66,1,08:41:08.076325400
118.66,2,08:41:08.076325400
118.66,1,08:41:08.076341992
118.66,8,08:41:08.076341992
118.66,2,08:41:08.076359448
118.66,1,08:41:08.076359448
118.66,1,08:41:09.998653579
118.66,1,08:41:09.998914305
118.66,7,08:41:09.999027844
118.66,2,08:41:09.999027844
118.66,2,08:41:09.999166333
118.66,1,08:41:09.999166333
118.66,2,08:41:09.999281009
118.66,1,08:41:09.999410253
118.66,6,08:41:09.999410253
118.66,2,08:41:10.123309266
118.66,1,08:41:10.123309266
118.66,1,08:41:10.156988136
118.66,4,08:41:10.157277924
118.66,1,08:41:10.157297873
118.66,2,08:41:10.157297873
118.66,2,08:41:10.157543003
118.66,1,08:41:10.180402520
118.66,1,08:41:10.180746906
118.66,1,08:41:11.635430648
118.66,1,08:41:11.636995572
118.66,1,08:41:11.637452238
118.67,1,08:41:13.261307754
118.67,1,08:41:13.321158146
118.66,1,08:41:13.776936081
118.66,3,08:41:13.776960337
118.66,1,08:41:13.776960337
118.66,2,08:41:13.811303386
118.66,1,08:41:13.813593551
118.66,8,08:41:14.348609879
118.66,4,08:41:14.348609879
118.66,1,08:41:14.348667074
118.66,1,08:41:15.494918765
118.66,1,08:41:15.583065738
118.66,1,08:41:15.763858886
118.66,1,08:41:16.225969274
118.66,1,08:41:16.533803774
118.66,1,08:41:16.534210224
118.67,1,08:41:17.385529677
118.67,1,08:41:17.391503574
118.67,2,08:41:17.391516825
118.67,1,08:41:17.391582108
118.67,5,08:41:17.391582108
118.67,1,08:41:17.700627623
118.67,1,08:41:17.723610354
118.67,1,08:41:17.739060881
118.67,1,08:41:17.739095433
118.67,2,08:41:17.739095433
118.67,1,08:41:17.739410266
118.67,2,08:41:17.740272743
118.67,1,08:41:17.740437990
118.67,1,08:41:17.740638995
118.67,1,08:41:17.792063846
118.67,1,08:41:18.224302458
118.67,1,08:41:18.224318353
118.67,2,08:41:18.224318353
118.67,1,08:41:18.477220576
118.68,1,08:41:20.145212984
118.68,1,08:41:20.145231562
118.68,2,08:41:22.734369909
118.68,8,08:41:22.734447045
118.68,1,08:41:22.734818734
118.68,1,08:41:22.734968567
118.68,1,08:41:22.983138834
118.68,1,08:41:26.391649932
118.68,10,08:41:26.391649932
118.68,1,08:41:29.793661874
118.68,1,08:41:31.298195859
118.68,1,08:41:31.298334000
118.68,2,08:41:31.298353251
118.68,1,08:41:31.298353251
118.68,1,08:41:31.298369219
118.68,1,08:41:31.298763605
118.68,2,08:41:31.298763605
118.68,2,08:41:31.299735246
118.68,2,08:41:32.006586993
118.68,2,08:41:32.006789137
118.68,1,08:41:32.006931843
118.68,2,08:41:32.006931843
118.68,1,08:41:32.133241292
118.68,3,08:41:32.133312283
118.68,1,08:41:32.133665634
118.68,5,08:41:32.133665634
118.68,1,08:41:32.133793883
118.68,2,08:41:32.133793883
118.68,2,08:41:32.133816446
118.68,1,08:41:32.133816446
118.68,1,08:41:32.150649555
118.68,1,08:41:32.248471688
118.68,1,08:41:32.249070898
118.69,1,08:41:34.714509799
118.69,2,08:41:34.714657121
118.69,1,08:41:34.714657121
118.7,1,08:41:35.035236120
118.7,4,08:41:35.035236120
118.7,1,08:41:35.890384685
118.69,1,08:41:36.594221001
118.69,1,08:41:36.594357766
118.69,4,08:41:36.594357766
118.69,2,08:41:36.594357766
118.69,1,08:41:36.594563790
118.69,4,08:41:36.594581448
118.69,1,08:41:36.594581448
118.69,2,08:41:36.594598358
118.69,4,08:41:36.594598358
118.69,3,08:41:36.695153547
118.69,2,08:41:36.695153547
118.69,1,08:41:36.695331336
118.69,5,08:41:36.695331336
118.69,2,08:41:36.696392579
118.69,1,08:41:36.696993460
118.69,4,08:41:36.696993460
118.69,2,08:41:36.697007654
118.69,1,08:41:36.697007654
118.69,1,08:41:36.697134352
118.69,1,08:41:36.788757029
118.7,1,08:41:40.184840314
118.7,1,08:41:40.185052312
118.7,1,08:41:40.195623038
118.7,1,08:41:40.195840129
118.71,1,08:41:40.665269489
118.71,1,08:41:40.665790422
118.71,2,08:41:40.665790422
118.71,3,08:41:40.665790422
118.71,1,08:41:40.666208275
118.71,5,08:41:40.666208275
118.71,2,08:41:40.666208275
118.71,1,08:41:40.666326865
118.71,1,08:41:40.666344917
118.71,1,08:41:40.666360757
118.71,1,08:41:40.670228348
118.71,1,08:41:41.106455171
118.71,1,08:41:41.106939795
118.71,1,08:41:41.107291779
118.71,12,08:41:41.410237898
118.71,2,08:41:41.410237898
118.71,1,08:41:41.410308947
118.71,1,08:41:41.410325383
118.71,2,08:41:41.410832826
118.71,1,08:41:41.412521558
118.71,1,08:41:42.841147971
118.71,2,08:41:42.842204827
118.71,1,08:41:42.842308280
118.71,2,08:41:42.842308280
118.71,1,08:41:42.842327061
118.72,1,08:41:43.016861395
118.72,1,08:41:47.209158653
118.72,1,08:41:47.221730625
118.72,1,08:41:47.818512044
118.72,1,08:41:47.818608555
118.72,1,08:41:47.818624290
118.72,1,08:41:52.834864570
118.73,1,08:41:53.153579860
118.73,1,08:41:53.153594026
118.73,1,08:41:53.153685722
118.73,1,08:41:53.153704183
118.73,2,08:41:53.153704183
118.73,3,08:41:53.153718522
118.72,1,08:41:53.154902239
118.72,1,08:41:53.155303516
118.73,1,08:41:53.563390184
118.73,1,08:41:56.182599011
118.73,1,08:41:56.182687734
118.73,1,08:41:56.183380607
118.73,5,08:41:56.183380607
118.73,10,08:41:56.183394031
118.73,1,08:41:56.183394031
118.73,1,08:41:56.183531458
118.73,1,08:41:56.183544920
118.73,1,08:41:56.183561275
118.73,2,08:41:56.183561275
118.73,1,08:41:56.183589909
118.73,1,08:41:56.218531210
118.73,1,08:41:56.247728153
118.73,1,08:41:56.355764873
118.72,1,08:41:57.997837738
118.72,4,08:41:57.997955291
118.72,1,08:41:57.997986951
118.72,1,08:41:57.998620007
118.72,2,08:41:57.998620007
118.72,1,08:41:57.998636231
118.72,1,08:41:57.998648743
118.72,1,08:41:57.998663166
118.72,1,08:41:57.998677313
118.72,5,08:41:57.998694927
118.72,1,08:41:57.999709638
118.72,1,08:41:58.035336439
118.72,1,08:41:58.058033380
118.72,1,08:41:58.058111966
118.72,2,08:41:58.058130955
118.72,1,08:41:58.058130955
118.72,5,08:41:58.284872414
118.72,1,08:41:58.285224103
118.72,1,08:42:01.530370985
118.72,1,08:42:01.530439317
118.72,4,08:42:01.530622979
118.72,4,08:42:01.531671256
118.73,1,08:42:03.827011200
118.73,2,08:42:03.827011200
118.73,1,08:42:03.971928767
118.73,1,08:42:04.005136897
118.73,2,08:42:04.005214078
118.73,2,08:42:04.005635844
118.74,1,08:42:05.686129063
118.74,1,08:42:05.686295726
118.74,1,08:42:05.686485515
118.74,1,08:42:05.686513227
118.74,3,08:42:05.686513227
118.74,4,08:42:05.686513227
118.74,2,08:42:05.686513227
118.74,1,08:42:05.686644667
118.75,1,08:42:06.083840251
118.75,1,08:42:06.541031198
118.75,2,08:42:10.552144347
118.75,1,08:42:10.552159320
118.75,1,08:42:10.552241034
118.75,1,08:42:10.552255488
118.75,2,08:42:10.552255488
118.75,1,08:42:10.552275226
118.75,1,08:42:12.657035945
118.74,2,08:42:13.883788163
118.75,1,08:42:14.873756528
118.75,2,08:42:14.873756528
118.75,1,08:42:14.923170953
118.75,1,08:42:15.084920827
118.74,1,08:42:15.706827238
118.74,3,08:42:15.706998962
118.74,1,08:42:15.706998962
118.74,1,08:42:15.707403550
118.74,15,08:42:15.707561064
118.74,1,08:42:15.707586216
118.74,1,08:42:15.707610612
118.74,1,08:42:15.888274098
118.74,1,08:42:15.888825721
118.74,1,08:42:15.889054309
118.75,1,08:42:17.987899383
118.75,1,08:42:17.987980648
118.75,2,08:42:17.987980648
118.75,2,08:42:17.988288459
118.75,5,08:42:17.988510519
118.75,1,08:42:20.080207832
118.75,1,08:42:20.080398484
118.75,1,08:42:20.080416123
118.75,2,08:42:22.147572899
118.75,1,08:42:22.147572899
118.75,1,08:42:22.147703830
118.75,2,08:42:22.147724035
118.76,4,08:42:22.166236304
118.75,2,08:42:23.065191528
118.75,1,08:42:23.065276999
118.75,1,08:42:23.065358350
118.75,2,08:42:23.065487480
118.75,1,08:42:23.065487480
118.75,1,08:42:23.065703469
118.75,4,08:42:23.065703469
118.75,1,08:42:23.065898142
118.75,1,08:42:24.837087862
118.75,2,08:42:24.837315129
118.75,2,08:42:24.837347305
118.75,1,08:42:24.837347305
118.75,6,08:42:24.837347305
118.75,9,08:42:24.837347305
118.75,1,08:42:24.837449311
118.75,7,08:42:24.837574757
118.75,1,08:42:24.837574757
118.75,1,08:42:26.490203207
118.75,8,08:42:26.490390898
118.75,1,08:42:29.876235820
118.76,7,08:42:34.189947024
118.76,3,08:42:34.189947024
118.76,1,08:42:34.189947024
118.75,1,08:42:34.360206523
118.76,2,08:42:36.211309120
118.76,1,08:42:36.211708838
118.76,2,08:42:36.212135462
118.76,1,08:42:36.212135462
118.76,1,08:42:36.212314736
118.76,2,08:42:36.212494891
118.76,2,08:42:36.212806402
118.76,3,08:42:36.212934674
118.76,2,08:42:36.213244849
118.76,2,08:42:36.238690551
118.76,1,08:42:39.095795062
118.76,2,08:42:39.095795062
118.76,2,08:42:39.095880380
118.76,2,08:42:39.095897833
118.76,1,08:42:39.095897833
118.76,5,08:42:39.095897833
118.76,2,08:42:41.636949495
118.76,1,08:42:41.637077303
118.76,1,08:42:41.637105879
118.76,12,08:42:42.474353252
118.76,1,08:42:44.891928675
118.77,1,08:42:48.804646925
118.77,3,08:42:49.572596027
118.77,9,08:42:49.572886367
118.77,2,08:42:49.572886367
118.77,3,08:42:49.572993212
118.77,22,08:42:49.573351671
118.77,4,08:42:49.573632014
118.77,3,08:42:49.573651486
118.77,3,08:42:49.573775445
118.77,4,08:42:49.573789205
118.77,8,08:42:49.573924500
118.77,3,08:42:49.573924500
118.77,7,08:42:49.573941691
118.77,1,08:42:49.573941691
118.77,3,08:42:49.574058683
118.77,3,08:42:49.574246439
118.77,1,08:42:49.574246439
118.77,6,08:42:49.584608435
118.77,2,08:42:49.584700835
118.77,1,08:42:49.584720492
118.77,1,08:42:49.604596930
118.77,1,08:42:49.640532991
118.77,1,08:42:49.640671106
118.77,1,08:42:49.649294137
118.77,1,08:42:49.658570047
118.77,2,08:42:49.658711980
118.77,3,08:42:49.658868295
118.77,1,08:42:49.658868295
118.77,1,08:42:49.658999935
118.77,2,08:42:49.659628827
118.77,1,08:42:49.687319428
118.77,1,08:42:49.687650323
118.77,2,08:42:49.687741892
118.77,1,08:42:49.687883389
118.77,1,08:42:49.687976119
118.77,1,08:42:49.713863109
118.77,1,08:42:49.713991784
118.77,1,08:42:49.716459997
118.77,1,08:42:49.723541287
118.77,1,08:42:49.723758206
118.77,11,08:42:50.692538851
118.77,1,08:42:50.692774971
118.77,1,08:42:50.692872501
118.77,2,08:42:51.228147080
118.77,1,08:42:51.228147080
118.77,1,08:42:51.228170251
118.77,2,08:42:51.228170251
118.77,1,08:42:51.228418824
118.77,1,08:42:51.228770206
118.77,1,08:42:51.229083665
118.77,1,08:42:51.238837523
118.77,2,08:42:51.238922867
118.77,5,08:42:51.238938849
118.77,1,08:42:51.238938849
118.77,1,08:42:51.254828926
118.77,2,08:42:51.254828926
118.77,1,08:42:51.254842344
118.77,2,08:42:51.254898994
118.77,1,08:42:51.303329292
118.77,1,08:42:51.303345971
118.76,2,08:42:52.895551245
118.76,1,08:42:52.895922294
118.76,1,08:42:52.895938060
118.76,1,08:42:52.895953164
118.76,2,08:42:52.895953164
118.76,1,08:42:52.895967481
118.76,1,08:42:52.895981465
118.76,1,08:42:52.895994972
118.76,1,08:42:52.896008405
118.76,1,08:42:52.896024161
118.76,2,08:42:52.896024161
118.76,13,08:42:52.896024161
118.76,1,08:42:52.896037589
118.76,4,08:42:52.896052134
118.76,1,08:42:52.896052134
118.76,1,08:42:52.896065660
118.76,1,08:42:52.896079711
118.76,1,08:42:52.896293823
118.76,1,08:42:52.896317759
118.76,1,08:42:52.928192793
118.76,3,08:42:52.930550145
118.75,3,08:42:52.966316935
118.76,2,08:42:52.968260515
118.75,1,08:42:52.974246862
118.75,1,08:42:52.978106017
118.76,5,08:42:56.843456323
118.76,13,08:42:56.843839795
118.76,6,08:42:56.844203807
118.76,31,08:42:57.861066739
118.76,1,08:42:57.861525820
118.76,1,08:42:57.861544524
118.76,1,08:42:57.945191469
118.76,1,08:42:57.971085191
118.76,1,08:42:59.205124689
118.76,2,08:42:59.626661887
118.76,1,08:42:59.626777516
118.76,1,08:42:59.626794756
118.76,1,08:42:59.626811990
118.76,1,08:43:01.899191589
118.76,1,08:43:01.899205473
118.76,3,08:43:01.899205473
118.76,1,08:43:01.899338800
118.76,1,08:43:01.899521195
118.76,1,08:43:01.899537176
118.76,3,08:43:01.899537176
118.76,2,08:43:01.899583153
118.76,1,08:43:01.931263573
118.76,1,08:43:03.720927423
118.76,1,08:43:03.758610303
118.76,1,08:43:03.759082251
118.76,1,08:43:06.638330434
118.76,1,08:43:06.638464519
118.76,1,08:43:09.045868740
118.76,1,08:43:09.217717179
118.76,1,08:43:12.181224685
118.76,1,08:43:12.181474026
118.76,1,08:43:12.583750325
118.76,1,08:43:12.583829835
118.77,1,08:43:12.685397789
118.76,1,08:43:26.503548700
118.76,1,08:43:26.503660226
118.76,1,08:43:26.503750396
118.76,1,08:43:26.503835941
118.76,2,08:43:26.504088171
118.76,1,08:43:26.504088171
118.76,1,08:43:26.504230894
118.76,3,08:43:26.504230894
118.76,2,08:43:26.504850043
118.76,2,08:43:26.506865977
118.76,2,08:43:26.506937679
118.76,1,08:43:26.522956775
118.77,4,08:43:27.395076736
118.77,1,08:43:27.395076736
118.77,1,08:43:28.528261200
118.77,1,08:43:28.528575524
118.77,1,08:43:28.528590037
118.77,1,08:43:28.528604353
118.77,1,08:43:28.528618328
118.77,1,08:43:28.528632075
118.77,1,08:43:28.528646433
118.77,1,08:43:28.528660994
118.77,2,08:43:28.528660994
118.77,1,08:43:28.528674712
118.77,2,08:43:28.528674712
118.77,1,08:43:28.528687761
118.77,1,08:43:28.528702174
118.77,4,08:43:28.528723109
118.76,1,08:43:29.494909193
118.76,1,08:43:29.495103933
118.76,2,08:43:29.495125779
118.76,1,08:43:29.495125779
118.76,1,08:43:29.495160867
118.76,4,08:43:29.495160867
118.76,10,08:43:29.495160867
118.76,2,08:43:29.495160867
118.76,2,08:43:29.495677900
118.76,1,08:43:33.642363175
118.76,33,08:43:33.648198930
118.76,1,08:43:33.648198930
118.76,1,08:43:33.648273527
118.76,15,08:43:33.648273527
118.77,16,08:43:33.728070866
118.77,28,08:43:33.728380843
118.77,3,08:43:33.728601572
118.77,3,08:43:33.728615847
118.77,10,08:43:33.728697309
118.77,1,08:43:33.728713857
118.77,1,08:43:33.738685776
118.77,1,08:43:33.738785379
118.77,1,08:43:33.738891274
118.77,1,08:43:33.739417228
118.77,1,08:43:33.739431651
118.77,5,08:43:33.739722550
118.77,4,08:43:33.740011554
118.77,1,08:43:33.748981526
118.76,1,08:43:33.751097278
118.76,8,08:43:35.144263160
118.76,2,08:43:35.144427819
118.76,6,08:43:35.144444773
118.76,3,08:43:35.144444773
118.76,2,08:43:35.144746152
118.76,1,08:43:35.145261118
118.76,2,08:43:38.653290009
118.76,6,08:43:38.653304168
118.76,1,08:43:38.653791576
118.76,1,08:43:38.653805544
118.76,1,08:43:38.653819170
118.76,2,08:43:38.653833150
118.76,1,08:43:38.653850322
118.76,3,08:43:38.653850322
118.76,2,08:43:38.653864040
118.76,1,08:43:38.653880952
118.76,1,08:43:38.653894232
118.76,2,08:43:38.653908331
118.76,4,08:43:38.653923122
118.76,10,08:43:38.653923122
118.76,1,08:43:38.653936728
118.76,1,08:43:38.653950760
118.76,1,08:43:38.653965826
118.76,1,08:43:38.653983416
118.76,1,08:43:38.653998802
118.76,1,08:43:38.654025662
118.76,1,08:43:38.654039166
118.76,1,08:43:38.654330773
118.76,1,08:43:38.654423924
118.76,2,08:43:38.654423924
118.76,1,08:43:38.674528406
118.76,3,08:43:41.771830275
118.76,2,08:43:41.772267020
118.76,2,08:43:41.772410258
118.76,1,08:43:41.772410258
118.76,1,08:43:41.772520658
118.76,2,08:43:41.772520658
118.76,1,08:43:41.772535817
118.76,1,08:43:41.772675471
118.76,1,08:43:41.819110968
118.76,1,08:43:41.819541057
118.76,1,08:43:45.863221792
118.76,2,08:43:45.863221792
118.76,1,08:43:45.863353613
118.76,1,08:43:45.863383600
118.76,2,08:43:45.863383600
118.76,3,08:43:45.863383600
118.76,5,08:43:45.863383600
118.76,2,08:43:45.863461533
118.76,1,08:43:45.895097635
118.76,1,08:43:45.931654739
118.76,1,08:43:47.623533912
118.76,2,08:43:47.623825639
118.76,1,08:43:47.624009984
118.77,1,08:43:49.759296938
118.77,47,08:43:51.852527142
118.77,6,08:43:51.852527142
118.77,1,08:43:51.852733307
118.77,1,08:43:51.852748153
118.77,2,08:43:51.852748153
118.77,1,08:43:51.852762457
118.77,2,08:43:51.852885600
118.77,1,08:43:51.852907327
118.77,3,08:43:51.865916582
118.77,1,08:43:51.865916582
118.77,3,08:43:51.865934685
118.77,2,08:43:51.865934685
118.77,1,08:43:51.866133562
118.77,1,08:43:51.882410074
118.77,1,08:43:51.882624967
118.77,1,08:43:51.882820855
118.77,1,08:43:51.883020426
118.77,1,08:43:51.935509056
118.77,1,08:43:51.935611568
118.77,4,08:43:51.935633791
118.77,2,08:43:51.935633791
118.77,1,08:43:51.935633791
118.77,1,08:43:51.935651465
118.77,2,08:43:51.967374153
118.77,2,08:43:51.967451202
118.77,2,08:43:51.967471842
118.77,2,08:43:51.967621829
118.77,2,08:43:51.967916108
118.77,2,08:43:52.043626622
118.77,1,08:43:52.075393795
118.77,2,08:43:52.075675168
118.77,1,08:43:52.075675168
118.77,6,08:43:52.075675168
118.77,1,08:43:52.103986517
118.77,1,08:43:52.682332108
118.77,1,08:43:52.682351282
118.77,3,08:43:52.682351282
118.77,1,08:43:52.682576819
118.77,2,08:43:52.682689549
118.77,1,08:43:52.682852198
118.77,3,08:43:52.682852198
118.77,1,08:43:52.683133419
118.77,1,08:43:52.683762997
118.77,1,08:43:52.683785692
118.77,2,08:43:52.683882889
118.77,1,08:43:52.684127035
118.77,2,08:43:52.684247845
118.77,2,08:43:52.685103848
118.77,1,08:43:52.687729449
118.77,1,08:43:52.687904105
118.77,1,08:43:52.688452773
118.77,1,08:43:52.688543893
118.77,1,08:43:52.688991572
118.77,1,08:43:52.705683893
118.77,1,08:43:53.370382123
118.78,5,08:43:54.378744712
118.78,2,08:43:54.378744712
118.78,2,08:43:54.378975866
118.78,3,08:43:54.378975866
118.78,1,08:43:54.378975866
118.78,2,08:43:54.378994888
118.78,6,08:43:54.379378641
118.78,2,08:43:54.379397985
118.78,1,08:43:54.379397985
118.78,1,08:43:54.379713562
118.78,1,08:43:54.381435004
118.78,5,08:43:54.381945996
118.78,4,08:43:54.381945996
118.78,2,08:43:54.382389601
118.78,1,08:43:54.383981392
118.78,3,08:43:54.490362668
118.78,2,08:43:54.490362668
118.78,1,08:43:54.803515172
118.78,1,08:43:54.803711675
118.78,1,08:43:54.803816250
118.78,1,08:43:54.808337290
118.78,1,08:43:54.808360593
118.78,2,08:43:54.808993008
118.78,2,08:43:54.812050433
118.79,1,08:43:55.029362271
118.79,3,08:43:56.096989530
118.79,1,08:43:56.097268186
118.79,7,08:43:56.097268186
118.79,3,08:43:56.097310815
118.79,6,08:43:56.097310815
118.79,1,08:43:56.097310815
118.79,4,08:43:56.097310815
118.79,2,08:43:56.097310815
118.79,1,08:43:56.097325635
118.79,2,08:43:56.097325635
118.79,4,08:43:56.097325635
118.79,3,08:43:56.097626700
118.79,1,08:43:56.097645566
118.79,1,08:43:56.097659173
118.79,1,08:43:56.098129711
118.79,1,08:43:56.098335951
118.79,2,08:43:56.098755298
118.79,1,08:43:56.098769625
118.79,17,08:43:56.098797532
118.79,2,08:43:56.098811352
118.79,3,08:43:56.098827653
118.79,1,08:43:56.144376490
118.79,2,08:43:58.347548322
118.79,1,08:43:58.347823729
118.79,3,08:43:58.347841957
118.79,2,08:43:58.347841957
118.79,4,08:43:58.347841957
118.79,1,08:43:58.347841957
118.79,1,08:43:58.347859432
118.79,2,08:43:58.347859432
118.79,1,08:43:58.347874165
118.79,4,08:43:58.347874165
118.79,5,08:43:58.347874165
118.79,3,08:43:58.347889323
118.79,1,08:43:58.347889323
118.79,2,08:43:58.424335053
118.79,2,08:43:58.424455753
118.79,1,08:43:58.424473264
118.79,5,08:43:58.424473264
118.79,1,08:43:58.424489105
118.79,5,08:43:58.424489105
118.79,1,08:43:58.424964318
118.79,1,08:43:58.525982793
118.79,1,08:43:58.525997401
118.79,3,08:43:58.526083058
118.79,1,08:43:58.526100360
118.79,4,08:43:58.526100360
118.79,1,08:43:58.629642159
118.79,2,08:43:58.629642159
118.79,2,08:43:58.630060166
118.8,1,08:43:59.346431895
118.8,1,08:43:59.346537159
118.8,6,08:43:59.346554506
118.8,1,08:43:59.346554506
118.8,2,08:44:01.577428987
118.8,1,08:44:01.577527383
118.8,2,08:44:01.577543358
118.8,5,08:44:01.577543358
118.8,3,08:44:01.578062190
118.8,1,08:44:01.578082633
118.8,1,08:44:01.578259941
118.8,1,08:44:01.686692619
118.8,1,08:44:03.001057993
118.8,2,08:44:03.001057993
118.8,1,08:44:03.001228034
118.8,1,08:44:03.001366962
118.8,1,08:44:03.001386728
118.8,1,08:44:03.002620325
118.8,1,08:44:03.002636517
118.8,2,08:44:03.002654964
118.8,1,08:44:03.005279328
118.8,1,08:44:03.005515711
118.8,1,08:44:03.021042321
118.8,1,08:44:03.021285229
118.8,1,08:44:03.045792604
118.8,1,08:44:04.774834459
118.8,1,08:44:04.775096059
118.8,9,08:44:07.371092365
118.8,1,08:44:07.371092365
118.8,10,08:44:07.371163459
118.8,1,08:44:07.559517007
118.8,15,08:44:07.960223373
118.8,1,08:44:07.960449540
118.8,1,08:44:07.960466586
118.8,15,08:44:07.960466586
118.8,7,08:44:07.960466586
118.8,1,08:44:08.010158159
118.8,1,08:44:08.289786222
118.8,1,08:44:08.289800898
118.8,3,08:44:08.289800898
118.8,3,08:44:09.119870268
118.8,2,08:44:09.119870268
118.8,1,08:44:09.119969093
118.8,2,08:44:09.119991036
118.8,1,08:44:09.119991036
118.8,1,08:44:09.126988829
118.8,1,08:44:12.187196375
118.8,1,08:44:12.187309185
118.8,2,08:44:12.187331783
118.8,1,08:44:12.187775555
118.8,4,08:44:12.187775555
118.8,3,08:44:12.187775555
118.8,1,08:44:12.187795821
118.8,2,08:44:12.187795821
118.8,3,08:44:12.187795821
118.8,2,08:44:12.187927322
118.8,2,08:44:12.188137034
118.8,1,08:44:12.188724971
118.8,1,08:44:12.192407280
118.8,3,08:44:12.201260818
118.81,1,08:44:14.516395740
118.81,1,08:44:14.516539187
118.81,1,08:44:14.516566041
118.81,2,08:44:14.516661181
118.81,1,08:44:14.516676982
118.81,1,08:44:14.607337138
118.81,2,08:44:14.607424904
118.81,2,08:44:14.625153784
118.81,1,08:44:14.653720778
118.81,1,08:44:15.365457934
118.81,1,08:44:15.365557988
118.81,3,08:44:15.930431419
118.82,5,08:44:16.939705606
118.82,3,08:44:16.939705606
118.82,2,08:44:16.939779811
118.82,2,08:44:16.939794192
118.82,3,08:44:17.258193255
118.82,1,08:44:17.258193255
118.82,1,08:44:17.258303038
118.82,1,08:44:17.258317720
118.82,3,08:44:17.258317720
118.82,1,08:44:17.258737175
118.82,2,08:44:17.310609314
118.82,3,08:44:17.310694203
118.82,3,08:44:17.310710300
118.82,1,08:44:17.310710300
118.82,1,08:44:17.310967070
118.82,1,08:44:17.443118854
118.82,1,08:44:17.443194024
118.82,2,08:44:17.443308114
118.82,1,08:44:17.443403280
118.82,1,08:44:17.443418378
118.82,1,08:44:17.443653631
118.82,2,08:44:17.443811083
118.82,1,08:44:17.443842917
118.82,1,08:44:18.759262891
118.82,1,08:44:18.759570792
118.82,2,08:44:18.759776315
118.82,1,08:44:18.759776315
118.82,1,08:44:18.759874712
118.82,2,08:44:18.759995502
118.82,1,08:44:18.759995502
118.82,2,08:44:18.760106011
118.82,1,08:44:18.760122260
118.82,1,08:44:19.522809851
118.82,1,08:44:19.522888635
118.82,1,08:44:19.522902850
118.82,2,08:44:19.522902850
118.82,1,08:44:20.767785271
118.81,9,08:44:20.804855894
118.81,1,08:44:20.804959906
118.81,1,08:44:20.804974888
118.81,1,08:44:20.805271806
118.81,2,08:44:20.805422933
118.81,1,08:44:20.805422933
118.81,1,08:44:20.805513438
118.82,4,08:44:21.643803105
118.82,3,08:44:21.644053020
118.82,3,08:44:21.644066844
118.82,3,08:44:21.644082338
118.82,2,08:44:21.644096569
118.82,2,08:44:21.644113932
118.82,1,08:44:21.644134284
118.82,2,08:44:21.644149533
118.82,1,08:44:21.644149533
118.82,1,08:44:21.644163133
118.82,2,08:44:21.644177133
118.82,1,08:44:21.644192298
118.82,20,08:44:21.644208224
118.82,1,08:44:21.644432656
118.82,50,08:44:21.644445187
118.82,9,08:44:21.644459161
118.82,1,08:44:21.644977378
118.82,1,08:44:21.644994149
118.82,1,08:44:21.645198681
118.82,3,08:44:21.645221385
118.82,2,08:44:21.645240233
118.82,1,08:44:21.645329612
118.82,1,08:44:21.667119472
118.82,1,08:44:21.753132230
118.82,1,08:44:21.753255055
118.82,1,08:44:21.753274531
118.82,2,08:44:21.753274531
118.82,25,08:44:21.753274531
118.82,1,08:44:21.753695244
118.82,3,08:44:21.757726755
118.82,2,08:44:21.783530301
118.82,1,08:44:21.783740742
118.82,1,08:44:22.727615323
118.82,2,08:44:22.727615323
118.82,2,08:44:22.727908395
118.82,10,08:44:22.727908395
118.82,7,08:44:22.728731552
118.83,3,08:44:22.755234240
118.83,1,08:44:22.755234240
118.83,2,08:44:22.755324192
118.83,1,08:44:22.755341380
118.83,2,08:44:22.755341380
118.83,3,08:44:22.755341380
118.83,1,08:44:22.755356077
118.83,1,08:44:22.774843727
118.83,1,08:44:22.774859784
118.84,1,08:44:23.756311001
118.84,7,08:44:23.756511324
118.84,1,08:44:23.756526149
118.84,2,08:44:23.756541631
118.84,1,08:44:23.756541631
118.84,4,08:44:23.756541631
118.84,3,08:44:23.756541631
118.84,7,08:44:23.756556824
118.84,1,08:44:23.756556824
118.84,3,08:44:23.901398078
118.83,2,08:44:24.207577894
118.83,1,08:44:24.207596082
118.84,1,08:44:24.756578426
118.84,2,08:44:24.756669248
118.84,6,08:44:24.756669248
118.83,1,08:44:25.358110264
118.83,1,08:44:25.358247462
118.83,1,08:44:25.358264207
118.84,4,08:44:27.252288734
118.84,1,08:44:27.252474970
118.84,2,08:44:27.252497230
118.84,1,08:44:27.252497230
118.84,4,08:44:27.252497230
118.84,1,08:44:27.252515892
118.84,2,08:44:27.252515892
118.84,5,08:44:27.329698249
118.84,1,08:44:27.330027039
118.84,1,08:44:27.330252099
118.84,6,08:44:27.370729874
118.84,1,08:44:27.370811729
118.84,2,08:44:27.370830594
118.84,1,08:44:27.370830594
118.84,1,08:44:27.452599376
118.84,2,08:44:27.452714697
118.84,1,08:44:27.452733235
118.84,2,08:44:27.452733235
118.84,3,08:44:27.452751670
118.84,2,08:44:27.452751670
118.84,1,08:44:27.454256187
118.84,1,08:44:27.454379032
118.84,1,08:44:27.764399615
118.84,9,08:44:27.764699675
118.84,1,08:44:27.764714251
118.84,2,08:44:27.764728065
118.84,2,08:44:27.764744005
118.84,1,08:44:27.864787356
118.84,4,08:44:27.864872302
118.84,1,08:44:27.864887269
118.84,2,08:44:27.864903080
118.84,1,08:44:27.864903080
118.84,2,08:44:27.942044976
118.84,3,08:44:27.942131990
118.84,10,08:44:28.776640327
118.84,3,08:44:28.776640327
118.84,1,08:44:28.776826992
118.84,1,08:44:28.776842986
118.84,4,08:44:28.776842986
118.84,2,08:44:28.776842986
118.84,1,08:44:28.776856279
118.84,1,08:44:28.776872720
118.84,4,08:44:28.870794320
118.84,1,08:44:28.870794320
118.84,1,08:44:28.870913143
118.84,11,08:44:28.870933389
118.84,3,08:44:28.870933389
118.84,1,08:44:28.870933389
118.84,2,08:44:28.961129766
118.84,2,08:44:28.961203193
118.84,1,08:44:28.962000089
118.84,1,08:44:28.962324203
118.84,2,08:44:28.962324203
118.84,1,08:44:28.962455918
118.84,1,08:44:28.962540456
118.84,2,08:44:28.962745882
118.84,1,08:44:28.963203649
118.84,1,08:44:28.963516085
118.84,1,08:44:29.065692357
118.84,6,08:44:29.370366941
118.84,2,08:44:29.370780992
118.84,1,08:44:29.371052764
118.84,1,08:44:29.552358127
118.84,9,08:44:29.562574032
118.84,1,08:44:29.563339802
118.84,1,08:44:29.595937381
118.84,1,08:44:29.635825997
118.84,2,08:44:29.635825997
118.84,1,08:44:30.806765906
118.85,10,08:44:32.948774803
118.85,1,08:44:32.948774803
118.85,1,08:44:32.949189994
118.85,2,08:44:32.949287987
118.85,13,08:44:33.526867436
118.85,1,08:44:33.526951372
118.85,1,08:44:33.564139664
118.85,1,08:44:33.566063681
118.85,1,08:44:33.970686974
118.85,1,08:44:34.526522107
118.85,3,08:44:34.526624730
118.85,10,08:44:34.526624730
118.85,1,08:44:34.526639847
118.84,1,08:44:35.239808489
118.84,1,08:44:35.240078383
118.84,1,08:44:35.240251788
118.84,3,08:44:35.240282898
118.84,22,08:44:35.241775432
118.84,21,08:44:35.241872410
118.85,1,08:44:35.588762320
118.85,4,08:44:35.588762320
118.85,3,08:44:35.589003508
118.85,1,08:44:35.589017395
118.85,2,08:44:35.589032624
118.85,1,08:44:35.589049901
118.85,12,08:44:35.589066778
118.85,6,08:44:35.589083789
118.85,3,08:44:35.589097338
118.85,4,08:44:35.589114554
118.85,3,08:44:35.589130295
118.85,9,08:44:35.589130295
118.85,5,08:44:35.589143984
118.85,2,08:44:35.589158010
118.85,6,08:44:35.589374303
118.85,4,08:44:35.589387685
118.85,1,08:44:35.589401356
118.85,1,08:44:35.589415122
118.85,2,08:44:35.589429250
118.85,5,08:44:35.589445017
118.85,1,08:44:35.880007707
118.85,5,08:44:36.558338690
118.85,2,08:44:36.558338690
118.85,2,08:44:36.558443868
118.85,3,08:44:36.558443868
118.85,1,08:44:36.558467731
118.85,1,08:44:36.558778163
118.85,3,08:44:38.284112747
118.85,5,08:44:38.284273494
118.85,8,08:44:38.284379191
118.85,3,08:44:38.284671779
118.85,3,08:44:38.284846692
118.85,2,08:44:38.284953261
118.85,1,08:44:38.285147420
118.85,7,08:44:38.285645123
118.85,1,08:44:38.285773516
118.85,8,08:44:38.285791817
118.85,1,08:44:38.285791817
118.85,2,08:44:38.285791817
118.85,3,08:44:38.285810691
118.85,1,08:44:38.286188384
118.85,3,08:44:38.320796701
118.85,1,08:44:39.009649624
118.85,2,08:44:39.009649624
118.85,5,08:44:39.009665273
118.85,1,08:44:39.009665273
118.85,1,08:44:39.010049509
118.85,1,08:44:39.010449300
118.84,19,08:44:42.317060594
118.84,2,08:44:42.317445403
118.84,4,08:44:42.317459099
118.84,1,08:44:42.317475000
118.84,2,08:44:42.317475000
118.84,2,08:44:42.317489172
118.84,24,08:44:42.317505093
118.84,1,08:44:42.317505093
118.84,1,08:44:42.317520788
118.84,1,08:44:42.317534826
118.84,5,08:44:42.317549547
118.84,1,08:44:42.317563963
118.84,1,08:44:42.317577377
118.84,2,08:44:42.317591989
118.84,1,08:44:42.317591989
118.84,1,08:44:42.317605719
118.84,1,08:44:42.317621000
118.84,1,08:44:42.350534000
118.84,3,08:44:42.354265453
118.83,14,08:44:48.815571236
118.83,1,08:44:49.452632159
118.83,10,08:44:49.453642516
118.83,1,08:44:49.453662097
118.83,2,08:44:49.453662097
118.83,1,08:44:49.453677895
118.83,1,08:44:49.453963703
118.83,16,08:44:49.453963703
118.83,1,08:44:49.454109204
118.83,1,08:44:49.454133639
118.83,1,08:44:49.454149403
118.83,5,08:44:49.454537321
118.83,1,08:44:49.454551404
118.83,1,08:44:49.454565788
118.83,1,08:44:49.454580484
118.83,2,08:44:49.454597668
118.83,1,08:44:49.454611508
118.83,1,08:44:49.486317530
118.83,1,08:44:49.487253408
118.83,3,08:44:49.490003306
118.83,1,08:44:49.490074982
118.83,1,08:44:49.536887983
118.83,1,08:44:49.536961186
118.83,2,08:44:49.537423495
118.83,1,08:44:49.537584811
118.83,1,08:44:49.537617413
118.83,2,08:44:49.537617413
118.83,5,08:44:49.537617413
118.83,1,08:44:49.537739096
118.83,1,08:44:49.537766772
118.83,2,08:44:49.537766772
118.83,1,08:44:49.537873160
118.83,1,08:44:49.540706200
118.83,1,08:44:49.553198464
118.83,1,08:44:50.528337665
118.83,1,08:44:50.528616818
118.83,2,08:44:50.528732910
118.83,3,08:44:50.528749742
118.83,1,08:44:50.529037371
118.83,3,08:44:50.529205559
118.83,1,08:44:50.529336785
118.83,4,08:44:50.529462421
118.83,1,08:44:50.529481841
118.83,1,08:44:50.529740510
118.83,4,08:44:50.529890389
118.83,2,08:44:50.529890389
118.83,1,08:44:50.529890389
118.83,1,08:44:50.544158524
118.83,2,08:44:50.544158524
118.83,1,08:44:50.544778624
118.83,1,08:44:50.549309097
118.83,1,08:44:50.571013827
118.83,1,08:44:50.571359270
118.83,1,08:44:50.571764998
118.83,1,08:44:50.713269776
118.83,5,08:44:53.143893924
118.83,1,08:44:53.143893924
118.83,1,08:44:53.144062069
118.83,7,08:44:53.144171236
118.83,1,08:44:53.144281483
118.83,2,08:44:53.144296228
118.83,1,08:44:53.144431636
118.83,5,08:44:53.144431636
118.83,1,08:44:53.144562433
118.83,2,08:44:53.145137065
118.83,2,08:44:53.145314473
118.83,1,08:44:53.155076188
118.84,2,08:44:55.100116889
118.84,1,08:44:55.100387948
118.84,1,08:44:55.100403154
118.84,5,08:44:55.100482732
118.84,3,08:44:55.209586739
118.83,1,08:44:58.558503182
118.83,4,08:44:58.558875280
118.83,1,08:44:58.558889187
118.83,2,08:44:58.558889187
118.83,2,08:44:58.558904511
118.83,1,08:44:58.558904511
118.83,5,08:44:58.558920883
118.83,1,08:44:58.558920883
118.83,6,08:44:58.558936081
118.83,1,08:44:58.558936081
118.83,8,08:44:58.558936081
118.83,1,08:44:58.558951416
118.83,1,08:44:58.558964391
118.83,1,08:44:58.558979495
118.83,15,08:44:58.558992404
118.83,1,08:44:58.559492669
118.83,2,08:44:58.559506915
118.83,8,08:44:58.559722117
118.83,4,08:44:58.559873456
118.83,1,08:44:58.559888013
118.83,1,08:44:58.559901971
118.83,1,08:44:58.559916567
118.83,1,08:44:58.559932374
118.83,1,08:44:58.559947066
118.83,1,08:44:58.559961738
118.83,1,08:44:58.559976039
118.83,3,08:45:00.115331974
118.83,9,08:45:00.115347497
118.83,2,08:45:00.115643707
118.83,3,08:45:00.115643707
118.83,1,08:45:00.115665142
118.83,11,08:45:00.115769020
118.83,1,08:45:00.115783432
118.83,1,08:45:00.115965938
118.83,1,08:45:00.115990703
118.83,1,08:45:00.116569499
118.83,5,08:45:00.116589711
118.83,3,08:45:00.116589711
118.83,1,08:45:00.116753182
118.83,1,08:45:00.147412866
118.83,1,08:45:00.147864507
118.83,1,08:45:00.148511323
118.83,1,08:45:00.183951246
118.83,3,08:45:00.183951246
118.83,1,08:45:00.200319196
118.83,1,08:45:00.200551823
118.83,3,08:45:00.200639148
118.83,1,08:45:00.200758908
118.83,1,08:45:00.200841577
118.83,3,08:45:00.201007157
118.83,1,08:45:00.201007157
118.83,1,08:45:00.216801555
118.83,1,08:45:00.216905629
118.83,1,08:45:00.216921398
118.84,1,08:45:00.975090690
118.83,1,08:45:01.354768168
118.83,1,08:45:01.354992376
118.83,3,08:45:01.355006987
118.83,2,08:45:01.355006987
118.83,1,08:45:01.355024590
118.83,2,08:45:01.355024590
118.83,1,08:45:01.355042648
118.83,7,08:45:01.355042648
118.83,1,08:45:01.355057396
118.83,1,08:45:01.355070923
118.83,2,08:45:01.355085755
118.83,2,08:45:01.897497587
118.83,1,08:45:01.897600822
118.83,2,08:45:01.897618217
118.83,1,08:45:01.897618217
118.83,17,08:45:01.897618217
118.84,1,08:45:03.202998754
118.84,3,08:45:03.203090620
118.84,1,08:45:03.203104892
118.84,4,08:45:03.203249010
118.84,1,08:45:03.203249010
118.84,3,08:45:03.203249010
118.84,3,08:45:03.203264882
118.84,1,08:45:03.203353116
118.84,2,08:45:03.203736776
118.84,1,08:45:03.203751537
118.84,16,08:45:03.203751537
118.84,3,08:45:03.203751537
118.84,1,08:45:03.203766670
118.84,3,08:45:03.203766670
118.85,1,08:45:07.219315984
118.85,3,08:45:07.221721508
118.85,1,08:45:07.226003166
118.85,1,08:45:07.229392934
118.85,3,08:45:07.229471477
118.85,1,08:45:07.230333105
118.85,3,08:45:07.230538820
118.85,10,08:45:07.230538820
118.85,2,08:45:07.230621742
118.85,1,08:45:07.230748398
118.85,7,08:45:07.230848331
118.85,20,08:45:07.238225118
118.85,1,08:45:07.238225118
118.85,1,08:45:07.238486283
118.85,1,08:45:07.238499919
118.85,3,08:45:07.238518610
118.86,1,08:45:08.078102116
118.86,1,08:45:08.078167554
118.86,1,08:45:09.748421037
118.86,2,08:45:09.748729932
118.86,4,08:45:09.749206133
118.86,3,08:45:09.749206133
118.86,1,08:45:09.749312908
118.86,3,08:45:09.749408934
118.86,1,08:45:09.749539164
118.86,1,08:45:09.749646585
118.86,1,08:45:09.749765775
118.86,3,08:45:09.754004521
118.86,1,08:45:09.754135177
118.86,1,08:45:09.754238073
118.86,1,08:45:09.754628242
118.86,5,08:45:09.771534073
118.86,1,08:45:09.771610732
118.86,1,08:45:09.771628896
118.86,1,08:45:09.773016337
118.86,4,08:45:10.016507937
118.86,17,08:45:10.016523780
118.86,4,08:45:10.016523780
118.86,1,08:45:10.016782205
118.86,12,08:45:10.016782205
118.86,12,08:45:10.016885184
118.86,1,08:45:10.016903885
118.86,12,08:45:10.017017937
118.86,1,08:45:10.017017937
118.85,3,08:45:10.935650680
118.85,1,08:45:10.935742203
118.85,2,08:45:10.935742203
118.85,3,08:45:10.935755166
118.85,7,08:45:10.935994590
118.85,9,08:45:10.936134989
118.85,1,08:45:10.936149379
118.85,5,08:45:10.936149379
118.85,10,08:45:10.936149379
118.85,3,08:45:10.936149379
118.85,1,08:45:10.936318004
118.85,2,08:45:10.936343169
118.85,1,08:45:10.957202338
118.85,5,08:45:10.957216980
118.85,3,08:45:10.972477641
118.85,2,08:45:10.972477641
118.85,1,08:45:11.008937481
118.85,1,08:45:11.009024386
118.85,3,08:45:11.009040191
118.85,1,08:45:11.009040191
118.85,1,08:45:11.009471800
118.85,1,08:45:11.064860025
118.85,1,08:45:11.076889123
118.85,1,08:45:11.206807567
118.85,1,08:45:11.993677969
118.85,1,08:45:12.004326013
118.85,1,08:45:12.004447795
118.85,1,08:45:12.004765987
118.85,1,08:45:12.004881504
118.85,1,08:45:12.005100518
118.85,2,08:45:14.674086247
118.85,2,08:45:18.391834652
118.85,3,08:45:18.391834652
118.85,1,08:45:18.391904956
118.85,1,08:45:18.392285797
118.85,26,08:45:18.392311065
118.85,2,08:45:18.392311065
118.85,1,08:45:18.392311065
118.85,1,08:45:18.392471198
118.85,4,08:45:18.392471198
118.85,1,08:45:18.426447443
118.85,2,08:45:18.426936710
118.85,1,08:45:18.426936710
118.85,1,08:45:19.547330247
118.85,1,08:45:19.547482821
118.85,1,08:45:19.547505299
118.85,4,08:45:19.547505299
118.85,1,08:45:19.547807699
118.85,3,08:45:19.547825151
118.85,2,08:45:19.547839788
118.85,4,08:45:19.547871625
118.85,2,08:45:19.547890560
118.85,1,08:45:19.547906000
118.85,2,08:45:19.547919775
118.85,4,08:45:19.547933599
118.85,2,08:45:19.547946556
118.85,1,08:45:19.548229489
118.85,25,08:45:19.548243544
118.85,1,08:45:19.548259339
118.85,1,08:45:19.548273092
118.85,2,08:45:19.559065425
118.85,1,08:45:19.559887790
118.85,5,08:45:19.559914129
118.85,3,08:45:19.560197063
118.85,1,08:45:19.560298435
118.85,1,08:45:19.560502060
118.85,1,08:45:20.267084564
118.85,3,08:45:24.375205095
118.85,1,08:45:24.375219194
118.86,4,08:45:25.055018682
118.86,3,08:45:25.055018682
118.86,6,08:45:25.055385143
118.86,1,08:45:25.055493506
118.86,6,08:45:25.055721050
118.86,1,08:45:25.055820592
118.86,3,08:45:25.055838611
118.86,1,08:45:25.165679330
118.86,1,08:45:25.165732821
118.85,1,08:45:28.109376198
118.85,17,08:45:28.109391740
118.85,9,08:45:28.109404998
118.85,2,08:45:28.109418450
118.85,1,08:45:28.109436156
118.85,3,08:45:28.109452000
118.85,4,08:45:28.109471756
118.85,9,08:45:28.109485731
118.85,2,08:45:28.109623353
118.85,11,08:45:28.109623353
118.85,1,08:45:28.109639365
118.85,1,08:45:28.109656662
118.85,3,08:45:28.109960815
118.85,1,08:45:28.109974953
118.85,2,08:45:28.109988767
118.85,1,08:45:28.109988767
118.85,1,08:45:28.110010258
118.85,1,08:45:28.110031067
118.85,1,08:45:28.141893609
118.85,1,08:45:28.144879116
118.84,1,08:45:28.769544777
118.84,1,08:45:28.769899307
118.84,24,08:45:28.769899307
118.84,1,08:45:28.769918687
118.84,1,08:45:28.778767833
118.84,3,08:45:28.778839509
118.84,2,08:45:28.780529844
118.84,1,08:45:29.786129767
118.84,1,08:45:29.786146650
118.84,1,08:45:29.786325607
118.84,2,08:45:29.786676512
118.84,18,08:45:29.786691072
118.84,2,08:45:29.786704720
118.84,10,08:45:29.786722522
118.84,1,08:45:29.786722522
118.84,3,08:45:29.786737866
118.85,3,08:45:30.067911231
118.85,1,08:45:30.068006655
118.85,1,08:45:30.068022546
118.85,2,08:45:30.068022546
118.85,3,08:45:30.174419843
118.85,1,08:45:30.174498844
118.85,1,08:45:30.308631622
118.85,1,08:45:30.308925140
118.85,2,08:45:30.308925140
118.85,1,08:45:30.309027180
118.85,1,08:45:30.309151442
118.85,1,08:45:30.309252662
118.85,1,08:45:30.310006452
118.85,1,08:45:30.310341752
118.85,1,08:45:30.313218050
118.85,1,08:45:32.095511068
118.85,1,08:45:32.095694991
118.85,3,08:45:32.095805295
118.85,1,08:45:32.095826575
118.85,2,08:45:32.095826575
118.84,3,08:45:32.096004108
118.85,1,08:45:32.096177983
118.85,14,08:45:32.096486515
118.85,1,08:45:32.096980233
118.85,3,08:45:32.097003314
118.85,1,08:45:32.097003314
118.85,1,08:45:32.107714001
118.85,2,08:45:32.508940958
118.85,3,08:45:32.508956071
118.85,1,08:45:32.509079377
118.85,1,08:45:32.509101566
118.85,2,08:45:32.509101566
118.85,4,08:45:32.509117246
118.85,1,08:45:32.509117246
118.85,5,08:45:32.509407191
118.85,1,08:45:32.509657834
118.85,1,08:45:32.554987400
118.85,1,08:45:32.584712895
118.85,1,08:45:32.611385261
118.84,1,08:45:34.532944262
118.84,5,08:45:34.532944262
118.84,21,08:45:34.533028893
118.84,1,08:45:34.589285932
118.84,1,08:45:34.589709078
118.84,3,08:45:34.589725721
118.84,3,08:45:34.589740593
118.84,2,08:45:34.589756133
118.84,1,08:45:34.589772206
118.85,1,08:45:34.966641367
118.85,3,08:45:34.966641367
118.85,1,08:45:35.277970715
118.86,1,08:45:36.424494182
118.86,1,08:45:36.424509516
118.86,2,08:45:36.424839149
118.86,4,08:45:36.424839149
118.86,1,08:45:36.424839149
118.86,1,08:45:36.424856176
118.85,1,08:45:37.489285562
118.85,1,08:45:37.489400410
118.85,1,08:45:37.489424060
118.85,3,08:45:37.489424060
118.85,6,08:45:37.489424060
118.85,9,08:45:37.489437324
118.86,1,08:45:37.565613335
118.86,1,08:45:37.601747781
118.86,1,08:45:37.602260689
118.86,1,08:45:37.602997878
118.86,1,08:45:37.603303204
118.86,1,08:45:37.603591165
118.86,2,08:45:38.006482085
118.86,4,08:45:38.006482085
118.86,1,08:45:38.006482085
118.86,1,08:45:38.006496841
118.86,3,08:45:38.006850967
118.86,1,08:45:38.006870827
118.86,1,08:45:38.006891377
118.86,3,08:45:38.014550166
118.86,4,08:45:38.014550166
118.86,5,08:45:38.014638752
118.86,1,08:45:38.014654381
118.86,2,08:45:38.014654381
118.86,4,08:45:38.014670538
118.86,1,08:45:38.015094236
118.86,3,08:45:38.015619299
118.86,1,08:45:38.015725071
118.86,2,08:45:38.015746543
118.86,1,08:45:38.015845759
118.86,3,08:45:38.016403099
118.86,1,08:45:38.016403099
118.86,2,08:45:38.017271294
118.86,1,08:45:38.018134045
118.86,3,08:45:38.018134045
118.86,1,08:45:38.132192311
118.86,7,08:45:38.132256404
118.85,2,08:45:40.485740195
118.85,1,08:45:40.485740195
118.85,1,08:45:40.485829063
118.85,7,08:45:40.485829063
118.85,4,08:45:40.486103844
118.85,1,08:45:40.486103844
118.85,24,08:45:40.486103844
118.85,1,08:45:40.486119345
118.85,4,08:45:40.497650959
118.85,2,08:45:40.497666252
118.85,1,08:45:40.514566557
118.85,1,08:45:40.550486556
118.85,2,08:45:40.681395599
118.85,1,08:45:41.037624667
118.85,5,08:45:41.037624667
118.85,1,08:45:41.054808056
118.85,1,08:45:41.206137736
118.85,1,08:45:41.206271909
118.85,1,08:45:41.206388586
118.86,1,08:45:42.337797521
118.86,1,08:45:42.338184222
118.86,1,08:45:42.338209338
118.86,4,08:45:42.338209338
118.86,1,08:45:42.338394259
118.86,2,08:45:42.338394259
118.86,4,08:45:42.349339647
118.86,1,08:45:42.349825942
118.86,12,08:45:44.823951766
118.86,1,08:45:44.823951766
118.86,8,08:45:44.824308332
118.86,2,08:45:44.824563867
118.86,1,08:45:44.824682159
118.86,3,08:45:44.824682159
118.86,1,08:45:44.863765284
118.86,5,08:45:44.863765284
118.86,1,08:45:44.863779725
118.86,2,08:45:44.863779725
118.86,1,08:45:44.865044309
118.86,1,08:45:44.865733433
118.86,1,08:45:44.869555481
118.85,2,08:45:48.440573700
118.85,1,08:45:48.440646724
118.86,2,08:45:48.910923367
118.86,1,08:45:48.911220627
118.86,1,08:45:48.911236138
118.86,1,08:45:48.911251779
118.86,1,08:45:48.911266122
118.86,1,08:45:48.911279914
118.86,2,08:45:48.911295594
118.86,2,08:45:48.911309239
118.86,1,08:45:48.911325136
118.86,1,08:45:48.911339441
118.86,2,08:45:48.911339441
118.86,4,08:45:48.911358432
118.86,4,08:45:48.911372640
118.87,1,08:45:48.911388934
118.87,1,08:45:48.911402490
118.87,7,08:45:48.911417389
118.87,1,08:45:48.911417389
118.87,2,08:45:48.911644781
118.87,1,08:45:48.911658640
118.87,4,08:45:48.911672733
118.87,1,08:45:48.911686413
118.87,2,08:45:48.911700234
118.87,3,08:45:48.911715145
118.87,1,08:45:48.911731940
118.87,3,08:45:48.911745773
118.87,2,08:45:48.911761257
118.87,1,08:45:48.911774253
118.87,9,08:45:48.911789593
118.86,2,08:45:48.911968544
118.86,27,08:45:50.733305019
118.86,1,08:45:50.733305019
118.86,1,08:45:50.733769592
118.86,1,08:45:50.737418606
118.86,1,08:45:50.752661751
118.86,1,08:45:50.775902678
118.86,2,08:45:50.778407847
118.86,1,08:45:50.778509402
118.86,1,08:45:50.778524144
118.86,2,08:45:50.778524144
118.86,3,08:45:50.778539751
118.87,2,08:45:54.864832856
118.87,1,08:45:54.864832856
118.87,1,08:45:56.304772712
118.87,2,08:45:56.304772712
118.87,2,08:45:56.305269006
118.87,1,08:45:56.305296707
118.87,1,08:45:56.354472233
118.87,1,08:45:56.354722713
118.87,1,08:46:02.257758044
118.87,1,08:46:02.258177528
118.87,1,08:46:02.258333711
118.87,2,08:46:02.258352754
118.87,1,08:46:02.258352754
118.87,1,08:46:02.258369141
118.87,1,08:46:02.268919784
118.87,1,08:46:03.172822727
118.87,1,08:46:03.573133048
118.87,1,08:46:05.733782562
118.86,10,08:46:06.393784059
118.86,2,08:46:06.393867465
118.86,2,08:46:06.394541398
118.86,2,08:46:06.394680032
118.86,1,08:46:06.397603860
118.86,6,08:46:06.403518816
118.86,1,08:46:06.403532688
118.86,1,08:46:06.403547543
118.86,1,08:46:06.403561613
118.86,1,08:46:06.403576137
118.86,2,08:46:06.403590582
118.86,1,08:46:06.403590582
118.86,1,08:46:06.403604527
118.86,4,08:46:06.403604527
118.86,1,08:46:06.403619276
118.86,1,08:46:06.403633215
118.86,1,08:46:06.403646959
118.86,1,08:46:06.403760649
118.86,1,08:46:06.436190275
118.86,1,08:46:06.621932810
118.86,2,08:46:06.621932810
118.86,1,08:46:06.622041025
118.86,1,08:46:06.622055793
118.86,6,08:46:06.622055793
118.86,1,08:46:06.622070603
118.86,4,08:46:06.978957338
118.86,2,08:46:06.978957338
118.86,1,08:46:06.979028455
118.86,2,08:46:06.979433869
118.86,55,08:46:10.315591204
118.87,1,08:46:12.322004671
118.87,1,08:46:12.322329998
118.87,1,08:46:12.322519691
118.87,1,08:46:12.322541473
118.87,2,08:46:12.322541473
118.87,1,08:46:12.322565220
118.87,3,08:46:12.322565220
118.87,1,08:46:12.322652693
118.87,3,08:46:12.323479658
118.87,1,08:46:12.323479658
118.87,2,08:46:12.323479658
118.87,1,08:46:12.324477814
118.87,2,08:46:12.346786863
118.87,1,08:46:12.346786863
118.86,6,08:46:12.479491963
118.87,1,08:46:12.647023301
118.87,1,08:46:12.685571302
118.87,1,08:46:12.958472080
118.87,1,08:46:13.250201169
118.87,1,08:46:13.508244449
118.87,1,08:46:14.265413898
118.87,1,08:46:14.265880321
118.87,1,08:46:14.513739747
118.87,1,08:46:16.545228392
118.87,1,08:46:16.549120972
118.87,2,08:46:17.121817964
118.87,1,08:46:17.121817964
118.87,1,08:46:17.121912614
118.87,1,08:46:17.122005762
118.87,1,08:46:17.126395078
118.87,1,08:46:17.144850140
118.88,3,08:46:19.304033102
118.88,1,08:46:19.304033102
118.88,1,08:46:19.304120548
118.88,1,08:46:19.310658313
118.88,1,08:46:19.314517920
118.88,2,08:46:19.314777984
118.88,1,08:46:19.314879523
118.88,1,08:46:19.314982061
118.88,1,08:46:19.588526038
118.88,2,08:46:19.980879569
118.88,1,08:46:19.980879569
118.88,2,08:46:20.058560753
118.88,9,08:46:20.058560753
118.88,8,08:46:24.119846709
118.88,1,08:46:24.120130549
118.88,3,08:46:24.120348543
118.88,2,08:46:24.186069305
118.88,2,08:46:24.186238540
118.88,3,08:46:24.186553637
118.88,1,08:46:24.186800914
118.88,1,08:46:24.193911219
118.88,1,08:46:24.194203100
118.88,1,08:46:24.768487099
118.88,1,08:46:24.768579048
118.88,4,08:46:25.067175121
118.88,1,08:46:25.365401590
118.88,1,08:46:25.665540059
118.88,1,08:46:25.944251783
118.88,1,08:46:26.226288572
118.88,1,08:46:26.526621739
118.88,2,08:46:26.560562552
118.88,1,08:46:26.795801817
118.88,1,08:46:27.056973391
118.88,1,08:46:27.325566440
118.88,1,08:46:27.622582696
118.88,1,08:46:27.911690302
118.88,1,08:46:28.207638851
118.88,1,08:46:28.483245095
118.88,1,08:46:28.750802298
118.88,1,08:46:29.010179444
118.88,1,08:46:29.295910639
118.88,1,08:46:29.587421323
118.88,1,08:46:29.856688460
118.88,1,08:46:30.141238907
118.88,1,08:46:30.405400422
118.88,1,08:46:30.689630455
118.88,1,08:46:30.983229277
118.88,1,08:46:31.014772158
118.88,1,08:46:31.014929652
118.88,2,08:46:31.014954514
118.88,1,08:46:31.014954514
118.88,1,08:46:31.014975989
118.88,2,08:46:31.015279394
118.89,1,08:46:32.009848445
118.89,1,08:46:32.024684582
118.89,1,08:46:32.283825040
118.89,1,08:46:32.538620068
118.89,1,08:46:32.817274656
118.89,1,08:46:33.103725350
118.89,5,08:46:33.397713263
118.89,5,08:46:33.397964779
118.89,1,08:46:33.397979800
118.89,2,08:46:33.397979800
118.89,4,08:46:33.397994885
118.89,3,08:46:33.397994885
118.89,2,08:46:33.397994885
118.89,2,08:46:33.398009992
118.89,3,08:46:33.398009992
118.89,4,08:46:33.398023999
118.89,1,08:46:33.398037608
118.89,3,08:46:33.398179725
118.89,3,08:46:33.398196519
118.89,1,08:46:33.398210955
118.89,1,08:46:33.398227992
118.89,16,08:46:33.398242792
118.89,3,08:46:33.398242792
118.89,1,08:46:33.398260396
118.89,1,08:46:33.399383579
118.89,1,08:46:33.409319402
118.89,1,08:46:33.409470336
118.89,1,08:46:33.588707732
118.89,8,08:46:34.222367008
118.89,2,08:46:34.222367008
118.89,2,08:46:34.222815498
118.89,1,08:46:34.222815498
118.89,2,08:46:34.222831620
118.9,6,08:46:34.260469583
118.9,1,08:46:34.260469583
118.9,4,08:46:34.260916803
118.9,2,08:46:34.261258204
118.9,2,08:46:34.261280793
118.9,4,08:46:34.261280793
118.9,2,08:46:34.261296594
118.9,3,08:46:34.261296594
118.9,1,08:46:34.261296594
118.9,3,08:46:34.261609999
118.9,1,08:46:34.261625558
118.9,1,08:46:34.261654658
118.9,3,08:46:34.261669084
118.9,1,08:46:34.261682233
118.9,3,08:46:34.261695865
118.9,2,08:46:34.261723916
118.9,1,08:46:34.261742377
118.9,1,08:46:34.261764659
118.9,1,08:46:34.261842626
118.9,13,08:46:34.262131881
118.9,3,08:46:34.262145528
118.9,1,08:46:34.262175759
118.9,1,08:46:34.262189791
118.9,1,08:46:34.262225409
118.9,2,08:46:34.262441916
118.9,1,08:46:34.262441916
118.9,1,08:46:34.285566117
118.89,1,08:46:34.972698566
118.9,6,08:46:36.002599946
118.9,1,08:46:36.002971278
118.9,9,08:46:36.002985639
118.9,2,08:46:36.003001576
118.9,1,08:46:36.003015425
118.9,2,08:46:36.003031166
118.9,1,08:46:36.003031166
118.9,1,08:46:36.003044564
118.9,1,08:46:36.003058190
118.9,1,08:46:36.003072792
118.9,2,08:46:36.003072792
118.9,2,08:46:36.003086471
118.9,1,08:46:36.003101566
118.9,1,08:46:36.003116193
118.9,1,08:46:36.003130378
118.9,1,08:46:36.003145220
118.9,1,08:46:36.003162421
118.9,3,08:46:36.003550865
118.9,2,08:46:36.004013357
118.9,4,08:46:36.004013357
118.9,9,08:46:36.004030308
118.9,3,08:46:36.004236257
118.9,2,08:46:36.004351084
118.9,2,08:46:36.004367660
118.9,1,08:46:36.004456298
118.9,1,08:46:36.004548128
118.9,1,08:46:36.004778614
118.9,1,08:46:36.005037187
118.9,1,08:46:36.030354911
118.9,1,08:46:37.780965352
118.9,1,08:46:37.781095813
118.9,1,08:46:37.781190404
118.9,1,08:46:37.781205723
118.9,1,08:46:37.781684481
118.9,1,08:46:37.820069326
118.91,1,08:46:41.102231584
118.91,5,08:46:41.102231584
118.91,4,08:46:41.102231584
118.9,1,08:46:41.104259557
118.9,1,08:46:41.114684504
118.9,1,08:46:41.114749335
118.9,1,08:46:41.115239951
118.9,1,08:46:41.115434237
118.9,27,08:46:41.115451133
118.9,1,08:46:41.115451133
118.9,1,08:46:41.115481111
118.9,2,08:46:41.115481111
118.9,1,08:46:41.147169736
118.9,1,08:46:41.209983229
118.91,2,08:46:44.666602494
118.91,3,08:46:44.666602494
118.91,8,08:46:44.667037572
118.91,1,08:46:44.667037572
118.91,3,08:46:44.667052480
118.91,2,08:46:44.667198992
118.91,1,08:46:44.667492064
118.91,3,08:46:44.667512893
118.91,2,08:46:44.667512893
118.91,1,08:46:44.667527261
118.91,2,08:46:44.886943832
118.91,1,08:46:44.969379397
118.91,2,08:46:45.116662604
118.91,1,08:46:45.116839433
118.91,1,08:46:45.117233375
118.91,1,08:46:45.214276351
118.91,1,08:46:45.214581400
118.91,2,08:46:45.214581400
118.91,1,08:46:45.561155757
118.92,4,08:46:48.495733362
118.92,6,08:46:48.495829241
118.92,1,08:46:48.496063106
118.92,1,08:46:48.496167641
118.92,1,08:46:48.496274686
118.92,1,08:46:48.496992216
118.92,2,08:46:48.496992216
118.92,1,08:46:48.497536946
118.92,1,08:46:48.711930900
118.92,1,08:46:50.128344780
118.92,2,08:46:50.128478386
118.92,2,08:46:50.128494351
118.92,1,08:46:50.128494351
118.92,1,08:46:50.128516191
118.92,4,08:46:50.128516191
118.92,2,08:46:50.128516191
118.92,5,08:46:50.128633156
118.92,1,08:46:50.128633156
118.92,1,08:46:50.130030805
118.92,2,08:46:50.130048904
118.92,1,08:46:50.130048904
118.92,3,08:46:50.134180689
118.92,1,08:46:50.134180689
118.92,3,08:46:50.134413007
118.92,1,08:46:50.134581697
118.92,2,08:46:50.134581697
118.92,2,08:46:50.134775435
118.92,1,08:46:50.134907070
118.92,3,08:46:50.135308427
118.92,1,08:46:50.141597135
118.92,2,08:46:50.145470314
118.92,1,08:46:50.152104332
118.92,1,08:46:51.239537546
118.92,1,08:46:51.239635427
118.92,1,08:46:51.239649967
118.92,2,08:46:51.239649967
118.92,1,08:46:51.239664047
118.92,1,08:46:52.072351222
118.92,2,08:46:52.072698162
118.92,1,08:46:52.072698162
118.92,3,08:46:52.072698162
118.92,26,08:46:52.072799532
118.92,1,08:46:52.072819753
118.92,8,08:46:52.073347375
118.92,1,08:46:52.073497106
118.92,1,08:46:52.073530843
118.92,4,08:46:52.073530843
118.92,14,08:46:52.073530843
118.92,1,08:46:52.083379327
118.92,3,08:46:52.084129473
118.92,12,08:46:52.084265502
118.92,1,08:46:52.084283908
118.92,1,08:46:52.084306865
118.92,2,08:46:52.084306865
118.92,3,08:46:52.084306865
118.92,1,08:46:52.084605646
118.93,2,08:46:52.384790758
118.92,1,08:46:56.762452114
118.92,2,08:46:56.762452114
118.92,1,08:46:56.762658827
118.92,2,08:46:56.762673870
118.92,1,08:46:56.762673870
118.92,13,08:46:56.762673870
118.92,1,08:46:56.762691067
118.92,2,08:46:56.762691067
118.92,11,08:46:56.762691067
118.92,11,08:46:56.762705752
118.92,1,08:46:56.762705752
118.92,1,08:46:56.762909653
118.92,20,08:46:56.763112780
118.92,1,08:46:56.763112780
118.92,4,08:46:56.763112780
118.92,3,08:46:56.763264226
118.92,1,08:46:56.763264226
118.92,1,08:46:56.763294053
118.92,1,08:46:56.773059470
118.92,1,08:46:56.789604393
118.92,1,08:46:56.789677260
118.92,1,08:46:56.795665058
118.92,1,08:46:56.837106256
118.92,3,08:46:56.838183587
118.92,4,08:46:57.435713111
118.92,16,08:46:57.435956067
118.92,1,08:46:57.435956067
118.92,1,08:46:57.435972490
118.93,3,08:46:57.789434020
118.93,2,08:46:57.789434020
118.93,1,08:46:57.789526135
118.93,2,08:46:57.789540945
118.93,1,08:46:57.789540945
118.93,5,08:46:57.789540945
118.93,2,08:47:00.736068159
118.93,7,08:47:00.736379610
118.93,6,08:47:01.050654871
118.93,4,08:47:01.054045531
118.93,3,08:47:01.054215630
118.93,1,08:47:01.054469713
118.93,1,08:47:01.054602867
118.93,1,08:47:01.054629658
118.93,1,08:47:01.058033676
118.93,1,08:47:01.058575266
118.93,1,08:47:01.061665702
118.93,1,08:47:01.061689683
118.93,5,08:47:01.061689683
118.93,3,08:47:01.225498929
118.92,1,08:47:01.256326101
118.92,1,08:47:01.256415106
118.92,3,08:47:01.256429702
118.92,11,08:47:02.611663060
118.93,1,08:47:02.636003425
118.93,8,08:47:02.636003425
118.93,2,08:47:02.636130798
118.93,1,08:47:02.636147508
118.93,1,08:47:02.636164168
118.93,1,08:47:06.913059337
118.93,3,08:47:06.913121853
118.92,1,08:47:08.252021711
118.92,1,08:47:08.252182487
118.92,1,08:47:08.252201832
118.92,3,08:47:08.252201832
118.92,1,08:47:08.252227321
118.92,3,08:47:08.252227321
118.92,25,08:47:08.252227321
118.92,1,08:47:08.277901536
118.92,1,08:47:08.278306582
118.92,1,08:47:08.278376729
118.92,3,08:47:08.286682942
118.92,1,08:47:08.288467151
118.92,1,08:47:09.601575771
118.92,1,08:47:09.601733979
118.92,1,08:47:09.601820561
118.92,1,08:47:09.601952215
118.92,1,08:47:09.602030059
118.92,3,08:47:09.602290340
118.92,1,08:47:09.602290340
118.92,1,08:47:09.603115015
118.92,1,08:47:09.603373869
118.92,1,08:47:09.603540518
118.92,2,08:47:09.852502827
118.92,2,08:47:09.852942045
118.92,1,08:47:09.852942045
118.92,1,08:47:09.852958749
118.92,10,08:47:09.863745484
118.92,1,08:47:09.863745484
118.92,1,08:47:09.863816608
118.92,1,08:47:09.886187168
118.92,1,08:47:09.907213666
118.92,3,08:47:19.051664147
118.92,4,08:47:19.051664147
118.92,1,08:47:19.051743484
118.92,22,08:47:19.051759632
118.91,2,08:47:19.112686470
118.91,1,08:47:19.112889785
118.91,3,08:47:19.113046371
118.91,1,08:47:19.113181497
118.91,1,08:47:19.113196396
118.91,1,08:47:19.113364217
118.91,1,08:47:19.113396135
118.91,2,08:47:19.113496153
118.91,1,08:47:19.113496153
118.91,28,08:47:19.113696607
118.91,15,08:47:19.113715164
118.91,1,08:47:19.113715164
118.91,2,08:47:19.113729117
118.91,1,08:47:19.113994690
118.91,1,08:47:19.114008713
118.91,1,08:47:19.114022873
118.91,1,08:47:19.114038770
118.91,1,08:47:19.145464369
118.91,1,08:47:19.150027802
118.91,1,08:47:19.153478302
118.9,1,08:47:20.059955102
118.9,1,08:47:20.060047243
118.9,1,08:47:20.060061726
118.9,2,08:47:20.060075428
118.9,1,08:47:22.011810879
118.9,1,08:47:22.929888832
118.9,1,08:47:22.929982163
118.9,2,08:47:22.930286620
118.9,1,08:47:22.930286620
118.9,1,08:47:22.930299980
118.9,21,08:47:22.930534265
118.9,1,08:47:22.930549756
118.9,1,08:47:22.930566595
118.9,18,08:47:22.930581494
118.9,1,08:47:22.930581494
118.9,1,08:47:22.930783336
118.9,1,08:47:22.930797234
118.9,1,08:47:22.930812137
118.9,1,08:47:22.930825295
118.9,1,08:47:22.930842975
118.9,1,08:47:22.941918325
118.9,1,08:47:22.962638996
118.9,1,08:47:23.236442370
118.9,1,08:47:28.977795405
118.9,1,08:47:28.977914591
118.9,2,08:47:28.978327486
118.9,1,08:47:28.978327486
118.9,3,08:47:28.978342014
118.9,1,08:47:28.978519403
118.9,11,08:47:28.978540452
118.9,1,08:47:28.978540452
118.9,2,08:47:28.978558587
118.9,4,08:47:28.978558587
118.9,19,08:47:28.978733850
118.9,3,08:47:28.978747300
118.9,1,08:47:28.978763425
118.9,2,08:47:28.979385348
118.9,4,08:47:28.979402461
118.9,1,08:47:28.979402461
118.9,1,08:47:32.013494593
118.9,1,08:47:42.291743402
118.9,3,08:47:42.291743402
118.9,1,08:47:42.291757245
118.9,1,08:47:42.291944262
118.9,1,08:47:42.291962909
118.9,2,08:47:42.291962909
118.9,27,08:47:42.291962909
118.9,1,08:47:42.292123344
118.9,2,08:47:42.292142390
118.9,1,08:47:42.292142390
118.9,3,08:47:42.292142390
118.9,1,08:47:42.292374320
118.9,1,08:47:42.317653158
118.9,1,08:47:42.323945320
118.9,1,08:47:42.327276902
118.9,1,08:47:42.353102432
118.89,1,08:47:42.602131340
118.89,1,08:47:42.602486315
118.89,1,08:47:42.602600673
118.89,2,08:47:42.602622116
118.89,1,08:47:42.602638905
118.89,1,08:47:42.602858527
118.89,1,08:47:42.603005816
118.89,6,08:47:42.603107106
118.89,2,08:47:42.603107106
118.89,1,08:47:42.603120799
118.89,4,08:47:42.603586225
118.89,1,08:47:42.603586225
118.89,1,08:47:42.603739220
118.89,1,08:47:42.603752843
118.89,1,08:47:42.603768424
118.89,11,08:47:42.603768424
118.89,1,08:47:42.603783893
118.89,2,08:47:42.603783893
118.89,1,08:47:42.604469101
118.89,1,08:47:42.655356021
118.89,1,08:47:43.738622250
118.89,6,08:47:43.739141284
118.89,1,08:47:43.739153402
118.89,3,08:47:43.739168007
118.89,1,08:47:43.739168007
118.89,23,08:47:43.739181456
118.89,2,08:47:43.739233056
118.89,1,08:47:43.739247844
118.89,3,08:47:43.741106931
118.89,1,08:47:43.741710392
118.89,1,08:47:43.741725487
118.89,2,08:47:43.741725487
118.89,1,08:47:43.743481425
118.89,3,08:47:43.743527124
118.89,1,08:47:43.743540743
118.89,1,08:47:43.743557169
118.89,4,08:47:43.743557169
118.89,1,08:47:43.763099005
118.9,1,08:47:48.552525491
118.9,2,08:47:48.552525491
118.9,5,08:47:48.552525491
118.9,1,08:47:48.552998616
118.9,48,08:47:48.552998616
118.9,3,08:47:48.552998616
118.9,5,08:47:48.553020094
118.9,1,08:47:48.553020094
118.9,3,08:47:48.553020094
118.9,2,08:47:48.553020094
118.9,1,08:47:48.553223691
118.9,1,08:47:48.553238683
118.9,1,08:47:48.553252619
118.9,1,08:47:48.553270488
118.91,1,08:47:48.584072058
118.91,1,08:47:48.584089337
118.91,2,08:47:48.584089337
118.91,1,08:47:48.584360281
118.91,1,08:47:48.584375890
118.91,1,08:47:48.585441653
118.91,1,08:47:49.423042948
118.91,3,08:47:49.423042948
118.91,2,08:47:49.423480724
118.91,1,08:47:49.423494132
118.91,21,08:47:49.423507825
118.91,1,08:47:49.423521758
118.91,1,08:47:49.423535697
118.9,1,08:47:49.423549489
118.9,16,08:47:49.423563195
118.9,4,08:47:49.423578017
118.9,4,08:47:49.423592631
118.9,1,08:47:49.423592631
118.9,2,08:47:49.423592631
118.9,1,08:47:49.423606439
118.9,1,08:47:49.423620647
118.9,1,08:47:49.423636107
118.9,1,08:47:49.423649687
118.9,11,08:47:49.423666417
118.9,1,08:47:49.423679828
118.9,4,08:47:49.423693815
118.9,1,08:47:49.423706810
118.9,9,08:47:49.423827601
118.9,1,08:47:49.423843108
118.9,1,08:47:49.423858385
118.9,4,08:47:49.423858385
118.9,5,08:47:49.423873662
118.9,1,08:47:49.445044403
118.9,1,08:47:49.445058835
118.9,1,08:47:49.445074275
118.9,28,08:47:49.445074275
118.9,3,08:47:49.445074275
118.9,4,08:47:49.445091314
118.9,2,08:47:49.445091314
118.9,1,08:47:49.445091314
118.9,1,08:47:49.445785279
118.9,1,08:47:49.445998693
118.9,1,08:47:49.456233458
118.9,1,08:47:49.468113456
118.9,1,08:47:49.468130480
118.91,1,08:47:49.469823839
118.9,1,08:47:49.868129728
118.9,1,08:47:49.868213050
118.9,2,08:47:49.868381693
118.9,1,08:47:49.868381693
118.9,3,08:47:49.877212237
118.9,1,08:47:49.877278359
118.9,1,08:47:49.886932560
118.9,1,08:47:49.887952688
118.9,3,08:47:49.887952688
118.9,5,08:47:49.887952688
118.9,1,08:47:49.905690225
118.9,1,08:47:52.205715623
118.9,18,08:47:52.205779161
118.9,1,08:47:54.362086824
118.9,8,08:47:54.362086824
118.9,1,08:47:54.372699325
118.89,2,08:47:58.268939678
118.89,12,08:47:58.269086848
118.89,1,08:47:58.269086848
118.89,13,08:47:59.816091032
118.9,4,08:48:00.344837827
118.9,11,08:48:00.344861110
118.9,1,08:48:00.344861110
118.9,3,08:48:00.344861110
118.9,5,08:48:00.345117442
118.9,1,08:48:00.345278210
118.9,9,08:48:00.345278210
118.91,1,08:48:01.008422983
118.91,2,08:48:01.248489389
118.91,1,08:48:01.248576487
118.91,3,08:48:01.248591990
118.91,15,08:48:01.248591990
118.91,1,08:48:01.248591990
118.91,3,08:48:02.146372466
118.91,5,08:48:02.146501609
118.91,1,08:48:02.146616421
118.91,1,08:48:02.146636987
118.91,2,08:48:02.146636987
118.91,3,08:48:02.146636987
118.91,1,08:48:02.768325090
118.91,1,08:48:02.793071934
118.91,1,08:48:04.057762364
118.91,3,08:48:04.057788428
118.91,4,08:48:04.057788428
118.91,1,08:48:04.057788428
118.91,9,08:48:04.057924459
118.91,8,08:48:04.057924459
118.91,1,08:48:04.058060002
118.91,2,08:48:04.058060002
118.91,1,08:48:04.058077317
118.91,1,08:48:04.099158037
118.91,1,08:48:05.154949663
118.91,3,08:48:05.154949663
118.91,1,08:48:05.155070266
118.91,1,08:48:05.155093656
118.91,2,08:48:05.155093656
118.91,3,08:48:05.155093656
118.91,1,08:48:05.155488991
118.91,1,08:48:05.155942839
118.9,1,08:48:07.060255588
118.9,1,08:48:07.060324484
118.9,1,08:48:09.966232070
118.9,4,08:48:09.966359495
118.9,1,08:48:09.966359495
118.9,1,08:48:09.966376064
118.9,1,08:48:09.966807238
118.9,1,08:48:09.966834803
118.9,2,08:48:09.966834803
118.9,1,08:48:09.967228051
118.9,4,08:48:09.967243200
118.9,1,08:48:09.967279024
118.9,8,08:48:09.967279024
118.9,1,08:48:09.967296915
118.9,1,08:48:09.967310902
118.9,1,08:48:09.967325123
118.9,1,08:48:09.967340409
118.9,1,08:48:09.967354540
118.9,1,08:48:09.967370384
118.9,1,08:48:09.967398774
118.9,4,08:48:09.967973005
118.9,2,08:48:09.968070790
118.9,1,08:48:09.968084921
118.9,5,08:48:09.968100467
118.9,1,08:48:09.968100467
118.9,1,08:48:09.975841428
118.9,1,08:48:09.976145597
118.9,1,08:48:09.976857382
118.9,1,08:48:09.977044352
118.9,1,08:48:09.977569551
118.9,1,08:48:09.982060652
118.9,1,08:48:10.041209171
118.9,1,08:48:10.044617335
118.9,1,08:48:10.063276353
118.9,3,08:48:10.063410519
118.9,1,08:48:10.063585121
118.9,1,08:48:10.063718362
118.9,1,08:48:10.063993210
118.9,1,08:48:10.110253380
118.9,2,08:48:10.150404408
118.9,1,08:48:10.160932295
118.9,1,08:48:10.161161581
118.91,14,08:48:10.843772498
118.91,4,08:48:10.844261816
118.91,1,08:48:10.844279201
118.91,1,08:48:10.844296757
118.91,1,08:48:10.844312401
118.91,1,08:48:10.844325733
118.91,2,08:48:10.844342094
118.91,1,08:48:10.844355336
118.91,1,08:48:10.844369355
118.91,1,08:48:10.844384664
118.91,1,08:48:10.844399390
118.91,1,08:48:10.844418813
118.91,1,08:48:10.844861073
118.91,2,08:48:10.844877611
118.91,1,08:48:10.844891639
118.91,2,08:48:10.844907409
118.92,5,08:48:11.957998745
118.92,9,08:48:11.958206530
118.92,6,08:48:11.958228792
118.92,3,08:48:11.958390530
118.92,1,08:48:11.958507484
118.92,1,08:48:11.958640063
118.92,2,08:48:11.958640063
118.92,1,08:48:11.958656568
118.92,1,08:48:15.399373584
118.92,2,08:48:15.399436205
118.92,1,08:48:15.667958299
118.92,2,08:48:15.667958299
118.92,2,08:48:15.668271758
118.92,2,08:48:15.668593025
118.92,1,08:48:15.765574950
118.91,3,08:48:16.431936443
118.92,1,08:48:18.106428673
118.91,1,08:48:18.258368461
118.91,1,08:48:18.258384285
118.91,3,08:48:18.258440397
118.92,1,08:48:18.746849813
118.92,1,08:48:20.066367834
118.92,1,08:48:21.235031806
118.92,6,08:48:21.235114052
118.92,1,08:48:21.235129514
118.92,1,08:48:21.285119129
118.92,1,08:48:24.551007362
118.92,1,08:48:24.551071327
118.92,1,08:48:24.551347275
118.93,1,08:48:24.892625411
118.93,3,08:48:24.892625411
118.93,1,08:48:24.892984467
118.93,1,08:48:24.893000131
118.93,1,08:48:24.893014086
118.93,1,08:48:24.893027896
118.93,1,08:48:24.893041691
118.93,4,08:48:24.893057917
118.93,1,08:48:24.893057917
118.93,1,08:48:24.893073027
118.93,1,08:48:24.893088653
118.93,1,08:48:24.893101878
118.93,14,08:48:24.893116809
118.93,1,08:48:24.893116809
118.93,19,08:48:24.893131296
118.93,13,08:48:24.893145737
118.93,8,08:48:24.893160316
118.93,3,08:48:25.375908316
118.93,3,08:48:25.422797557
118.93,2,08:48:25.422797557
118.93,1,08:48:26.644846861
118.93,1,08:48:26.644927552
118.93,3,08:48:26.644997245
118.93,1,08:48:30.362563578
118.93,2,08:48:30.362563578
118.93,1,08:48:30.362691363
118.93,1,08:48:30.362712336
118.93,1,08:48:30.362749114
118.93,2,08:48:30.362749114
118.93,4,08:48:30.362749114
118.93,1,08:48:30.387473273
118.93,6,08:48:30.387899890
118.93,4,08:48:30.388031051
118.93,5,08:48:30.388058760
118.93,1,08:48:30.388058760
118.93,2,08:48:30.388058760
118.93,1,08:48:30.435764494
118.93,1,08:48:30.435839418
118.92,2,08:48:30.918328838
118.92,3,08:48:30.918328838
118.92,1,08:48:30.918421817
118.92,1,08:48:30.918437427
118.92,19,08:48:30.918437427
118.92,2,08:48:30.918736943
118.92,1,08:48:30.918736943
118.92,1,08:48:30.918885664
118.92,1,08:48:30.918901075
118.92,2,08:48:30.918901075
118.92,12,08:48:30.919044863
118.92,1,08:48:30.919058499
118.92,5,08:48:30.919075849
118.93,1,08:48:32.602698495
118.93,2,08:48:32.603208297
118.93,2,08:48:32.603513180
118.93,4,08:48:32.603513180
118.93,1,08:48:32.603774339
118.93,1,08:48:32.603952361
118.93,9,08:48:32.603952361
118.93,5,08:48:32.604218889
118.93,2,08:48:32.604235330
118.93,1,08:48:32.604250924
118.93,2,08:48:32.604267250
118.93,3,08:48:32.604296882
118.93,4,08:48:32.604310741
118.93,2,08:48:32.604412024
118.93,18,08:48:32.604427098
118.93,2,08:48:32.604440510
118.93,4,08:48:32.604834927
118.93,6,08:48:32.604834927
118.93,1,08:48:32.604870072
118.93,1,08:48:32.605110245
118.93,3,08:48:32.605243873
118.93,1,08:48:32.605837636
118.93,1,08:48:32.747518055
118.93,1,08:48:33.675349184
118.93,1,08:48:33.675431885
118.94,1,08:48:34.019114109
118.94,1,08:48:34.019186378
118.94,1,08:48:34.019202295
118.94,1,08:48:34.769952523
118.94,2,08:48:34.769952523
118.94,3,08:48:34.769968082
118.94,1,08:48:34.891520112
118.93,2,08:48:36.036752931
118.93,1,08:48:36.036844568
118.93,2,08:48:36.036844568
118.93,2,08:48:36.038406350
118.93,3,08:48:36.038406350
118.93,5,08:48:36.039440096
118.93,5,08:48:36.040286375
118.93,1,08:48:36.041303439
118.93,1,08:48:36.041389637
118.93,1,08:48:36.041405573
118.93,3,08:48:36.042489003
118.93,2,08:48:36.042489003
118.93,5,08:48:36.043374097
118.93,2,08:48:36.044092183
118.94,1,08:48:36.054975247
118.93,9,08:48:36.475985238
118.93,1,08:48:36.475985238
118.93,4,08:48:36.475985238
118.93,1,08:48:36.476017476
118.93,6,08:48:36.476017476
118.93,2,08:48:36.476017476
118.93,3,08:48:36.476017476
118.93,16,08:48:36.476017476
118.92,1,08:48:36.479357348
118.92,1,08:48:36.479378801
118.92,3,08:48:36.479378801
118.92,1,08:48:36.493573340
118.92,2,08:48:36.493795894
118.92,1,08:48:36.493810774
118.92,3,08:48:36.493810774
118.92,1,08:48:36.493912688
118.92,5,08:48:36.493944285
118.92,1,08:48:36.494283513
118.92,5,08:48:36.494283513
118.92,2,08:48:36.494283513
118.92,1,08:48:36.494298211
118.92,13,08:48:36.494607270
118.92,1,08:48:36.494654886
118.92,1,08:48:36.494671718
118.92,1,08:48:36.505611840
118.92,2,08:48:36.511625792
118.92,1,08:48:36.522697026
118.92,1,08:48:36.523050016
118.92,5,08:48:36.537854996
118.92,2,08:48:36.546059000
118.92,2,08:48:36.551523843
118.92,1,08:48:36.551604575
118.92,1,08:48:36.551622691
118.92,2,08:48:36.552922502
118.92,1,08:48:36.555286846
118.92,5,08:48:36.555487339
118.92,2,08:48:40.684788763
118.92,2,08:48:40.684854948
118.92,1,08:48:40.685244094
118.92,6,08:48:40.685244094
118.92,5,08:48:40.685364023
118.92,5,08:48:40.685754001
118.92,1,08:48:40.685754001
118.92,6,08:48:40.685754001
118.92,1,08:48:40.685768880
118.91,1,08:48:44.485809911
118.91,1,08:48:44.485889949
118.91,1,08:48:44.486079276
118.91,3,08:48:44.486224598
118.91,12,08:48:44.486302035
118.91,1,08:48:44.486461398
118.91,4,08:48:44.486893593
118.91,1,08:48:44.486916595
118.91,12,08:48:44.486916595
118.91,6,08:48:44.486916595
118.91,1,08:48:44.486943392
118.9,12,08:48:47.682530423
118.9,1,08:48:47.682530423
118.9,2,08:48:47.682530423
118.9,1,08:48:47.682884861
118.9,9,08:48:47.683191250
118.9,2,08:48:47.683191250
118.9,1,08:48:47.683191250
118.89,3,08:48:47.886466925
118.89,1,08:48:47.886466925
118.89,2,08:48:47.886549377
118.89,3,08:48:47.886549377
118.9,6,08:48:48.492742349
118.9,2,08:48:48.493185404
118.9,5,08:48:48.493185404
118.9,2,08:48:48.493343061
118.9,6,08:48:48.493375369
118.9,1,08:48:48.493375369
118.9,6,08:48:48.493389289
118.9,1,08:48:48.493526364
118.9,13,08:48:48.493526364
118.91,23,08:48:52.802819487
118.91,1,08:48:52.803206489
118.91,5,08:48:52.803339711
118.91,2,08:48:52.803366626
118.92,1,08:48:54.833371533
118.92,1,08:48:54.833387171
118.92,2,08:48:54.833387171
118.92,2,08:48:54.833481907
118.92,1,08:48:55.201836556
118.92,1,08:48:55.201929769
118.92,23,08:48:55.201947541
118.91,1,08:48:56.495135305
118.91,3,08:48:56.495135305
118.91,1,08:48:56.495525863
118.91,2,08:48:56.495525863
118.91,17,08:48:56.495643792
118.91,6,08:48:56.495768418
118.91,1,08:48:56.495787861
118.91,1,08:48:56.495807349
118.91,2,08:48:56.498008798
118.91,1,08:48:56.498389652
118.9,1,08:48:57.178695056
118.91,1,08:48:57.489607537
118.91,2,08:48:57.670668339
118.91,1,08:48:58.329501233
118.91,1,08:48:58.451183644
118.91,1,08:48:58.451457906
118.91,1,08:48:59.351902380
118.92,1,08:49:00.978151295
118.92,1,08:49:00.978417158
118.92,1,08:49:00.978588617
118.92,1,08:49:00.978603455
118.92,2,08:49:00.978603455
118.92,2,08:49:00.978624537
118.92,1,08:49:00.978624537
118.92,1,08:49:00.998433290
118.92,20,08:49:03.120539564
118.92,7,08:49:03.120860372
118.92,2,08:49:03.120860372
118.92,1,08:49:03.120965377
118.92,2,08:49:03.120965377
118.92,1,08:49:03.121102094
118.91,4,08:49:03.581742996
118.91,2,08:49:03.581944746
118.91,2,08:49:03.581971889
118.91,1,08:49:03.581971889
118.91,5,08:49:03.581999164
118.91,1,08:49:03.581999164
118.91,12,08:49:03.581999164
118.91,6,08:49:03.581999164
118.91,8,08:49:03.581999164
118.91,4,08:49:03.581999164
118.91,3,08:49:04.780747296
118.92,1,08:49:10.196254066
118.92,2,08:49:10.196414858
118.92,1,08:49:10.196414858
118.92,4,08:49:10.219828089
118.92,2,08:49:10.219897236
118.92,1,08:49:10.235188185
118.92,1,08:49:10.244028387
118.93,1,08:49:13.962127903
118.93,2,08:49:13.962194668
118.93,1,08:49:13.962542700
118.93,1,08:49:13.962556544
118.93,23,08:49:13.962964252
118.93,2,08:49:13.962964252
118.93,10,08:49:13.962964252
118.93,1,08:49:13.962986441
118.93,1,08:49:13.963002316
118.93,1,08:49:13.973442434
118.93,1,08:49:13.973521249
118.93,1,08:49:13.973774193
118.93,1,08:49:14.026433202
118.93,1,08:49:14.026585532
118.93,1,08:49:14.491505825
118.93,6,08:49:19.492182649
118.93,1,08:49:19.492182649
118.93,1,08:49:19.492266061
118.93,2,08:49:19.492266061
118.93,5,08:49:19.492281683
118.93,2,08:49:19.524392415
118.93,1,08:49:19.524613665
118.93,3,08:49:19.524629038
118.93,6,08:49:19.524699577
118.93,1,08:49:19.524838235
118.93,3,08:49:19.524936610
118.93,4,08:49:19.525035452
118.93,1,08:49:19.526574433
118.93,1,08:49:19.526770298
118.93,1,08:49:19.526785312
118.93,1,08:49:19.527003674
118.93,2,08:49:19.527003674
118.93,1,08:49:19.527021694
118.93,1,08:49:19.527570259
118.93,2,08:49:19.527570259
118.93,1,08:49:19.528048898
118.93,1,08:49:19.555041449
118.93,1,08:49:19.555495804
118.93,1,08:49:19.556061212
118.93,2,08:49:19.563745974
118.93,2,08:49:19.589866771
118.93,1,08:49:19.589958470
118.93,1,08:49:19.589974792
118.93,2,08:49:19.614063400
118.93,1,08:49:19.889240141
118.93,2,08:49:19.959242008
118.93,1,08:49:22.427677800
118.93,1,08:49:22.427808518
118.93,3,08:49:22.428045242
118.93,2,08:49:22.428533120
118.93,1,08:49:22.428627654
118.93,4,08:49:22.428822409
118.93,1,08:49:22.428822409
118.93,1,08:49:22.429353967
118.93,2,08:49:22.430525774
118.93,1,08:49:22.430525774
118.92,2,08:49:26.468067867
118.92,1,08:49:26.468067867
118.92,6,08:49:26.468067867
118.92,2,08:49:26.468239079
118.92,2,08:49:26.468254382
118.92,1,08:49:26.468254382
118.92,10,08:49:26.468442644
118.92,1,08:49:26.468468843
118.92,2,08:49:26.468468843
118.92,4,08:49:26.468468843
118.92,10,08:49:26.468468843
118.92,2,08:49:27.828170132
118.92,22,08:49:39.340471564
118.92,1,08:49:39.340680485
118.92,1,08:49:39.340696261
118.92,2,08:49:39.340696261
118.92,1,08:49:39.340862898
118.92,1,08:49:39.340877285
118.92,1,08:49:39.340892133
118.92,1,08:49:39.341099717
118.92,1,08:49:39.341113877
118.92,9,08:49:39.341130455
118.92,1,08:49:39.341130455
118.92,3,08:49:39.341130455
118.92,1,08:49:39.341323656
118.92,1,08:49:39.341831358
118.92,5,08:49:39.342053587
118.92,1,08:49:39.342395450
118.92,3,08:49:39.362308014
118.92,1,08:49:39.364791946
118.92,1,08:49:39.364908959
118.92,1,08:49:39.364926066
118.92,2,08:49:39.364926066
118.92,1,08:49:39.364941295
118.92,2,08:49:40.265852579
118.92,1,08:49:40.265961974
118.92,5,08:49:40.265977180
118.92,1,08:49:40.265977180
118.92,7,08:49:41.899217078
118.92,3,08:49:41.899217078
118.92,1,08:49:41.899780981
118.92,8,08:49:41.900287979
118.92,1,08:49:41.900307813
118.92,2,08:49:41.900307813
118.92,7,08:49:41.900307813
118.92,2,08:49:41.900337122
118.92,1,08:49:41.911602471
118.92,1,08:49:41.911688896
118.91,1,08:49:43.480562668
118.91,1,08:49:43.480654440
118.91,1,08:49:43.480670504
118.91,2,08:49:43.480670504
118.91,1,08:49:43.480884280
118.91,1,08:49:43.481027837
118.91,10,08:49:43.481027837
118.91,17,08:49:43.481027837
118.91,1,08:49:43.481174267
118.91,6,08:49:43.481174267
118.91,1,08:49:43.481192145
118.9,13,08:49:48.314509825
118.9,1,08:49:48.314627815
118.9,1,08:49:48.314646144
118.9,13,08:49:48.314646144
118.9,1,08:49:48.314664679
118.89,1,08:49:48.514012299
118.89,3,08:49:48.514012299
118.89,1,08:49:48.514416537
118.89,5,08:49:48.514538287
118.89,1,08:49:48.514538287
118.89,1,08:49:48.514697385
118.89,4,08:49:48.514697385
118.89,2,08:49:48.566123704
118.89,1,08:49:48.566325158
118.89,1,08:49:48.566428694
118.89,1,08:49:48.566637497
118.88,2,08:49:49.651509510
118.88,1,08:49:49.653096574
118.88,2,08:49:49.653118513
118.88,1,08:49:49.653545214
118.88,1,08:49:49.670190091
118.88,7,08:49:49.670265921
118.88,2,08:49:49.670290462
118.88,1,08:49:52.298202105
118.88,1,08:49:52.316217317
118.88,2,08:49:52.316217317
118.88,1,08:49:52.318019784
118.88,3,08:49:52.318255182
118.88,1,08:49:52.404937095
118.89,1,08:49:52.822989626
118.88,1,08:49:53.172936164
118.88,1,08:49:53.427859305
118.88,1,08:49:54.631101005
118.88,2,08:49:54.631187920
118.88,10,08:49:54.631403261
118.88,3,08:49:54.631541699
118.88,2,08:49:54.631570425
118.88,17,08:49:54.631570425
118.89,1,08:49:55.898540140
118.89,3,08:49:55.898540140
118.89,1,08:49:55.898899401
118.9,1,08:49:57.870722561
118.9,1,08:49:57.870868020
118.9,1,08:49:57.870893115
118.9,2,08:49:57.870893115
118.9,1,08:49:57.871220119
118.9,3,08:49:57.871220119
118.9,1,08:49:57.995302783
118.89,2,08:49:58.487959874
118.89,1,08:49:58.487959874
118.89,1,08:49:58.488218408
118.89,1,08:49:58.488233007
118.89,6,08:49:58.488233007
118.89,1,08:49:58.488248956
118.89,13,08:49:58.488265435
118.89,2,08:49:58.488265435
118.89,1,08:49:58.488265435
118.89,1,08:49:58.488278873
118.89,4,08:49:58.488278873
118.89,1,08:49:58.488292594
118.89,12,08:49:58.488306220
118.89,1,08:49:58.488320501
118.89,5,08:49:58.488334811
118.9,5,08:50:00.716930151
118.9,1,08:50:00.716930151
118.9,1,08:50:00.731500825
118.9,1,08:50:00.731709122
118.9,1,08:50:00.731813260
118.9,1,08:50:00.743458496
118.9,2,08:50:00.743819142
118.9,1,08:50:03.549185353
118.9,1,08:50:03.550064159
118.9,1,08:50:08.164967685
118.9,1,08:50:08.165081006
118.9,1,08:50:10.092636105
118.9,4,08:50:10.092708790
118.9,6,08:50:10.092967158
118.9,1,08:50:10.093336959
118.9,1,08:50:10.093505340
118.9,6,08:50:10.093505340
118.9,1,08:50:10.093527906
118.9,6,08:50:10.093527906
118.89,2,08:50:14.508570497
118.89,6,08:50:14.509264794
118.89,1,08:50:14.509415066
118.89,1,08:50:14.509443270
118.88,5,08:50:15.195524695
118.88,1,08:50:15.195822226
118.88,8,08:50:15.195931211
118.88,4,08:50:15.195945262
118.88,1,08:50:15.196081527
118.88,1,08:50:15.196266363
118.88,3,08:50:15.196281125
118.88,1,08:50:15.196281125
118.88,1,08:50:15.196297729
118.88,2,08:50:15.196312718
118.88,4,08:50:15.196507831
118.88,3,08:50:15.196521656
118.88,1,08:50:15.196550958
118.88,4,08:50:15.196568122
118.88,1,08:50:15.196568122
118.88,1,08:50:15.215500268
118.88,2,08:50:15.215589696
118.88,1,08:50:15.215605741
118.88,1,08:50:15.215805500
118.88,2,08:50:15.279420692
118.88,1,08:50:17.302831852
118.88,1,08:50:17.303279235
118.88,2,08:50:17.303279235
118.89,1,08:50:17.977504479
118.89,1,08:50:17.977815867
118.89,1,08:50:17.977909889
118.89,1,08:50:17.978065185
118.89,3,08:50:20.446232907
118.89,2,08:50:20.446232907
118.89,1,08:50:20.446232907
118.89,1,08:50:20.446337301
118.89,1,08:50:20.446368721
118.89,2,08:50:20.446368721
118.89,6,08:50:20.446757896
118.89,3,08:50:20.446918536
118.9,1,08:50:21.798375360
118.9,1,08:50:21.798477081
118.9,8,08:50:21.798502521
118.9,2,08:50:21.798502521
118.9,1,08:50:21.898398080
118.9,2,08:50:21.898398080
118.9,2,08:50:21.973460502
118.9,1,08:50:21.973564054
118.9,1,08:50:22.317721487
118.9,1,08:50:22.895245684
118.89,1,08:50:28.510403795
118.89,1,08:50:28.510484268
118.89,1,08:50:28.510692809
118.89,6,08:50:28.510797465
118.89,1,08:50:28.510968348
118.89,3,08:50:28.510968348
118.89,1,08:50:28.746252735
118.89,1,08:50:28.746343566
118.89,1,08:50:30.655954342
118.89,1,08:50:30.655968249
118.89,1,08:50:30.656024291
118.89,1,08:50:33.377198158
118.89,2,08:50:34.641483556
118.89,3,08:50:34.641543488
118.9,1,08:50:38.057232183
118.9,6,08:50:38.057320630
118.9,3,08:50:38.057338288
118.9,1,08:50:38.057338288
118.9,1,08:50:38.106475158
118.9,1,08:50:38.159960062
118.9,3,08:50:38.159960062
118.9,1,08:50:43.173370137
118.9,3,08:50:43.173370137
118.9,2,08:50:43.173370137
118.9,1,08:50:43.184116654
118.9,2,08:50:43.184116654
118.9,2,08:50:43.283669434
118.9,3,08:50:44.384543210
118.91,1,08:50:45.739079596
118.91,2,08:50:45.739079596
118.91,1,08:50:45.739168128
118.91,1,08:50:46.190564520
118.91,1,08:50:47.538716695
118.92,1,08:50:50.114664291
118.92,1,08:50:50.114748060
118.92,1,08:50:50.114763350
118.92,1,08:50:51.085336968
118.92,2,08:50:51.085336968
118.93,1,08:50:51.447710877
118.93,1,08:50:51.447726083
118.93,1,08:50:51.447742221
118.93,1,08:50:51.447774784
118.93,2,08:50:51.447774784
118.93,2,08:50:51.447795108
118.93,2,08:50:51.458653817
118.94,1,08:50:51.487875686
118.94,17,08:50:51.487960986
118.94,6,08:50:51.487976388
118.94,2,08:50:51.487976388
118.94,1,08:50:51.488524968
118.94,4,08:50:51.488524968
118.94,2,08:50:51.488541276
118.94,2,08:50:51.488897391
118.94,4,08:50:53.003822882
118.94,11,08:50:53.004153304
118.94,10,08:50:53.004153304
118.94,2,08:50:53.015140717
118.94,1,08:50:53.015140717
118.94,1,08:50:53.015250945
118.94,1,08:50:53.015266474
118.94,1,08:50:53.015283931
118.94,10,08:50:53.015630448
118.94,2,08:50:53.015929175
118.94,2,08:50:53.016353159
118.94,1,08:50:53.017659599
118.94,1,08:50:53.017813451
118.94,2,08:50:53.020035683
118.94,1,08:50:53.020035683
118.94,1,08:50:53.288965786
118.94,2,08:50:53.288965786
118.94,17,08:50:53.288965786
118.94,3,08:50:54.048423725
118.94,4,08:50:54.778778379
118.94,2,08:50:54.778874171
118.94,2,08:50:54.778976286
118.94,3,08:50:54.779654499
118.94,1,08:50:54.779654499
118.94,1,08:50:54.779675216
118.94,10,08:50:54.779675216
118.94,1,08:50:54.790198777
118.94,2,08:50:54.790198777
118.94,1,08:50:54.897571069
118.94,1,08:50:55.332361873
118.94,1,08:50:55.332438990
118.94,1,08:50:55.332665949
118.94,3,08:50:55.333216023
118.94,1,08:50:55.333497946
118.94,2,08:50:55.333497946
118.94,1,08:50:55.334599907
118.94,4,08:50:56.245369263
118.95,4,08:50:57.834865158
118.95,5,08:50:57.834878697
118.95,2,08:50:57.834893007
118.95,2,08:50:57.834908176
118.95,1,08:50:57.834908176
118.95,4,08:50:57.835204361
118.95,1,08:50:57.835218748
118.95,8,08:50:57.835234393
118.95,2,08:50:57.835234393
118.95,2,08:50:57.835592149
118.95,2,08:50:58.818745744
118.95,1,08:50:58.818824460
118.95,1,08:50:58.992178113
118.95,2,08:50:59.943907325
118.95,4,08:50:59.944004941
118.95,4,08:50:59.944021866
118.95,2,08:50:59.944369475
118.95,2,08:50:59.944398183
118.95,2,08:50:59.944417664
118.95,2,08:50:59.944434582
118.95,3,08:50:59.944449059
118.95,1,08:50:59.944463770
118.95,1,08:50:59.944543600
118.95,1,08:50:59.945326847
118.95,1,08:50:59.956139319
118.95,1,08:50:59.970312132
118.95,1,08:50:59.970543107
118.95,2,08:50:59.970543107
118.95,1,08:50:59.982506362
118.95,2,08:50:59.982506362
118.96,2,08:51:00.067491126
118.96,25,08:51:00.067491126
118.96,1,08:51:00.093070143
118.96,1,08:51:00.093423446
118.96,1,08:51:00.093601739
118.96,3,08:51:00.093601739
118.96,1,08:51:00.093815407
118.96,1,08:51:00.094281285
118.96,2,08:51:00.094405240
118.96,1,08:51:00.094637392
118.96,1,08:51:00.094758660
118.96,1,08:51:00.094938942
118.96,2,08:51:00.095345489
118.96,1,08:51:00.095713284
118.96,1,08:51:00.484550351
118.96,2,08:51:00.484628376
118.96,1,08:51:00.484642610
118.96,27,08:51:00.983835259
118.96,1,08:51:00.983835259
118.96,1,08:51:00.984169159
118.96,1,08:51:00.984182673
118.96,1,08:51:00.984196734
118.96,1,08:51:00.984210439
118.96,1,08:51:00.984225352
118.96,1,08:51:00.984238510
118.95,4,08:51:00.984252030
118.95,1,08:51:00.984267079
118.95,3,08:51:00.984267079
118.95,2,08:51:00.984284312
118.95,4,08:51:00.984299317
118.95,1,08:51:00.984299317
118.95,10,08:51:00.984313755
118.95,13,08:51:00.984328167
118.95,7,08:51:00.984343230
118.96,1,08:51:01.031292236
118.95,4,08:51:01.312370494
118.95,11,08:51:01.312370494
118.95,1,08:51:01.312445759
118.95,1,08:51:01.312825439
118.95,1,08:51:01.313017093
118.95,2,08:51:01.313032347
118.95,4,08:51:01.313032347
118.95,7,08:51:01.313046392
118.95,4,08:51:01.313046392
118.95,1,08:51:01.313072849
118.95,7,08:51:01.313072849
118.95,1,08:51:01.313708709
118.95,1,08:51:01.314060326
118.95,1,08:51:01.314353207
118.95,1,08:51:02.012936793
118.95,1,08:51:02.012950617
118.96,1,08:51:03.973868715
118.96,3,08:51:03.973960104
118.96,1,08:51:03.973960104
118.95,1,08:51:05.489149221
118.95,1,08:51:05.489459748
118.96,3,08:51:07.037069422
118.96,1,08:51:07.037083822
118.96,1,08:51:07.037286785
118.96,1,08:51:07.037306078
118.96,2,08:51:07.037320714
118.96,1,08:51:07.037335489
118.96,2,08:51:07.037364417
118.96,4,08:51:07.037395470
118.96,11,08:51:07.037395470
118.95,1,08:51:08.067773784
118.95,3,08:51:08.234141242
118.95,4,08:51:08.234141242
118.95,1,08:51:08.234263043
118.95,2,08:51:08.234278249
118.95,1,08:51:08.234278249
118.95,2,08:51:08.234293587
118.96,1,08:51:10.086320941
118.96,1,08:51:10.156698320
118.96,1,08:51:10.156813824
118.96,2,08:51:10.156838762
118.96,1,08:51:10.156838762
118.96,5,08:51:10.179781250
118.96,2,08:51:10.179869296
118.96,2,08:51:10.179885309
118.96,1,08:51:10.593428397
118.96,1,08:51:12.013632134
118.97,1,08:51:13.250458433
118.97,2,08:51:13.250835696
118.97,1,08:51:13.693179578
118.97,1,08:51:13.967269511
118.97,1,08:51:14.268775030
118.97,1,08:51:14.568154282
118.96,3,08:51:16.475129265
118.96,1,08:51:16.475456419
118.96,3,08:51:16.475570912
118.96,1,08:51:16.476192698
118.96,8,08:51:16.476192698
118.96,3,08:51:16.476192698
118.96,1,08:51:16.476219623
118.96,1,08:51:16.487501100
118.96,1,08:51:16.508410650
118.96,1,08:51:16.509967839
118.96,1,08:51:16.567472063
118.96,4,08:51:16.567567223
118.96,1,08:51:16.567583860
118.96,2,08:51:16.567583860
118.97,1,08:51:17.011738286
118.97,1,08:51:17.280813432
118.97,1,08:51:17.547348794
118.97,1,08:51:17.593913602
118.97,1,08:51:17.835737791
118.97,1,08:51:18.129564823
118.97,1,08:51:18.386469801
118.97,1,08:51:18.681205693
118.97,1,08:51:18.932069025
118.96,1,08:51:19.056944789
118.97,1,08:51:19.191606889
118.97,1,08:51:19.619973599
118.97,3,08:51:19.636837092
118.97,1,08:51:19.636837092
118.97,1,08:51:19.648287565
118.97,1,08:51:19.648380560
118.97,3,08:51:19.648406762
118.97,1,08:51:19.648406762
118.97,1,08:51:20.061767103
118.97,1,08:51:20.061867049
118.97,3,08:51:20.061881756
118.97,1,08:51:20.061881756
118.97,2,08:51:20.061881756
118.97,1,08:51:20.061898770
118.97,1,08:51:20.062338450
118.96,1,08:51:22.013384958
118.96,1,08:51:22.013399006
118.97,1,08:51:22.057844949
118.97,1,08:51:22.568736847
118.98,1,08:51:26.013661750
118.98,1,08:51:26.306621660
118.98,1,08:51:26.601356176
118.98,1,08:51:26.865421268
118.98,1,08:51:27.126662488
118.98,1,08:51:27.402578105
118.98,1,08:51:27.690672727
118.98,3,08:51:27.711038569
118.98,1,08:51:27.711131884
118.98,1,08:51:27.711148780
118.98,4,08:51:27.736866355
118.98,3,08:51:27.737162380
118.98,1,08:51:27.737162380
118.99,1,08:51:27.986958297
118.99,1,08:51:28.262898419
118.99,1,08:51:28.519092487
118.99,1,08:51:28.814405735
118.99,1,08:51:28.900549465
118.99,1,08:51:29.100879994
118.99,1,08:51:29.382994177
118.99,1,08:51:29.679577134
118.99,3,08:51:29.965925086
118.99,2,08:51:30.672989640
118.99,1,08:51:30.672989640
118.99,1,08:51:30.673005944
118.98,1,08:51:42.013845425
118.99,1,08:51:46.809971858
118.99,1,08:51:51.490570619
118.98,1,08:51:52.014377856
118.98,1,08:51:54.005113522
118.98,1,08:51:54.005502555
118.98,3,08:51:54.005502555
118.98,6,08:51:54.005516088
118.98,1,08:51:54.005516088
118.98,1,08:51:54.005678738
118.98,5,08:51:54.005678738
118.98,2,08:51:54.005694964
118.98,1,08:51:54.005892763
118.98,1,08:51:54.006057013
118.98,6,08:51:54.006458965
118.98,10,08:51:54.007044084
118.98,1,08:51:54.007067824
118.98,1,08:51:54.007088356
118.98,1,08:51:54.007107773
118.98,3,08:51:54.007126727
118.98,1,08:51:54.007147514
118.98,1,08:51:54.007160976
118.98,1,08:51:54.007184868
118.98,13,08:51:54.007204839
118.98,1,08:51:54.007221866
118.98,1,08:51:54.007239479
118.98,1,08:51:54.007256797
118.98,1,08:51:54.007276765
118.98,1,08:51:54.007292436
118.98,1,08:51:54.007307079
118.98,1,08:51:54.007321719
118.98,1,08:51:54.007335779
118.98,1,08:51:54.007358842
118.98,1,08:51:54.007372871
118.98,1,08:51:54.007395433
118.98,1,08:51:54.007409222
118.98,2,08:51:54.007425378
118.98,1,08:51:54.007440441
118.98,1,08:51:54.035659910
118.98,1,08:51:54.042857995
118.98,1,08:51:54.044964940
118.97,2,08:51:54.090937039
118.97,5,08:51:54.090937039
118.97,2,08:51:54.091026076
118.97,1,08:51:54.091041334
118.97,2,08:51:54.091041334
118.97,12,08:51:54.091056576
118.97,1,08:51:54.091587164
118.97,12,08:51:54.091587164
118.97,1,08:51:54.091686172
118.97,1,08:51:54.091712169
118.97,2,08:51:54.091712169
118.97,1,08:51:54.092225679
118.97,1,08:51:54.143507800
118.97,2,08:51:55.377904115
118.97,3,08:51:55.378124410
118.97,1,08:51:55.378142250
118.97,2,08:51:55.378142250
118.97,3,08:51:55.378172048
118.97,1,08:51:55.378172048
118.97,2,08:51:55.378172048
118.97,26,08:51:55.378172048
118.97,1,08:51:55.831125906
118.97,1,08:51:58.013203142
118.97,1,08:51:59.523923582
118.97,1,08:51:59.544027165
118.97,2,08:52:00.901913937
118.97,1,08:52:00.901913937
118.97,1,08:52:00.902037108
118.97,1,08:52:00.902054296
118.97,3,08:52:00.902054296
118.97,1,08:52:01.235503382
118.97,1,08:52:01.235759600
118.97,1,08:52:01.235778873
118.97,1,08:52:01.235809367
118.97,8,08:52:01.235809367
118.97,11,08:52:01.235809367
118.97,3,08:52:01.235809367
118.97,2,08:52:01.235809367
118.97,6,08:52:01.235809367
118.97,2,08:52:01.236403881
118.97,3,08:52:02.012809719
118.97,1,08:52:03.461303834
118.97,1,08:52:05.241306072
118.97,2,08:52:05.241615794
118.97,5,08:52:05.931763126
118.97,1,08:52:05.931763126
118.97,1,08:52:05.993982743
118.97,1,08:52:11.564415158
118.97,1,08:52:12.012269939
118.97,1,08:52:12.658022566
118.97,1,08:52:12.658394798
118.97,1,08:52:12.658408638
118.97,1,08:52:12.658526638
118.97,1,08:52:12.671891705
118.97,1,08:52:12.672042828
118.97,1,08:52:12.672063616
118.97,4,08:52:12.672063616
118.97,9,08:52:12.672087308
118.97,1,08:52:12.672087308
118.97,1,08:52:20.307155053
118.97,6,08:52:20.307435132
118.97,2,08:52:20.307435132
118.97,1,08:52:20.307549639
118.97,1,08:52:20.307565760
118.97,7,08:52:20.307903980
118.97,1,08:52:20.307903980
118.97,1,08:52:20.307919702
118.96,1,08:52:22.014171388
118.96,1,08:52:22.731073808
118.96,1,08:52:22.731074815
118.96,1,08:52:22.731382576
118.96,1,08:52:22.731623769
118.96,1,08:52:22.731638389
118.96,13,08:52:22.731638389
118.96,1,08:52:22.731652374
118.96,1,08:52:22.731667430
118.96,7,08:52:22.731682280
118.96,2,08:52:22.731902223
118.96,1,08:52:22.732130337
118.96,11,08:52:22.732130337
118.96,4,08:52:22.732150345
118.96,3,08:52:22.768273756
118.95,1,08:52:24.776189144
118.96,20,08:52:24.946185020
118.96,2,08:52:24.946185020
118.96,1,08:52:24.946290378
118.96,1,08:52:24.946312074
118.96,10,08:52:24.946312074
118.96,2,08:52:24.966085529
118.96,1,08:52:24.966229624
118.96,1,08:52:24.966245621
118.96,4,08:52:24.966245621
118.96,1,08:52:24.966269100
118.96,2,08:52:24.966269100
118.96,18,08:52:24.966269100
118.96,3,08:52:24.966269100
118.96,5,08:52:25.019218630
118.95,1,08:52:26.685726884
118.95,2,08:52:26.685850374
118.95,1,08:52:26.685874704
118.95,5,08:52:26.685874704
118.95,3,08:52:26.685874704
118.95,1,08:52:26.686429388
118.95,3,08:52:26.686671983
118.95,1,08:52:26.686671983
118.95,1,08:52:26.686700419
118.95,3,08:52:26.686700419
118.95,1,08:52:26.686720064
118.95,1,08:52:26.687324652
118.95,1,08:52:26.687341711
118.95,1,08:52:26.687355084
118.95,1,08:52:26.687373311
118.95,1,08:52:26.687945434
118.95,1,08:52:26.688062609
118.95,1,08:52:26.688404187
118.95,2,08:52:26.688745317
118.95,1,08:52:26.688933674
118.96,2,08:52:28.735097752
118.96,2,08:52:28.735478414
118.96,2,08:52:28.735632990
118.96,1,08:52:28.735656545
118.96,2,08:52:28.735656545
118.96,2,08:52:28.746331808
118.96,1,08:52:28.757984650
118.96,2,08:52:28.757984650
118.96,2,08:52:28.772911984
118.96,1,08:52:28.828418299
118.96,9,08:52:28.828719670
118.96,6,08:52:28.849228738
118.96,2,08:52:28.849242798
118.96,2,08:52:28.849330824
118.96,1,08:52:28.849352827
118.96,2,08:52:28.969865994
118.96,1,08:52:28.969971178
118.96,7,08:52:28.970180582
118.96,1,08:52:28.982031994
118.96,1,08:52:28.982338420
118.96,1,08:52:29.156961370
118.96,10,08:52:33.067751373
118.96,1,08:52:33.174454878
118.96,1,08:52:33.174471172
118.96,1,08:52:33.174550602
118.96,1,08:52:34.002804075
118.96,1,08:52:34.003127706
118.96,2,08:52:34.003127706
118.96,1,08:52:34.003228753
118.96,2,08:52:34.003979028
118.95,4,08:52:38.903170796
118.95,1,08:52:38.903371560
118.95,2,08:52:38.903386091
118.95,1,08:52:38.903386091
118.95,1,08:52:38.903411010
118.95,2,08:52:38.903411010
118.95,9,08:52:38.903411010
118.95,12,08:52:38.903462571
118.95,2,08:52:38.904047186
118.95,4,08:52:38.904420324
118.95,1,08:52:38.904516414
118.95,1,08:52:38.904716581
118.95,1,08:52:38.974618539
118.95,1,08:52:39.176139990
118.95,2,08:52:39.176456290
118.95,2,08:52:39.176566501
118.95,2,08:52:39.176587819
118.95,5,08:52:39.176587819
118.95,1,08:52:40.321128500
118.95,2,08:52:41.369711243
118.95,1,08:52:41.369817153
118.95,3,08:52:41.369838410
118.95,1,08:52:41.369853245
118.95,1,08:52:41.370203201
118.95,3,08:52:41.370630841
118.95,1,08:52:41.370732290
118.95,2,08:52:41.510864000
118.95,2,08:52:41.510947220
118.94,1,08:52:41.795409943
118.94,2,08:52:41.795424086
118.94,6,08:52:41.795498470
118.94,1,08:52:41.795512944
118.95,1,08:52:43.057616981
118.95,1,08:52:43.058242652
118.95,2,08:52:43.058242652
118.95,2,08:52:43.893832346
118.95,2,08:52:48.557697765
118.95,1,08:52:48.557886628
118.95,1,08:52:48.557900827
118.95,4,08:52:48.557915566
118.95,6,08:52:48.557915566
118.95,1,08:52:48.557915566
118.95,1,08:52:48.557933742
118.95,1,08:52:48.669093082
118.95,2,08:52:48.669108495
118.95,13,08:52:48.669108495
118.95,4,08:52:48.669108495
118.95,1,08:52:48.669849363
118.95,2,08:52:48.670041861
118.95,1,08:52:48.670666030
118.95,2,08:52:48.670666030
118.95,1,08:52:49.015195182
118.95,2,08:52:49.015195182
118.96,1,08:52:51.535861131
118.95,1,08:52:52.013644124
118.96,1,08:52:53.862431286
118.96,2,08:52:53.862790591
118.96,1,08:52:53.862956358
118.96,3,08:52:53.862988108
118.96,1,08:52:53.862988108
118.96,15,08:52:53.862988108
118.96,2,08:52:53.862988108
118.97,1,08:52:55.157805508
118.97,1,08:52:55.158249657
118.97,1,08:52:58.038803266
118.97,4,08:52:58.039258693
118.97,6,08:52:58.039258693
118.97,1,08:52:58.039258693
118.97,9,08:52:58.039470674
118.97,3,08:52:58.039598913
118.97,8,08:52:58.039598913
118.97,7,08:52:58.039733543
118.97,1,08:52:58.039733543
118.97,8,08:52:58.039748506
118.97,5,08:52:58.039748506
118.97,1,08:52:58.040601908
118.97,4,08:52:58.040601908
118.97,2,08:52:58.040982337
118.97,1,08:52:58.040982337
118.98,1,08:52:58.091714930
118.97,2,08:52:58.350202183
118.97,1,08:52:58.350324263
118.97,3,08:52:58.350324263
118.97,1,08:52:58.350344282
118.97,8,08:52:58.350344282
118.97,1,08:52:58.478202244
118.97,1,08:53:00.080166286
118.97,1,08:53:00.080449758
118.97,4,08:53:00.080554855
118.97,4,08:53:00.080575396
118.97,1,08:53:00.080575396
118.97,2,08:53:00.080575396
118.98,1,08:53:01.225185602
118.97,1,08:53:01.343727338
118.97,8,08:53:01.343727338
118.97,1,08:53:01.343991563
118.97,8,08:53:01.344244967
118.97,3,08:53:01.344378758
118.97,1,08:53:01.344378758
118.97,2,08:53:01.344393046
118.97,4,08:53:02.455113706
118.97,1,08:53:02.455245671
118.97,3,08:53:02.455548618
118.97,4,08:53:02.455548618
118.97,1,08:53:02.455805981
118.97,3,08:53:02.455931834
118.97,2,08:53:02.456697504
118.97,1,08:53:02.460807780
118.98,2,08:53:02.617713091
118.98,1,08:53:02.617826616
118.98,1,08:53:02.617843929
118.98,2,08:53:02.617843929
118.98,1,08:53:02.617858520
118.98,2,08:53:07.009271152
118.98,1,08:53:07.009377533
